timestamp,exchange,bid,ask,bid_vol,ask_vol
2025-07-25T08:16:26.143836,bybit,0.2731,0.2733,3778.8,10262.3
2025-07-25T08:16:26.143919,bybit,0.2731,0.2733,3732.5,10308.6
2025-07-25T08:16:26.143946,bybit,0.2731,0.2733,3778.8,10429.3
2025-07-25T08:16:26.228439,bybit,0.0,0.2733,0.0,10383.0
2025-07-25T08:16:26.681401,bitget,0.273,0.2731,35937.0,13794.7
2025-07-25T08:16:26.684831,okx,0.2729,0.2731,718.636746,188.707258
2025-07-25T08:16:26.837482,bybit,0.0,0.2733,0.0,10475.6
2025-07-25T08:16:26.937613,bybit,0.0,0.2733,0.0,10383.0
2025-07-25T08:16:27.013695,huobi,0.272907,0.273685,97.2,97.2
2025-07-25T08:16:27.016208,huobi,0.272935,0.273657,97.2,97.2
2025-07-25T08:16:27.109511,huobi,0.272963,0.273629,97.2,97.2
2025-07-25T08:16:27.117173,bitget,0.273,0.2731,35937.0,13794.7
2025-07-25T08:16:27.237507,binance,0.273,0.273,0.0,0.0
2025-07-25T08:16:27.298499,bitget,0.273,0.2731,35937.0,13794.7
2025-07-25T08:16:27.317384,bingx,0.2728,0.273,146.07,1006.72
2025-07-25T08:16:27.320874,bingx,0.2729,0.2731,113.04,33.03
2025-07-25T08:16:27.425961,bitget,0.273,0.2731,35937.0,13794.7
2025-07-25T08:16:27.458651,mexc,0.2728,0.2729,4460328.0,4460328.0
2025-07-25T08:16:27.489770,okx,0.2729,0.2731,718.636746,26.707258
2025-07-25T08:16:27.561309,bitget,0.273,0.2731,35937.0,13490.4
2025-07-25T08:16:27.837437,bybit,0.0,0.2733,0.0,10672.3
2025-07-25T08:16:27.940988,bitmart,0.2726,0.2734,89930.0,83646.0
2025-07-25T08:16:27.978747,bingx,0.2729,0.2731,113.04,33.03
2025-07-25T08:16:28.011545,lbank,0.2729,0.2734,4086.24,17745.93
2025-07-25T08:16:28.014243,lbank,0.2729,0.2734,4086.24,17745.93
2025-07-25T08:16:28.014462,lbank,0.2729,0.2734,4086.24,17745.93
2025-07-25T08:16:28.166932,lbank,0.2729,0.2734,4086.24,17745.93
2025-07-25T08:16:28.237650,bybit,0.2731,0.2733,3686.2,10718.6
2025-07-25T08:16:28.438632,bybit,0.2731,0.2733,3778.8,10626.0
2025-07-25T08:16:28.453997,gateio,0.2729,0.2731,224.0,9711.0
2025-07-25T08:16:28.454131,gateio,0.2728,0.2731,220.0,9711.0
2025-07-25T08:16:28.454152,gateio,0.2729,0.2731,12.0,9711.0
2025-07-25T08:16:28.454471,gateio,0.2729,0.2731,236.0,9711.0
2025-07-25T08:16:28.594538,blofin,0.2727,0.2728,3965.0,2.0
2025-07-25T08:16:28.594728,blofin,0.2727,0.2728,3969.0,2.0
2025-07-25T08:16:28.596680,blofin,0.2727,0.2728,4379.0,2.0
2025-07-25T08:16:28.597125,blofin,0.2727,0.2728,4380.0,2.0
2025-07-25T08:16:28.665453,lbank,0.2729,0.2734,4086.24,17745.93
2025-07-25T08:16:28.837546,bybit,0.0,0.2733,0.0,10672.3
2025-07-25T08:16:28.878215,bingx,0.2729,0.2731,113.04,33.03
2025-07-25T08:16:28.937730,bybit,0.0,0.2733,0.0,10804.0
2025-07-25T08:16:28.963947,bitmart,0.2726,0.2734,45838.0,66796.0
2025-07-25T08:16:28.992625,mexc,0.2729,0.273,4460328.0,4460328.0
2025-07-25T08:16:29.037455,bybit,0.2732,0.2733,2568.2,6577.5
2025-07-25T08:16:29.072925,gateio,0.2729,0.2731,224.0,9711.0
2025-07-25T08:16:29.077711,blofin,0.2727,0.2728,3967.0,2.0
2025-07-25T08:16:29.114934,gateio,0.2729,0.2731,220.0,9711.0
2025-07-25T08:16:29.138120,bybit,0.0,0.2733,0.0,5852.5
2025-07-25T08:16:29.168501,lbank,0.2729,0.2734,4086.24,17745.93
2025-07-25T08:16:29.175459,gateio,0.2729,0.2731,12.0,9711.0
2025-07-25T08:16:29.215217,bitget,0.273,0.2731,38229.1,13490.4
2025-07-25T08:16:29.237266,binance,0.273,0.273,0.0,0.0
2025-07-25T08:16:29.274977,gateio,0.2729,0.2731,236.0,9711.0
2025-07-25T08:16:29.300603,okx,0.273,0.2731,162.0,26.707258
2025-07-25T08:16:29.310313,gateio,0.2729,0.2731,16.0,9711.0
2025-07-25T08:16:29.310695,huobi,0.272991,0.273628,97.2,4045.7014
2025-07-25T08:16:29.337479,bybit,0.0,0.2733,0.0,4852.5
2025-07-25T08:16:29.369057,bitget,0.273,0.2731,38229.1,5490.4
2025-07-25T08:16:29.414359,huobi,0.272991,0.273601,97.2,97.2
2025-07-25T08:16:29.427158,gateio,0.2729,0.2731,236.0,9711.0
2025-07-25T08:16:29.472722,gateio,0.2729,0.2731,224.0,9711.0
2025-07-25T08:16:29.514158,bitget,0.273,0.2731,38229.1,5490.4
2025-07-25T08:16:29.547119,gateio,0.2729,0.2731,220.0,9711.0
2025-07-25T08:16:29.551340,blofin,0.2727,0.2728,3967.0,2.0
2025-07-25T08:16:29.579556,gateio,0.2728,0.2731,220.0,9711.0
2025-07-25T08:16:29.667978,lbank,0.2729,0.2734,4086.24,17745.93
2025-07-25T08:16:29.701140,gateio,0.2729,0.2731,12.0,9711.0
2025-07-25T08:16:29.733502,gateio,0.2729,0.2731,236.0,9711.0
2025-07-25T08:16:29.737387,bybit,0.0,0.2733,0.0,5573.8
2025-07-25T08:16:29.786161,bingx,0.2729,0.2731,113.04,33.03
2025-07-25T08:16:29.911730,okx,0.273,0.2732,990.171868,184.413299
2025-07-25T08:16:29.914722,huobi,0.273019,0.273797,97.2,97.2
2025-07-25T08:16:29.938358,bybit,0.2732,0.2733,2831.8,1442.8
2025-07-25T08:16:29.941836,bitmart,0.2726,0.2734,45838.0,45510.0
2025-07-25T08:16:29.947036,gateio,0.2729,0.2731,16.0,9711.0
2025-07-25T08:16:29.970357,bitget,0.2731,0.2732,5490.4,28069.7
2025-07-25T08:16:30.019677,huobi,0.273019,0.273573,97.2,97.2
2025-07-25T08:16:30.037932,bybit,0.0,0.2733,0.0,79.9
2025-07-25T08:16:30.056810,blofin,0.2727,0.2728,4380.0,2.0
2025-07-25T08:16:30.057219,okx,0.273,0.2732,1510.171868,22.413299
2025-07-25T08:16:30.077921,gateio,0.2729,0.2731,224.0,9711.0
2025-07-25T08:16:30.085514,bingx,0.273,0.2732,62.19,146.07
2025-07-25T08:16:30.089376,gateio,0.273,0.2731,220.0,9711.0
2025-07-25T08:16:30.107140,gateio,0.273,0.2732,220.0,9929.0
2025-07-25T08:16:30.115389,bitget,0.2731,0.2732,18345.0,5791.0
2025-07-25T08:16:30.115718,huobi,0.273047,0.273545,97.2,97.2
2025-07-25T08:16:30.137155,bybit,0.0,0.2733,0.0,24.9
2025-07-25T08:16:30.165216,lbank,0.2729,0.2734,4086.24,17745.93
2025-07-25T08:16:30.237138,binance,0.2731,0.2731,0.0,0.0
2025-07-25T08:16:30.241195,gateio,0.2729,0.2732,220.0,9929.0
2025-07-25T08:16:30.262974,bitget,0.2731,0.2732,18345.0,5791.0
2025-07-25T08:16:30.276303,gateio,0.2729,0.2732,12.0,9929.0
2025-07-25T08:16:30.396957,gateio,0.2729,0.2732,236.0,9929.0
2025-07-25T08:16:30.415218,bitget,0.2731,0.2732,18345.0,5791.0
2025-07-25T08:16:30.475989,gateio,0.273,0.2732,220.0,9929.0
2025-07-25T08:16:30.513500,huobi,0.273321,0.273517,97.2,97.2
2025-07-25T08:16:30.530830,blofin,0.2727,0.2728,4391.0,2.0
2025-07-25T08:16:30.553887,okx,0.2731,0.2732,162.0,22.413299
2025-07-25T08:16:30.565650,bitget,0.2731,0.2732,18345.0,5490.4
2025-07-25T08:16:30.621475,huobi,0.273076,0.273517,4045.7014,97.2
2025-07-25T08:16:30.623110,gateio,0.2729,0.2732,220.0,9929.0
2025-07-25T08:16:30.638015,bybit,0.2732,0.0,3831.8,0.0
2025-07-25T08:16:30.664032,lbank,0.2729,0.2734,4086.24,17745.93
2025-07-25T08:16:30.675497,gateio,0.273,0.2732,4.0,9929.0
2025-07-25T08:16:30.712314,huobi,0.273103,0.273517,97.2,97.2
2025-07-25T08:16:30.715708,bitget,0.2731,0.2732,18494.5,5490.4
2025-07-25T08:16:30.783027,gateio,0.273,0.2732,235.0,9929.0
2025-07-25T08:16:30.818227,huobi,0.273103,0.273489,97.2,97.2
2025-07-25T08:16:30.908945,gateio,0.273,0.2732,16.0,9929.0
2025-07-25T08:16:30.912632,huobi,0.273131,0.273461,97.2,97.2
2025-07-25T08:16:30.937386,bybit,0.0,0.2733,0.0,1398.9
2025-07-25T08:16:30.980807,bitmart,0.2726,0.2734,45838.0,45510.0
2025-07-25T08:16:30.984412,bingx,0.273,0.2732,62.19,146.07
2025-07-25T08:16:31.014421,bitget,0.2731,0.2732,16202.4,13490.4
2025-07-25T08:16:31.020431,okx,0.273,0.2732,1509.527774,184.413299
2025-07-25T08:16:31.063634,blofin,0.2728,0.273,3586.0,7202.0
2025-07-25T08:16:31.166388,lbank,0.2732,0.2736,215.16,6024.12
2025-07-25T08:16:31.168490,bitget,0.2731,0.2732,16202.4,13490.4
2025-07-25T08:16:31.174154,gateio,0.273,0.2732,235.0,9929.0
2025-07-25T08:16:31.237288,binance,0.2731,0.2731,0.0,0.0
2025-07-25T08:16:31.311116,huobi,0.273019,0.273433,97.2,97.2
2025-07-25T08:16:31.316526,bitget,0.2731,0.2732,16202.4,13490.4
2025-07-25T08:16:31.338308,bybit,0.2732,0.0,3785.5,0.0
2025-07-25T08:16:31.346652,gateio,0.273,0.2732,16.0,9929.0
2025-07-25T08:16:31.392486,mexc,0.2729,0.273,4460328.0,4460328.0
2025-07-25T08:16:31.410244,huobi,0.273159,0.273433,97.2,97.2
2025-07-25T08:16:31.437916,bybit,0.2732,0.0,3831.8,0.0
2025-07-25T08:16:31.443596,okx,0.273,0.2732,1290.171868,184.413299
2025-07-25T08:16:31.466922,bitget,0.2731,0.2732,16202.4,13490.4
2025-07-25T08:16:31.538702,bybit,0.0,0.0,0.0,0.0
2025-07-25T08:16:31.544141,blofin,0.2728,0.273,3173.0,8320.0
2025-07-25T08:16:31.613381,bitget,0.2731,0.2732,18494.5,13490.4
2025-07-25T08:16:31.709883,huobi,0.273159,0.273909,97.2,97.2
2025-07-25T08:16:31.770812,bitget,0.2731,0.2732,18494.5,13490.4
2025-07-25T08:16:31.791210,okx,0.273,0.2732,1510.171868,184.413299
2025-07-25T08:16:31.813901,gateio,0.273,0.2731,16.0,219.0
2025-07-25T08:16:31.837685,bybit,0.2732,0.0,3739.2,0.0
2025-07-25T08:16:31.886542,bingx,0.273,0.2732,62.19,146.07
2025-07-25T08:16:31.916567,huobi,0.273159,0.273881,97.2,97.2
2025-07-25T08:16:31.919911,bitget,0.2731,0.2732,18494.5,13490.4
2025-07-25T08:16:31.928747,bitmart,0.2726,0.2734,66659.0,82811.0
2025-07-25T08:16:31.937897,bybit,0.2732,0.0,2739.2,0.0
2025-07-25T08:16:32.004897,okx,0.273,0.2732,1210.171868,484.413299
2025-07-25T08:16:32.037504,bybit,0.0,0.2733,0.0,1588.9
2025-07-25T08:16:32.065345,bitget,0.2731,0.2732,15898.1,16086.8
2025-07-25T08:16:32.074633,blofin,0.2728,0.273,3173.0,8320.0
2025-07-25T08:16:32.140018,bybit,0.2732,0.0,2739.1,0.0
2025-07-25T08:16:32.237509,binance,0.2731,0.2731,0.0,0.0
2025-07-25T08:16:32.338473,bybit,0.0,0.2733,0.0,1493.9
2025-07-25T08:16:32.438041,bybit,0.0,0.2733,0.0,1398.9
2025-07-25T08:16:32.523736,bitget,0.2731,0.2732,7407.7,16086.8
2025-07-25T08:16:32.538381,bybit,0.0,0.2733,0.0,2491.5
2025-07-25T08:16:32.552132,blofin,0.2728,0.273,3172.0,8320.0
2025-07-25T08:16:32.603905,okx,0.273,0.2732,828.171868,1390.628273
2025-07-25T08:16:32.637860,bybit,0.0,0.2733,0.0,2540.2
2025-07-25T08:16:32.663439,lbank,0.2732,0.2736,215.16,6024.12
2025-07-25T08:16:32.668901,bitget,0.2731,0.2732,149.5,16086.8
2025-07-25T08:16:32.700717,okx,0.273,0.2731,36.623328,162.0
2025-07-25T08:16:32.738034,bybit,0.0,0.2733,0.0,2491.5
2025-07-25T08:16:32.788038,bingx,0.273,0.2732,62.19,146.07
2025-07-25T08:16:32.837277,bybit,0.0,0.2733,0.0,2586.5
2025-07-25T08:16:32.951089,bitmart,0.2726,0.2734,45838.0,85403.0
2025-07-25T08:16:33.038164,bybit,0.2732,0.2733,2568.1,2757.5
2025-07-25T08:16:33.066368,blofin,0.2728,0.273,3.0,8158.0
2025-07-25T08:16:33.113869,huobi,0.272963,0.273853,97.2,97.2
2025-07-25T08:16:33.118431,bitget,0.273,0.2732,70075.1,29678.4
2025-07-25T08:16:33.168641,lbank,0.2732,0.2736,215.16,6024.12
2025-07-25T08:16:33.173559,gateio,0.2729,0.2731,23.0,219.0
2025-07-25T08:16:33.198669,okx,0.2729,0.2731,1209.541192,191.05607
2025-07-25T08:16:33.216579,huobi,0.272991,0.273853,97.2,97.2
2025-07-25T08:16:33.237488,bybit,0.0,0.2733,0.0,3482.5
2025-07-25T08:16:33.237666,binance,0.2731,0.2731,0.0,0.0
2025-07-25T08:16:33.268188,bitget,0.273,0.2731,19158.9,8304.3
2025-07-25T08:16:33.315658,huobi,0.273019,0.273825,97.2,97.2
2025-07-25T08:16:33.337873,bybit,0.0,0.2733,0.0,3493.2
2025-07-25T08:16:33.417702,bitget,0.273,0.2731,20581.8,10531.3
2025-07-25T08:16:33.440408,bybit,0.2731,0.2732,284.7,2420.3
2025-07-25T08:16:33.475286,gateio,0.2729,0.2731,23.0,946.0
2025-07-25T08:16:33.493387,gateio,0.2729,0.273,23.0,219.0
2025-07-25T08:16:33.514611,huobi,0.272991,0.273824,97.2,4045.7014
2025-07-25T08:16:33.537898,bybit,0.0,0.2732,0.0,2466.6
2025-07-25T08:16:33.541033,blofin,0.2728,0.273,3536.0,8726.0
2025-07-25T08:16:33.572624,bitget,0.273,0.2731,19158.9,10531.3
2025-07-25T08:16:33.593160,okx,0.2729,0.2731,1047.541192,191.05607
2025-07-25T08:16:33.614343,huobi,0.272963,0.273797,97.2,97.2
2025-07-25T08:16:33.639223,bybit,0.0,0.2732,0.0,2561.6
2025-07-25T08:16:33.668203,lbank,0.2729,0.2734,1078.2,14946.09
2025-07-25T08:16:33.694075,bingx,0.273,0.2732,62.19,146.07
2025-07-25T08:16:33.722370,bitget,0.273,0.2731,3593.7,10531.3
2025-07-25T08:16:33.725061,gateio,0.2729,0.273,23.0,9929.0
2025-07-25T08:16:33.738289,bybit,0.0,0.2732,0.0,2466.6
2025-07-25T08:16:33.791530,mexc,0.2729,0.273,4460328.0,4460328.0
2025-07-25T08:16:33.858268,huobi,0.272823,0.273769,97.2,97.2
2025-07-25T08:16:33.865451,bitget,0.273,0.2731,3593.7,10531.3
2025-07-25T08:16:33.909576,bitmart,0.2726,0.2734,45838.0,45510.0
2025-07-25T08:16:33.990991,okx,0.2729,0.2731,1047.541192,491.05607
2025-07-25T08:16:34.012685,huobi,0.272851,0.273741,97.2,97.2
2025-07-25T08:16:34.048003,blofin,0.2728,0.273,3536.0,8726.0
2025-07-25T08:16:34.137898,bybit,0.0,0.2732,0.0,2420.3
2025-07-25T08:16:34.163747,lbank,0.2729,0.2734,1078.2,14946.09
2025-07-25T08:16:34.203138,gateio,0.2729,0.273,16.0,9929.0
2025-07-25T08:16:34.234550,binance,0.2731,0.2731,0.0,0.0
2025-07-25T08:16:34.237267,bybit,0.0,0.2732,0.0,2466.6
2025-07-25T08:16:34.437453,bybit,0.0,0.2732,0.0,2374.0
2025-07-25T08:16:34.538036,bybit,0.2731,0.0,2705.0,0.0
2025-07-25T08:16:34.553453,blofin,0.2727,0.2729,9.0,1522.0
2025-07-25T08:16:34.563359,gateio,0.2729,0.273,16.0,9710.0
2025-07-25T08:16:34.598322,bingx,0.273,0.2732,62.19,146.07
2025-07-25T08:16:34.604157,okx,0.2729,0.2731,1807.2079,29.05607
2025-07-25T08:16:34.618669,bitget,0.273,0.2731,293.6,8304.3
2025-07-25T08:16:34.637563,bybit,0.2731,0.2733,2751.3,8009.8
2025-07-25T08:16:34.664143,lbank,0.2729,0.2734,1078.2,14946.09
2025-07-25T08:16:34.683027,gateio,0.2729,0.2731,16.0,946.0
2025-07-25T08:16:34.717363,huobi,0.272879,0.273713,97.2,97.2
2025-07-25T08:16:34.765179,bitget,0.273,0.2731,12995.5,8000.0
2025-07-25T08:16:34.899621,bitmart,0.2726,0.2734,45838.0,87201.0
2025-07-25T08:16:34.904861,gateio,0.2729,0.2731,16.0,9929.0
2025-07-25T08:16:34.920036,bitget,0.273,0.2731,15551.8,8293.6
2025-07-25T08:16:35.011039,huobi,0.272907,0.273712,97.2,4045.7014
2025-07-25T08:16:35.067049,bitget,0.273,0.2731,15551.8,8293.6
2025-07-25T08:16:35.067313,blofin,0.2727,0.2729,1727.0,2072.0
2025-07-25T08:16:35.078809,gateio,0.2729,0.2731,235.0,9929.0
2025-07-25T08:16:35.111607,huobi,0.272907,0.273685,97.2,97.2
2025-07-25T08:16:35.166342,lbank,0.273,0.2734,194.52,14946.09
2025-07-25T08:16:35.237197,bitget,0.273,0.2731,17778.8,8000.0
2025-07-25T08:16:35.237436,binance,0.2731,0.2731,0.0,0.0
2025-07-25T08:16:35.469964,okx,0.2729,0.2731,1047.541192,29.05607
2025-07-25T08:16:35.500591,bingx,0.273,0.2732,62.19,146.07
2025-07-25T08:16:35.518929,bitget,0.273,0.2731,15551.8,8000.0
2025-07-25T08:16:35.533979,blofin,0.2727,0.273,1727.0,8121.0
2025-07-25T08:16:35.576043,gateio,0.2729,0.2731,231.0,9929.0
2025-07-25T08:16:35.599973,okx,0.273,0.2731,162.0,29.05607
2025-07-25T08:16:35.637958,bybit,0.2732,0.2733,2466.6,1635.6
2025-07-25T08:16:35.665525,lbank,0.273,0.2735,194.52,16864.65
2025-07-25T08:16:35.669600,bitget,0.273,0.2732,36515.9,61744.4
2025-07-25T08:16:35.689064,gateio,0.2728,0.2731,220.0,9929.0
2025-07-25T08:16:35.814181,huobi,0.272935,0.273657,97.2,97.2
2025-07-25T08:16:35.815702,bitget,0.2731,0.2732,8000.0,51009.2
2025-07-25T08:16:35.839334,gateio,0.2729,0.2731,235.0,9929.0
2025-07-25T08:16:35.871257,bitmart,0.2726,0.2734,91329.0,70088.0
2025-07-25T08:16:35.872982,gateio,0.2729,0.2731,231.0,9929.0
2025-07-25T08:16:35.913969,gateio,0.2729,0.2731,219.0,9710.0
2025-07-25T08:16:35.938042,bybit,0.0,0.2733,0.0,90.6
2025-07-25T08:16:35.974008,bitget,0.2731,0.2732,8000.0,44752.8
2025-07-25T08:16:35.988393,okx,0.273,0.2731,462.0,29.05607
2025-07-25T08:16:35.991218,gateio,0.2728,0.2731,220.0,9710.0
2025-07-25T08:16:36.060453,blofin,0.2727,0.273,5542.0,10982.0
2025-07-25T08:16:36.076949,gateio,0.2729,0.2731,12.0,9710.0
2025-07-25T08:16:36.098204,okx,0.273,0.2732,498.623328,22.413299
2025-07-25T08:16:36.119203,bitget,0.2731,0.2732,17778.8,24541.1
2025-07-25T08:16:36.141249,gateio,0.2729,0.2731,235.0,9710.0
2025-07-25T08:16:36.199569,gateio,0.2729,0.2731,16.0,9710.0
2025-07-25T08:16:36.204487,lbank,0.273,0.2735,194.52,25683.44
2025-07-25T08:16:36.207699,mexc,0.273,0.2731,4460328.0,4460328.0
2025-07-25T08:16:36.237862,binance,0.2731,0.2731,0.0,0.0
2025-07-25T08:16:36.267008,bitget,0.2731,0.2732,17778.8,13490.4
2025-07-25T08:16:36.291133,gateio,0.2729,0.2731,235.0,9710.0
2025-07-25T08:16:36.313990,huobi,0.272963,0.273629,97.2,97.2
2025-07-25T08:16:36.404548,bingx,0.273,0.2732,62.19,146.07
2025-07-25T08:16:36.417003,gateio,0.2729,0.2732,16.0,217.0
2025-07-25T08:16:36.418352,bitget,0.2731,0.2732,17778.8,13490.4
2025-07-25T08:16:36.443166,gateio,0.2729,0.2732,235.0,9926.0
2025-07-25T08:16:36.537365,bybit,0.0,0.2733,0.0,35.6
2025-07-25T08:16:36.544372,blofin,0.2727,0.273,5542.0,10982.0
2025-07-25T08:16:36.572684,bitget,0.2731,0.2732,37989.3,13490.4
2025-07-25T08:16:36.618922,gateio,0.2729,0.2732,16.0,9926.0
2025-07-25T08:16:36.666688,lbank,0.273,0.2735,194.52,16864.65
2025-07-25T08:16:36.714092,huobi,0.272991,0.273601,97.2,97.2
2025-07-25T08:16:36.721762,bitget,0.2731,0.2732,41788.2,5490.4
2025-07-25T08:16:36.747131,gateio,0.273,0.2732,219.0,9926.0
2025-07-25T08:16:36.788528,okx,0.273,0.2732,1509.527774,22.413299
2025-07-25T08:16:36.870141,bitget,0.2731,0.2732,41788.2,5490.4
2025-07-25T08:16:36.893324,okx,0.2731,0.2732,162.0,22.413299
2025-07-25T08:16:36.957569,bitmart,0.2726,0.2734,78241.0,45510.0
2025-07-25T08:16:37.021079,bitget,0.2731,0.2732,41788.2,5490.4
2025-07-25T08:16:37.060305,blofin,0.2727,0.273,6542.0,7241.0
2025-07-25T08:16:37.168996,lbank,0.273,0.2735,194.52,16864.65
2025-07-25T08:16:37.175008,bitget,0.2731,0.2732,41788.2,5490.4
2025-07-25T08:16:37.237685,binance,0.2731,0.2731,0.0,0.0
2025-07-25T08:16:37.310885,bingx,0.273,0.2732,62.19,146.07
2025-07-25T08:16:37.337306,bybit,0.2732,0.0,2637.0,0.0
2025-07-25T08:16:37.338664,gateio,0.273,0.2732,219.0,9709.0
2025-07-25T08:16:37.344888,lbank,0.273,0.2733,194.52,103.32
2025-07-25T08:16:37.420524,huobi,0.273019,0.273909,97.2,97.2
2025-07-25T08:16:37.469129,bitget,0.2732,0.2733,12748.6,27275.7
2025-07-25T08:16:37.485539,okx,0.2731,0.2733,418.60992,198.623328
2025-07-25T08:16:37.544278,blofin,0.2728,0.273,8373.0,7240.0
2025-07-25T08:16:37.610746,bingx,0.2731,0.2733,62.19,146.07
2025-07-25T08:16:37.615653,huobi,0.273047,0.273909,97.2,97.2
2025-07-25T08:16:37.620220,bitget,0.2732,0.2733,18445.3,5797.0
2025-07-25T08:16:37.666754,lbank,0.273,0.2735,194.52,16864.65
2025-07-25T08:16:37.711228,huobi,0.273047,0.273881,97.2,97.2
2025-07-25T08:16:37.768255,bitget,0.2732,0.2733,8784.0,5797.0
2025-07-25T08:16:37.902589,bitmart,0.2728,0.2736,33693.0,45575.0
2025-07-25T08:16:37.921344,bitget,0.2732,0.2733,11187.1,13797.0
2025-07-25T08:16:37.965779,okx,0.2731,0.2733,718.60992,198.623328
2025-07-25T08:16:38.064277,blofin,0.2728,0.273,8373.0,7240.0
2025-07-25T08:16:38.164474,lbank,0.273,0.2735,194.52,16864.65
2025-07-25T08:16:38.220481,bitget,0.2732,0.2733,8784.0,13797.0
2025-07-25T08:16:38.234481,binance,0.2732,0.2732,0.0,0.0
2025-07-25T08:16:38.369893,bitget,0.2732,0.2733,11187.1,13490.4
2025-07-25T08:16:38.413438,huobi,0.273075,0.273853,97.2,97.2
2025-07-25T08:16:38.511569,bingx,0.2731,0.2733,62.19,146.07
2025-07-25T08:16:38.538671,bybit,0.2733,0.2734,2948.6,75.2
2025-07-25T08:16:38.563411,blofin,0.2728,0.273,3676.0,7205.0
2025-07-25T08:16:38.577507,mexc,0.273,0.2731,4460328.0,4460328.0
2025-07-25T08:16:38.611458,huobi,0.273103,0.273909,97.2,97.2
2025-07-25T08:16:38.637985,bybit,0.0,0.2734,0.0,20.2
2025-07-25T08:16:38.642957,gateio,0.273,0.2733,219.0,217.0
2025-07-25T08:16:38.668882,bitget,0.2732,0.2734,23889.0,73804.8
2025-07-25T08:16:38.670634,gateio,0.273,0.2733,219.0,9708.0
2025-07-25T08:16:38.690668,gateio,0.2731,0.2733,235.0,9708.0
2025-07-25T08:16:38.691988,okx,0.2732,0.2734,418.60322,2147.513884
2025-07-25T08:16:38.782914,gateio,0.2731,0.2733,219.0,9708.0
2025-07-25T08:16:38.791272,okx,0.2732,0.2734,418.60322,1285.160057
2025-07-25T08:16:38.809868,huobi,0.273104,0.273908,4045.7014,4045.7014
2025-07-25T08:16:38.820523,bitget,0.2732,0.2734,41100.1,52328.4
2025-07-25T08:16:38.845990,gateio,0.273,0.2733,219.0,9708.0
2025-07-25T08:16:38.873239,gateio,0.2731,0.2733,12.0,9708.0
2025-07-25T08:16:38.911967,huobi,0.273131,0.273881,97.2,97.2
2025-07-25T08:16:38.955542,bitmart,0.2728,0.2736,38829.0,45575.0
2025-07-25T08:16:38.966883,gateio,0.2731,0.2733,16.0,9708.0
2025-07-25T08:16:38.968377,bitget,0.2732,0.2734,47006.8,45367.5
2025-07-25T08:16:39.010893,huobi,0.273131,0.273853,97.2,97.2
2025-07-25T08:16:39.043543,blofin,0.2728,0.273,3859.0,7206.0
2025-07-25T08:16:39.114314,bingx,0.2731,0.2733,62.19,146.07
2025-07-25T08:16:39.120032,bitget,0.2732,0.2734,47006.8,45367.5
2025-07-25T08:16:39.150873,gateio,0.2731,0.2733,235.0,9708.0
2025-07-25T08:16:39.211913,huobi,0.273159,0.273825,97.2,97.2
2025-07-25T08:16:39.236914,binance,0.2732,0.2732,0.0,0.0
2025-07-25T08:16:39.272274,bitget,0.2732,0.2734,47006.8,45367.5
2025-07-25T08:16:39.337772,bybit,0.2733,0.2734,2856.0,1384.8
2025-07-25T08:16:39.359112,okx,0.2732,0.2734,36.60322,2486.153797
2025-07-25T08:16:39.419760,bitget,0.2732,0.2733,42774.0,293.6
2025-07-25T08:16:39.459450,okx,0.2732,0.2733,36.60322,162.0
2025-07-25T08:16:39.537223,bybit,0.2733,0.0,2948.6,0.0
2025-07-25T08:16:39.558226,blofin,0.2729,0.273,3858.0,7205.0
2025-07-25T08:16:39.573759,bitget,0.2732,0.2733,25977.8,9390.6
2025-07-25T08:16:39.673510,gateio,0.2731,0.2733,223.0,9708.0
2025-07-25T08:16:39.696940,gateio,0.2731,0.2733,219.0,9708.0
2025-07-25T08:16:39.720506,bitget,0.2732,0.2733,25977.8,1390.6
2025-07-25T08:16:39.803488,gateio,0.273,0.2733,219.0,9708.0
2025-07-25T08:16:39.847207,gateio,0.273,0.2732,219.0,219.0
2025-07-25T08:16:39.875295,bitget,0.2732,0.2733,25977.8,9390.6
2025-07-25T08:16:39.985933,bitmart,0.2728,0.2736,60081.0,45575.0
2025-07-25T08:16:40.014810,bingx,0.2731,0.2733,62.19,146.07
2025-07-25T08:16:40.024692,bitget,0.2732,0.2733,24337.8,9390.6
2025-07-25T08:16:40.037979,bybit,0.2733,0.0,2856.0,0.0
2025-07-25T08:16:40.057283,blofin,0.2729,0.273,3328.0,7202.0
2025-07-25T08:16:40.112620,huobi,0.273187,0.273797,97.2,97.2
2025-07-25T08:16:40.171205,bitget,0.2732,0.2733,18790.3,9684.2
2025-07-25T08:16:40.195380,okx,0.2731,0.2733,1209.514366,191.273812
2025-07-25T08:16:40.235346,binance,0.2732,0.2732,0.0,0.0
2025-07-25T08:16:40.295110,gateio,0.273,0.2733,219.0,9708.0
2025-07-25T08:16:40.323593,bitget,0.2732,0.2733,19547.7,9684.2
2025-07-25T08:16:40.338968,bybit,0.2733,0.0,2948.6,0.0
2025-07-25T08:16:40.372908,gateio,0.2731,0.2733,4.0,9708.0
2025-07-25T08:16:40.386401,lbank,0.2732,0.2737,3729.48,11051.97
2025-07-25T08:16:40.412106,huobi,0.273215,0.273769,97.2,97.2
2025-07-25T08:16:40.459987,okx,0.2732,0.2733,36.60322,191.273812
2025-07-25T08:16:40.470166,bitget,0.2732,0.2733,19547.7,9390.6
2025-07-25T08:16:40.472752,gateio,0.2731,0.2733,223.0,9708.0
2025-07-25T08:16:40.530687,gateio,0.273,0.2733,219.0,9708.0
2025-07-25T08:16:40.538032,bybit,0.0,0.0,0.0,0.0
2025-07-25T08:16:40.540894,blofin,0.2729,0.273,3328.0,7202.0
2025-07-25T08:16:40.565926,okx,0.2732,0.2733,36.60322,29.273812
2025-07-25T08:16:40.572808,gateio,0.2731,0.2733,12.0,9708.0
2025-07-25T08:16:40.622240,bitget,0.2732,0.2734,37966.2,62948.0
2025-07-25T08:16:40.638184,bybit,0.2733,0.0,2902.3,0.0
2025-07-25T08:16:40.660032,lbank,0.2732,0.2737,3729.48,11051.97
2025-07-25T08:16:40.732977,gateio,0.2731,0.2733,16.0,9708.0
2025-07-25T08:16:40.738418,bybit,0.2733,0.0,2948.6,0.0
2025-07-25T08:16:40.769827,bitget,0.2732,0.2733,37966.2,8000.0
2025-07-25T08:16:40.833594,gateio,0.2731,0.2733,230.0,9708.0
2025-07-25T08:16:40.870109,gateio,0.2731,0.2732,16.0,214.0
2025-07-25T08:16:40.907086,okx,0.2732,0.2733,36.60322,488.556776
2025-07-25T08:16:40.914163,huobi,0.273243,0.273741,97.2,97.2
2025-07-25T08:16:40.918639,bingx,0.2731,0.2733,62.19,146.07
2025-07-25T08:16:40.920978,bitget,0.2732,0.2733,26086.8,8000.0
2025-07-25T08:16:40.940063,mexc,0.2732,0.2733,4460328.0,4460328.0
2025-07-25T08:16:40.941848,bybit,0.2733,0.0,1856.0,0.0
2025-07-25T08:16:40.954244,bitmart,0.2728,0.2736,44357.0,45575.0
2025-07-25T08:16:41.009955,huobi,0.273215,0.273741,97.2,97.2
2025-07-25T08:16:41.037525,bybit,0.2733,0.0,1902.3,0.0
2025-07-25T08:16:41.053264,blofin,0.2729,0.2731,3330.0,82.0
2025-07-25T08:16:41.069313,bitget,0.2732,0.2733,19547.7,8293.6
2025-07-25T08:16:41.111098,huobi,0.273243,0.273713,97.2,97.2
2025-07-25T08:16:41.138410,bybit,0.2733,0.0,1856.0,0.0
2025-07-25T08:16:41.214691,huobi,0.273271,0.273713,97.2,97.2
2025-07-25T08:16:41.237208,binance,0.2732,0.2732,0.0,0.0
2025-07-25T08:16:41.316088,huobi,0.273019,0.273685,97.2,97.2
2025-07-25T08:16:41.371234,bitget,0.2732,0.2733,19547.7,10696.7
2025-07-25T08:16:41.437565,bybit,0.0,0.2734,0.0,2391.7
2025-07-25T08:16:41.522122,bitget,0.2732,0.2733,19547.7,10696.7
2025-07-25T08:16:41.553752,blofin,0.2729,0.2731,3717.0,1991.0
2025-07-25T08:16:41.668295,lbank,0.2732,0.2737,3729.48,11051.97
2025-07-25T08:16:41.669192,bitget,0.2732,0.2733,19547.7,8293.6
2025-07-25T08:16:41.821034,bingx,0.2731,0.2733,62.19,146.07
2025-07-25T08:16:41.824583,bitget,0.2732,0.2733,18790.3,8293.6
2025-07-25T08:16:41.945072,bitmart,0.2728,0.2736,44357.0,45575.0
2025-07-25T08:16:42.037656,bybit,0.2733,0.2734,2948.6,1196.8
2025-07-25T08:16:42.061526,blofin,0.2729,0.2731,2837.0,1141.0
2025-07-25T08:16:42.105028,gateio,0.2731,0.2733,16.0,9708.0
2025-07-25T08:16:42.120448,bitget,0.2732,0.2733,18790.3,8000.0
2025-07-25T08:16:42.138304,bybit,0.0,0.0,0.0,0.0
2025-07-25T08:16:42.154817,okx,0.2732,0.2733,36.60322,188.556776
2025-07-25T08:16:42.163591,lbank,0.2732,0.2737,3729.48,11051.97
2025-07-25T08:16:42.272178,bitget,0.2732,0.2733,18790.3,8000.0
2025-07-25T08:16:42.337707,bybit,0.0,0.2734,0.0,1117.2
2025-07-25T08:16:42.428338,bitget,0.2732,0.2733,18790.3,8000.0
2025-07-25T08:16:42.552978,blofin,0.2729,0.2731,2837.0,1141.0
2025-07-25T08:16:42.569930,bitget,0.2732,0.2733,18790.3,8000.0
2025-07-25T08:16:42.613330,huobi,0.27302,0.273657,4083.2032,97.2
2025-07-25T08:16:42.638254,bybit,0.0,0.2734,0.0,1011.7
2025-07-25T08:16:42.661210,gateio,0.2731,0.2733,230.0,9708.0
2025-07-25T08:16:42.667182,lbank,0.2732,0.2737,3729.48,11051.97
2025-07-25T08:16:42.721027,huobi,0.273047,0.273657,97.2,97.2
2025-07-25T08:16:42.726987,bingx,0.2731,0.2733,62.19,146.07
2025-07-25T08:16:42.738190,bybit,0.2733,0.2734,2971.1,884.4
2025-07-25T08:16:42.911283,huobi,0.273048,0.273656,4045.7014,4045.7014
2025-07-25T08:16:42.953327,bitmart,0.2728,0.2736,44357.0,86635.0
2025-07-25T08:16:43.011181,huobi,0.273075,0.273629,97.2,97.2
2025-07-25T08:16:43.020318,bitget,0.2732,0.2733,18790.3,8293.6
2025-07-25T08:16:43.035763,bingx,0.2731,0.2733,62.19,146.07
2025-07-25T08:16:43.059295,blofin,0.2729,0.2731,3406.0,80.0
2025-07-25T08:16:43.326578,mexc,0.2732,0.2733,4460328.0,4460328.0
2025-07-25T08:16:43.537068,bybit,0.0,0.2734,0.0,6.9
2025-07-25T08:16:43.550918,blofin,0.2729,0.2731,3406.0,80.0
2025-07-25T08:16:43.573186,gateio,0.2731,0.2733,226.0,9708.0
2025-07-25T08:16:43.622730,bitget,0.2732,0.2733,18790.3,8293.6
2025-07-25T08:16:43.701708,okx,0.2732,0.2733,36.60322,26.556776
2025-07-25T08:16:43.707036,gateio,0.273,0.2733,219.0,9708.0
2025-07-25T08:16:43.712220,huobi,0.273103,0.273601,97.2,97.2
2025-07-25T08:16:43.771937,bitget,0.2732,0.2734,33397.9,66067.9
2025-07-25T08:16:43.774545,gateio,0.2731,0.2733,12.0,9708.0
2025-07-25T08:16:43.921716,bitget,0.2732,0.2734,33397.9,44520.9
2025-07-25T08:16:43.924834,bitmart,0.2728,0.2736,44357.0,86708.0
2025-07-25T08:16:43.927324,bingx,0.2731,0.2733,62.19,146.07
2025-07-25T08:16:44.037354,bybit,0.0,0.2734,0.0,1371.5
2025-07-25T08:16:44.052659,gateio,0.2731,0.2733,16.0,9708.0
2025-07-25T08:16:44.055860,blofin,0.2729,0.2731,2838.0,80.0
2025-07-25T08:16:44.073598,bitget,0.2732,0.2734,33397.9,51674.4
2025-07-25T08:16:44.167067,lbank,0.2732,0.2737,3729.48,11051.97
2025-07-25T08:16:44.372756,bitget,0.2732,0.2733,33397.9,294.5
2025-07-25T08:16:44.438341,bybit,0.2733,0.0,3011.5,0.0
2025-07-25T08:16:44.512751,gateio,0.2731,0.2733,230.0,9708.0
2025-07-25T08:16:44.523531,bitget,0.2732,0.2733,18790.3,9390.6
2025-07-25T08:16:44.560861,blofin,0.2729,0.2731,2838.0,80.0
2025-07-25T08:16:44.664020,lbank,0.2732,0.2737,3729.48,11051.97
2025-07-25T08:16:44.670408,bitget,0.2732,0.2733,18790.3,9390.6
2025-07-25T08:16:44.822539,bitget,0.2732,0.2733,20459.6,9390.6
2025-07-25T08:16:44.824899,gateio,0.2731,0.2733,16.0,9708.0
2025-07-25T08:16:44.829678,bingx,0.2731,0.2733,62.19,146.07
2025-07-25T08:16:44.838357,bybit,0.2733,0.0,2965.2,0.0
2025-07-25T08:16:44.938075,bybit,0.2733,0.0,3011.5,0.0
2025-07-25T08:16:44.958266,bitmart,0.2728,0.2736,88966.0,70316.0
2025-07-25T08:16:44.991470,gateio,0.2731,0.2733,230.0,9708.0
2025-07-25T08:16:45.058994,blofin,0.2729,0.2731,2838.0,80.0
2025-07-25T08:16:45.123406,bitget,0.2732,0.2733,20057.1,9390.6
2025-07-25T08:16:45.162050,lbank,0.2732,0.2737,3729.48,11051.97
2025-07-25T08:16:45.199226,gateio,0.2731,0.2733,16.0,9708.0
2025-07-25T08:16:45.238964,bybit,0.2733,0.0,2918.9,0.0
2025-07-25T08:16:45.261643,huobi,0.273131,0.273573,97.2,97.2
2025-07-25T08:16:45.293065,okx,0.2732,0.2733,36.60322,188.556776
2025-07-25T08:16:45.423769,bitget,0.2732,0.2733,20057.1,9685.1
2025-07-25T08:16:45.437982,bybit,0.0,0.2734,0.0,2371.5
2025-07-25T08:16:45.537376,bybit,0.2733,0.0,3011.5,0.0
2025-07-25T08:16:45.561288,blofin,0.2729,0.2731,2860.0,80.0
2025-07-25T08:16:45.668574,lbank,0.2732,0.2736,666.12,11008.29
2025-07-25T08:16:45.709023,mexc,0.2731,0.2732,4460328.0,4460328.0
2025-07-25T08:16:45.744706,bingx,0.2731,0.2733,62.19,146.07
2025-07-25T08:16:45.838496,bybit,0.0,0.2734,0.0,1371.5
2025-07-25T08:16:45.947368,bitmart,0.2728,0.2736,44609.0,45575.0
2025-07-25T08:16:46.022920,bitget,0.2732,0.2733,20057.1,9390.6
2025-07-25T08:16:46.067812,blofin,0.2729,0.2731,2707.0,964.0
2025-07-25T08:16:46.166186,lbank,0.2732,0.2736,666.12,11008.29
2025-07-25T08:16:46.510622,huobi,0.273159,0.273545,97.2,97.2
2025-07-25T08:16:46.553277,blofin,0.2729,0.2731,2707.0,964.0
2025-07-25T08:16:46.636994,bingx,0.2731,0.2733,62.19,146.07
2025-07-25T08:16:46.664985,lbank,0.2732,0.2736,666.12,11008.29
2025-07-25T08:16:46.778872,bitget,0.2732,0.2733,20057.1,9685.1
2025-07-25T08:16:46.816556,huobi,0.273187,0.273517,97.2,97.2
2025-07-25T08:16:46.902007,bitmart,0.2728,0.2736,45820.0,67063.0
2025-07-25T08:16:47.017596,huobi,0.273215,0.273797,97.2,97.2
2025-07-25T08:16:47.062149,gateio,0.2731,0.2733,230.0,9708.0
2025-07-25T08:16:47.067931,blofin,0.2729,0.2731,2707.0,964.0
2025-07-25T08:16:47.139455,bybit,0.0,0.2734,0.0,6.9
2025-07-25T08:16:47.158389,okx,0.2732,0.2733,36.60322,26.556776
2025-07-25T08:16:47.170148,lbank,0.2732,0.2736,666.12,11008.29
2025-07-25T08:16:47.215215,huobi,0.273215,0.273769,97.2,97.2
2025-07-25T08:16:47.224177,bitget,0.2732,0.2733,20057.1,1390.6
2025-07-25T08:16:47.314166,huobi,0.273243,0.273769,97.2,97.2
2025-07-25T08:16:47.377320,bitget,0.2732,0.2734,33645.2,58065.4
2025-07-25T08:16:47.412893,huobi,0.273243,0.273741,97.2,97.2
2025-07-25T08:16:47.510885,huobi,0.273271,0.273741,97.2,97.2
2025-07-25T08:16:47.523709,bitget,0.2732,0.2734,33645.2,36520.9
2025-07-25T08:16:47.539249,bingx,0.2731,0.2733,62.19,146.07
2025-07-25T08:16:47.546316,blofin,0.2729,0.2731,2707.0,964.0
2025-07-25T08:16:47.574814,gateio,0.2731,0.2733,214.0,9708.0
2025-07-25T08:16:47.615388,huobi,0.273271,0.273713,97.2,97.2
2025-07-25T08:16:47.665481,lbank,0.2732,0.2736,666.12,11008.29
2025-07-25T08:16:47.676713,bitget,0.2732,0.2734,33645.2,51673.9
2025-07-25T08:16:47.714768,huobi,0.273047,0.273713,97.2,97.2
2025-07-25T08:16:47.715423,gateio,0.273,0.2733,219.0,9708.0
2025-07-25T08:16:47.772950,gateio,0.2731,0.2733,4.0,9708.0
2025-07-25T08:16:47.838327,bybit,0.0,0.2734,0.0,1341.0
2025-07-25T08:16:47.938201,bybit,0.2733,0.0,2965.2,0.0
2025-07-25T08:16:47.947125,bitmart,0.2728,0.2736,77227.0,45575.0
2025-07-25T08:16:47.974536,bitget,0.2732,0.2734,33645.2,54077.0
2025-07-25T08:16:48.033399,gateio,0.2731,0.2733,230.0,9708.0
2025-07-25T08:16:48.037978,bybit,0.2733,0.2734,3011.5,6.9
2025-07-25T08:16:48.046668,blofin,0.2729,0.2731,3275.0,84.0
2025-07-25T08:16:48.082263,mexc,0.2731,0.2732,4460328.0,4460328.0
2025-07-25T08:16:48.125337,bitget,0.2732,0.2734,33645.2,51673.9
2025-07-25T08:16:48.376644,gateio,0.2731,0.2733,226.0,9708.0
2025-07-25T08:16:48.396830,gateio,0.2731,0.2734,214.0,218.0
2025-07-25T08:16:48.410545,gateio,0.2731,0.2734,214.0,9919.0
2025-07-25T08:16:48.424552,bitget,0.2732,0.2734,33645.2,51673.9
2025-07-25T08:16:48.437551,bybit,0.2734,0.2735,3081.2,1393.5
2025-07-25T08:16:48.450454,bingx,0.2731,0.2733,62.19,146.07
2025-07-25T08:16:48.468607,gateio,0.273,0.2734,219.0,9919.0
2025-07-25T08:16:48.515113,huobi,0.273299,0.273909,97.2,97.2
2025-07-25T08:16:48.524617,gateio,0.2732,0.2734,16.0,9919.0
2025-07-25T08:16:48.536704,gateio,0.2732,0.2734,230.0,9919.0
2025-07-25T08:16:48.537886,blofin,0.2729,0.2731,3275.0,81.0
2025-07-25T08:16:48.572694,gateio,0.2732,0.2734,226.0,9919.0
2025-07-25T08:16:48.574954,bitget,0.2733,0.2734,17955.8,13490.4
2025-07-25T08:16:48.597379,okx,0.2732,0.2734,1209.507666,198.623328
2025-07-25T08:16:48.604876,gateio,0.2732,0.2734,214.0,9919.0
2025-07-25T08:16:48.612320,huobi,0.273327,0.273909,97.2,97.2
2025-07-25T08:16:48.665099,lbank,0.2732,0.2736,666.12,11008.29
2025-07-25T08:16:48.695836,okx,0.2732,0.2734,1509.507666,36.623328
2025-07-25T08:16:48.722922,bitget,0.2733,0.2734,17955.8,13490.4
2025-07-25T08:16:48.745429,bingx,0.2732,0.2734,1599.02,33.03
2025-07-25T08:16:48.811087,huobi,0.273355,0.273881,97.2,97.2
2025-07-25T08:16:48.875145,bitget,0.2733,0.2734,38148.2,5490.4
2025-07-25T08:16:48.952526,bitmart,0.2728,0.2736,45820.0,45575.0
2025-07-25T08:16:49.015088,huobi,0.273383,0.273853,97.2,97.2
2025-07-25T08:16:49.023526,bitget,0.2733,0.2734,38148.2,5784.9
2025-07-25T08:16:49.037309,bybit,0.0,0.2735,0.0,20.2
2025-07-25T08:16:49.058714,okx,0.2733,0.2734,162.0,36.623328
2025-07-25T08:16:49.071003,blofin,0.273,0.2731,3298.0,3.0
2025-07-25T08:16:49.072839,gateio,0.2732,0.2734,214.0,9701.0
2025-07-25T08:16:49.117107,huobi,0.273411,0.273909,97.2,97.2
2025-07-25T08:16:49.163541,lbank,0.2732,0.2736,666.12,11008.29
2025-07-25T08:16:49.181076,bitget,0.2734,0.2735,294.5,41791.7
2025-07-25T08:16:49.189686,okx,0.2733,0.2735,418.583134,336.596522
2025-07-25T08:16:49.238352,binance,0.2734,0.2734,0.0,0.0
2025-07-25T08:16:49.292604,okx,0.2733,0.2735,1209.48758,336.596522
2025-07-25T08:16:49.297513,gateio,0.2732,0.2735,214.0,942.0
2025-07-25T08:16:49.330500,bitget,0.2734,0.2735,10697.6,25977.2
2025-07-25T08:16:49.348665,bingx,0.2733,0.2735,112.86,33.03
2025-07-25T08:16:49.385003,gateio,0.2733,0.2735,12.0,10642.0
2025-07-25T08:16:49.400431,okx,0.2733,0.2735,1209.48758,36.596522
2025-07-25T08:16:49.413911,huobi,0.273439,0.273825,97.2,97.2
2025-07-25T08:16:49.474429,bitget,0.2734,0.2735,10697.6,5784.0
2025-07-25T08:16:49.518757,huobi,0.273439,0.273797,97.2,97.2
2025-07-25T08:16:49.537616,bybit,0.0,0.0,0.0,0.0
2025-07-25T08:16:49.556022,gateio,0.2733,0.2735,230.0,10642.0
2025-07-25T08:16:49.563440,blofin,0.273,0.2731,3298.0,3.0
2025-07-25T08:16:49.623714,bitget,0.2734,0.2735,10697.6,5784.0
2025-07-25T08:16:49.665273,gateio,0.2733,0.2735,16.0,10642.0
2025-07-25T08:16:49.668307,lbank,0.2733,0.2737,666.12,19465.09
2025-07-25T08:16:49.706764,gateio,0.2733,0.2735,230.0,10642.0
2025-07-25T08:16:49.721710,okx,0.2733,0.2735,1509.48758,36.596522
2025-07-25T08:16:49.737086,gateio,0.2733,0.2735,16.0,10642.0
2025-07-25T08:16:49.779131,bitget,0.2734,0.2735,10697.6,5490.4
2025-07-25T08:16:49.858951,gateio,0.2733,0.2735,230.0,10642.0
2025-07-25T08:16:49.913977,huobi,0.273467,0.273909,97.2,97.2
2025-07-25T08:16:49.923275,bitget,0.2734,0.2735,11767.3,5490.4
2025-07-25T08:16:49.940812,gateio,0.2733,0.2735,16.0,10642.0
2025-07-25T08:16:49.961729,bitmart,0.273,0.2739,29023.0,43955.0
2025-07-25T08:16:50.010628,gateio,0.2733,0.2735,230.0,10642.0
2025-07-25T08:16:50.038433,bybit,0.2734,0.0,4893.8,0.0
2025-07-25T08:16:50.054960,blofin,0.273,0.2731,3298.0,3.0
2025-07-25T08:16:50.075418,gateio,0.2733,0.2735,226.0,10642.0
2025-07-25T08:16:50.076719,bitget,0.2735,0.2736,8000.0,43743.8
2025-07-25T08:16:50.103525,okx,0.2733,0.2735,2269.138187,36.596522
2025-07-25T08:16:50.116005,huobi,0.273383,0.273909,97.2,97.2
2025-07-25T08:16:50.221156,huobi,0.273383,0.273881,97.2,97.2
2025-07-25T08:16:50.223627,bitget,0.2735,0.2736,8000.0,32940.1
2025-07-25T08:16:50.247878,bingx,0.2733,0.2735,112.86,33.03
2025-07-25T08:16:50.280946,lbank,0.2733,0.2737,666.12,19465.09
2025-07-25T08:16:50.378000,bitget,0.2735,0.2736,8000.0,33826.4
2025-07-25T08:16:50.438667,bybit,0.0,0.0,0.0,0.0
2025-07-25T08:16:50.455769,mexc,0.2731,0.2732,4460328.0,4460328.0
2025-07-25T08:16:50.511617,huobi,0.273411,0.273853,97.2,97.2
2025-07-25T08:16:50.526523,bitget,0.2735,0.2736,8000.0,33826.4
2025-07-25T08:16:50.547311,blofin,0.2731,0.2733,2718.0,54.0
2025-07-25T08:16:50.600973,okx,0.2734,0.2735,162.0,36.596522
2025-07-25T08:16:50.662555,lbank,0.2733,0.2737,666.12,5675.61
2025-07-25T08:16:50.675539,bitget,0.2735,0.2736,8000.0,41826.4
2025-07-25T08:16:50.716922,gateio,0.2733,0.2735,214.0,10642.0
2025-07-25T08:16:50.811848,huobi,0.273439,0.273825,97.2,97.2
2025-07-25T08:16:50.889992,bitmart,0.273,0.2738,84680.0,31016.0
2025-07-25T08:16:50.976155,bitget,0.2735,0.2736,8294.5,41826.4
2025-07-25T08:16:51.054421,blofin,0.2731,0.2734,4794.0,4148.0
2025-07-25T08:16:51.127273,bitget,0.2735,0.2736,8294.5,41826.4
2025-07-25T08:16:51.150328,bingx,0.2733,0.2735,112.86,33.03
2025-07-25T08:16:51.199488,okx,0.2734,0.2736,198.569756,2229.15801
2025-07-25T08:16:51.554528,blofin,0.2731,0.2734,4794.0,4148.0
2025-07-25T08:16:51.574862,bitget,0.2734,0.2736,27887.7,49142.5
2025-07-25T08:16:51.727264,bitget,0.2734,0.2735,27887.7,1390.6
2025-07-25T08:16:51.810068,huobi,0.273467,0.273797,97.2,97.2
2025-07-25T08:16:51.874324,bitget,0.2734,0.2735,14807.9,9390.6
2025-07-25T08:16:51.910574,huobi,0.273383,0.273797,97.2,97.2
2025-07-25T08:16:51.937974,bybit,0.0,0.0,0.0,0.0
2025-07-25T08:16:51.948213,bitmart,0.273,0.2739,43056.0,43955.0
2025-07-25T08:16:52.012462,huobi,0.273103,0.273769,97.2,97.2
2025-07-25T08:16:52.026206,bitget,0.2734,0.2735,16958.9,9390.6
2025-07-25T08:16:52.054944,blofin,0.2731,0.2734,4794.0,4148.0
2025-07-25T08:16:52.055590,bingx,0.2733,0.2735,112.86,33.03
2025-07-25T08:16:52.110570,huobi,0.273131,0.273769,97.2,97.2
2025-07-25T08:16:52.166908,lbank,0.2735,0.2739,666.12,10710.33
2025-07-25T08:16:52.177174,bitget,0.2734,0.2735,16958.9,1390.6
2025-07-25T08:16:52.327353,bitget,0.2734,0.2735,15332.9,1390.6
2025-07-25T08:16:52.337055,bybit,0.2735,0.2736,1334.1,4640.3
2025-07-25T08:16:52.345011,gateio,0.2733,0.2735,214.0,10427.0
2025-07-25T08:16:52.367014,gateio,0.2733,0.2735,214.0,9700.0
2025-07-25T08:16:52.417285,huobi,0.273159,0.273909,97.2,97.2
2025-07-25T08:16:52.438453,bybit,0.2735,0.2736,3182.7,20.2
2025-07-25T08:16:52.477490,okx,0.2734,0.2736,3023.601715,1371.70468
2025-07-25T08:16:52.477683,bitget,0.2734,0.2736,40388.7,52579.6
2025-07-25T08:16:52.539277,bybit,0.0,0.0,0.0,0.0
2025-07-25T08:16:52.557633,blofin,0.2731,0.2734,4631.0,3783.0
2025-07-25T08:16:52.572910,gateio,0.2734,0.2735,1819.0,9700.0
2025-07-25T08:16:52.602506,gateio,0.2734,0.2735,1831.0,9700.0
2025-07-25T08:16:52.630535,huobi,0.273187,0.273881,97.2,97.2
2025-07-25T08:16:52.630608,bitget,0.2735,0.2736,5738.2,38564.1
2025-07-25T08:16:52.657737,bingx,0.2734,0.2736,112.86,33.03
2025-07-25T08:16:52.665542,lbank,0.2735,0.2739,666.12,10710.33
2025-07-25T08:16:52.696209,okx,0.2734,0.2736,3023.039672,532.540495
2025-07-25T08:16:52.721480,huobi,0.273215,0.273853,97.2,97.2
2025-07-25T08:16:52.780056,bitget,0.2735,0.2736,13738.2,33449.4
2025-07-25T08:16:52.805361,okx,0.2734,0.2736,3023.039672,232.540495
2025-07-25T08:16:52.810477,huobi,0.273243,0.273853,97.2,97.2
2025-07-25T08:16:52.820915,mexc,0.2733,0.2734,4460328.0,4460328.0
2025-07-25T08:16:52.837045,bybit,0.2735,0.0,4648.9,0.0
2025-07-25T08:16:52.925441,bitget,0.2735,0.2736,17659.8,5257.9
2025-07-25T08:16:52.933021,gateio,0.2734,0.2735,16.0,9700.0
2025-07-25T08:16:52.945081,bitmart,0.273,0.2738,68271.0,78161.0
2025-07-25T08:16:52.948674,okx,0.2734,0.2736,3023.039672,70.540495
2025-07-25T08:16:53.013189,huobi,0.273243,0.273909,97.2,97.2
2025-07-25T08:16:53.051595,blofin,0.2732,0.2734,4627.0,964.0
2025-07-25T08:16:53.081108,bitget,0.2735,0.2736,15112.0,5552.4
2025-07-25T08:16:53.089687,gateio,0.2734,0.2735,234.0,9700.0
2025-07-25T08:16:53.137879,bybit,0.0,0.0,0.0,0.0
2025-07-25T08:16:53.164175,lbank,0.2735,0.2739,666.12,10710.33
2025-07-25T08:16:53.188842,gateio,0.2734,0.2736,16.0,213.0
2025-07-25T08:16:53.211073,gateio,0.2734,0.2736,16.0,9909.0
2025-07-25T08:16:53.211822,huobi,0.273271,0.273825,97.2,97.2
2025-07-25T08:16:53.234692,binance,0.2735,0.2735,0.0,0.0
2025-07-25T08:16:53.237568,bitget,0.2735,0.2736,15112.0,5552.4
2025-07-25T08:16:53.311499,huobi,0.273299,0.273797,97.2,97.2
2025-07-25T08:16:53.339446,bybit,0.2735,0.0,3182.7,0.0
2025-07-25T08:16:53.375390,bitget,0.2735,0.2736,15112.0,5552.4
2025-07-25T08:16:53.410197,huobi,0.273327,0.273909,97.2,97.2
2025-07-25T08:16:53.475887,gateio,0.2734,0.2736,234.0,9909.0
2025-07-25T08:16:53.527662,bitget,0.2735,0.2736,15112.0,5552.4
2025-07-25T08:16:53.551582,blofin,0.2732,0.2734,4629.0,964.0
2025-07-25T08:16:53.559006,bingx,0.2734,0.2736,112.86,33.03
2025-07-25T08:16:53.666888,lbank,0.2735,0.2739,666.12,10710.33
2025-07-25T08:16:53.672914,gateio,0.2734,0.2736,222.0,9909.0
2025-07-25T08:16:53.681566,bitget,0.2735,0.2736,15112.0,5257.9
2025-07-25T08:16:53.728880,gateio,0.2734,0.2736,218.0,9909.0
2025-07-25T08:16:53.778526,gateio,0.2733,0.2736,214.0,9909.0
2025-07-25T08:16:53.812218,huobi,0.273355,0.273881,97.2,97.2
2025-07-25T08:16:53.830600,bitget,0.2735,0.2736,17659.8,5257.9
2025-07-25T08:16:53.874481,gateio,0.2734,0.2736,4.0,9909.0
2025-07-25T08:16:53.914841,huobi,0.273355,0.273853,97.2,97.2
2025-07-25T08:16:53.941469,bitmart,0.273,0.2738,43056.0,41492.0
2025-07-25T08:16:53.950514,okx,0.2734,0.2736,3023.601715,70.540495
2025-07-25T08:16:53.977215,bitget,0.2735,0.2736,8294.5,292.5
2025-07-25T08:16:54.010726,huobi,0.273383,0.273853,97.2,97.2
2025-07-25T08:16:54.071306,blofin,0.2732,0.2734,4629.0,964.0
2025-07-25T08:16:54.116500,huobi,0.273383,0.273825,97.2,97.2
2025-07-25T08:16:54.133996,bitget,0.2735,0.2736,8294.5,292.5
2025-07-25T08:16:54.163958,lbank,0.2735,0.2739,666.12,10710.33
2025-07-25T08:16:54.238000,binance,0.2735,0.2735,0.0,0.0
2025-07-25T08:16:54.239251,gateio,0.2734,0.2736,234.0,9909.0
2025-07-25T08:16:54.312614,huobi,0.273411,0.273825,97.2,97.2
2025-07-25T08:16:54.410056,huobi,0.273411,0.273797,97.2,97.2
2025-07-25T08:16:54.432204,bitget,0.2735,0.2736,13738.2,292.5
2025-07-25T08:16:54.460648,bingx,0.2734,0.2736,112.86,33.03
2025-07-25T08:16:54.516167,huobi,0.273439,0.273909,97.2,97.2
2025-07-25T08:16:54.539128,blofin,0.2732,0.2734,2871.0,5.0
2025-07-25T08:16:54.583772,gateio,0.2734,0.2736,230.0,9909.0
2025-07-25T08:16:54.674642,gateio,0.2734,0.2736,12.0,9909.0
2025-07-25T08:16:54.710945,huobi,0.273467,0.273908,97.2,4045.7014
2025-07-25T08:16:54.729305,bitget,0.2735,0.2736,13738.2,8292.5
2025-07-25T08:16:54.739556,gateio,0.2734,0.2736,16.0,9909.0
2025-07-25T08:16:54.810774,huobi,0.273467,0.273881,97.2,97.2
2025-07-25T08:16:54.837729,bybit,0.2735,0.0,3420.7,0.0
2025-07-25T08:16:54.876457,bitget,0.2735,0.2736,24918.0,292.5
2025-07-25T08:16:54.893554,okx,0.2734,0.2736,3023.039672,70.540495
2025-07-25T08:16:54.894600,gateio,0.2734,0.2736,234.0,9909.0
2025-07-25T08:16:54.912095,huobi,0.273495,0.273909,97.2,97.2
2025-07-25T08:16:54.937326,bybit,0.2735,0.0,3658.7,0.0
2025-07-25T08:16:54.962038,bitmart,0.273,0.2738,62088.0,42387.0
2025-07-25T08:16:54.972999,gateio,0.2734,0.2736,222.0,9909.0
2025-07-25T08:16:55.029574,bitget,0.2735,0.2737,24918.0,68441.5
2025-07-25T08:16:55.048881,gateio,0.2733,0.2736,214.0,9909.0
2025-07-25T08:16:55.057378,blofin,0.2732,0.2734,2.0,1739.0
2025-07-25T08:16:55.067518,bingx,0.2735,0.2737,112.86,33.03
2025-07-25T08:16:55.075404,gateio,0.2734,0.2736,4.0,9909.0
2025-07-25T08:16:55.097118,okx,0.2734,0.2736,3023.039672,60.531627
2025-07-25T08:16:55.113080,huobi,0.273523,0.273881,97.2,97.2
2025-07-25T08:16:55.170812,lbank,0.2735,0.2739,666.12,10710.33
2025-07-25T08:16:55.179112,bitget,0.2736,0.2737,9295.6,27440.7
2025-07-25T08:16:55.237010,binance,0.2735,0.2735,0.0,0.0
2025-07-25T08:16:55.237048,gateio,0.2734,0.2736,234.0,9909.0
2025-07-25T08:16:55.240272,mexc,0.2733,0.2734,4460328.0,4460328.0
2025-07-25T08:16:55.312610,huobi,0.273551,0.273909,97.2,97.2
2025-07-25T08:16:55.328726,bitget,0.2736,0.2737,9295.6,28541.2
2025-07-25T08:16:55.478375,bitget,0.2736,0.2737,9295.6,29659.4
2025-07-25T08:16:55.562429,blofin,0.2732,0.2734,3489.0,4.0
2025-07-25T08:16:55.573153,gateio,0.2734,0.2736,222.0,9909.0
2025-07-25T08:16:55.627027,bitget,0.2736,0.2737,9295.6,29659.4
2025-07-25T08:16:55.636695,gateio,0.2733,0.2736,214.0,9909.0
2025-07-25T08:16:55.665278,lbank,0.2735,0.2739,2175.48,4461.57
2025-07-25T08:16:55.776904,bitget,0.2736,0.2737,14739.3,40299.1
2025-07-25T08:16:55.942966,bitmart,0.273,0.2738,70908.0,42387.0
2025-07-25T08:16:55.966631,bingx,0.2735,0.2737,112.86,33.03
2025-07-25T08:16:56.057216,blofin,0.2732,0.2735,5356.0,1665.0
2025-07-25T08:16:56.164731,lbank,0.2735,0.2739,2175.48,4461.57
2025-07-25T08:16:56.214521,huobi,0.273579,0.273909,97.2,97.2
2025-07-25T08:16:56.227725,bitget,0.2736,0.2737,15031.8,44481.7
2025-07-25T08:16:56.237443,binance,0.2735,0.2735,0.0,0.0
2025-07-25T08:16:56.326902,okx,0.2735,0.2736,198.56307,33.943973
2025-07-25T08:16:56.338307,bybit,0.2736,0.2737,4122.0,190.1
2025-07-25T08:16:56.380000,bitget,0.2736,0.2737,15031.8,44481.7
2025-07-25T08:16:56.437501,bybit,0.2736,0.2737,5934.6,20.1
2025-07-25T08:16:56.527087,bitget,0.2736,0.2737,15031.8,37223.5
2025-07-25T08:16:56.545581,blofin,0.2732,0.2735,5356.0,1665.0
2025-07-25T08:16:56.566590,okx,0.2735,0.2736,418.56307,33.943973
2025-07-25T08:16:56.663346,lbank,0.2735,0.2739,2175.48,4461.57
2025-07-25T08:16:56.678625,bitget,0.2736,0.2737,15031.8,37223.5
2025-07-25T08:16:56.868521,bingx,0.2735,0.2737,112.86,33.03
2025-07-25T08:16:56.913774,bitmart,0.2732,0.274,51094.0,20370.0
2025-07-25T08:16:56.977908,bitget,0.2736,0.2737,15031.8,32365.1
2025-07-25T08:16:57.050980,blofin,0.2732,0.2735,5356.0,1666.0
2025-07-25T08:16:57.166107,lbank,0.2735,0.2739,2175.48,4461.57
2025-07-25T08:16:57.204880,gateio,0.2735,0.2736,218.0,9909.0
2025-07-25T08:16:57.217690,gateio,0.2735,0.2736,218.0,1.0
2025-07-25T08:16:57.238384,bybit,0.2737,0.2738,3442.5,228.0
2025-07-25T08:16:57.262936,binance,0.2735,0.2735,0.0,0.0
2025-07-25T08:16:57.280960,bitget,0.2737,0.2738,1817.4,43199.3
2025-07-25T08:16:57.295352,gateio,0.2735,0.2736,222.0,1.0
2025-07-25T08:16:57.304656,okx,0.2735,0.2736,1209.467516,33.943973
2025-07-25T08:16:57.316899,huobi,0.273607,0.273909,97.2,97.2
2025-07-25T08:16:57.322996,gateio,0.2735,0.2736,234.0,1.0
2025-07-25T08:16:57.337639,bybit,0.2737,0.2738,3022.4,66.0
2025-07-25T08:16:57.415215,huobi,0.273607,0.274416,97.2,97.2
2025-07-25T08:16:57.429990,bitget,0.2737,0.2738,11053.3,26354.3
2025-07-25T08:16:57.455686,okx,0.2736,0.2737,2012.121858,398.683307
2025-07-25T08:16:57.549687,blofin,0.2733,0.2735,5359.0,1666.0
2025-07-25T08:16:57.584925,bitget,0.2737,0.2738,16497.0,24651.2
2025-07-25T08:16:57.587935,okx,0.2736,0.2737,2803.026304,398.683307
2025-07-25T08:16:57.612358,huobi,0.273635,0.274388,97.2,97.2
2025-07-25T08:16:57.638117,bybit,0.0,0.0,0.0,0.0
2025-07-25T08:16:57.673996,lbank,0.2735,0.2739,2175.48,4461.57
2025-07-25T08:16:57.680563,mexc,0.2734,0.2735,4460328.0,4460328.0
2025-07-25T08:16:57.728033,bitget,0.2737,0.2738,16497.0,4477.3
2025-07-25T08:16:57.772384,bingx,0.2735,0.2737,112.86,33.03
2025-07-25T08:16:57.815523,huobi,0.273663,0.27436,97.2,97.2
2025-07-25T08:16:57.878155,bitget,0.2737,0.2738,16497.0,4477.3
2025-07-25T08:16:57.898701,bitmart,0.2732,0.274,76473.0,44960.0
2025-07-25T08:16:58.010821,huobi,0.273691,0.274332,97.2,97.2
2025-07-25T08:16:58.029865,bitget,0.2737,0.2738,11053.3,4477.3
2025-07-25T08:16:58.064104,blofin,0.2734,0.2736,1519.0,81.0
2025-07-25T08:16:58.077050,bingx,0.2736,0.2738,112.86,1.07
2025-07-25T08:16:58.103511,okx,0.2736,0.2737,989.460834,398.683307
2025-07-25T08:16:58.137021,bybit,0.0,0.2738,0.0,796.4
2025-07-25T08:16:58.168663,lbank,0.2735,0.2739,2175.48,4461.57
2025-07-25T08:16:58.180214,bitget,0.2737,0.2738,16497.0,4477.3
2025-07-25T08:16:58.234562,binance,0.2737,0.2737,0.0,0.0
2025-07-25T08:16:58.237296,bybit,0.0,0.0,0.0,0.0
2025-07-25T08:16:58.310407,huobi,0.273719,0.274304,97.2,97.2
2025-07-25T08:16:58.480495,bitget,0.2737,0.2738,11053.3,4477.3
2025-07-25T08:16:58.558703,blofin,0.2734,0.2736,1519.0,78.0
2025-07-25T08:16:58.610554,huobi,0.273747,0.274276,97.2,97.2
2025-07-25T08:16:58.630978,bitget,0.2737,0.2738,16497.0,12477.3
2025-07-25T08:16:58.666574,lbank,0.2735,0.2739,2175.48,4461.57
2025-07-25T08:16:58.837966,bybit,0.0,0.0,0.0,0.0
2025-07-25T08:16:58.957826,bitmart,0.2732,0.274,28254.0,76404.0
2025-07-25T08:16:58.978131,bingx,0.2736,0.2738,112.86,1.07
2025-07-25T08:16:59.037560,bybit,0.2737,0.0,3023.4,0.0
2025-07-25T08:16:59.052275,blofin,0.2734,0.2736,2705.0,933.0
2025-07-25T08:16:59.079706,bitget,0.2737,0.2738,16497.0,12477.3
2025-07-25T08:16:59.095246,okx,0.2736,0.2737,2803.026304,398.683307
2025-07-25T08:16:59.137426,bybit,0.0,0.2738,0.0,925.3
2025-07-25T08:16:59.168328,lbank,0.2735,0.2739,2175.48,4461.57
2025-07-25T08:16:59.412684,huobi,0.273747,0.274248,97.2,97.2
2025-07-25T08:16:59.531295,blofin,0.2734,0.2736,2705.0,937.0
2025-07-25T08:16:59.663054,lbank,0.2735,0.2739,2175.48,4461.57
2025-07-25T08:16:59.680535,bitget,0.2737,0.2738,16497.0,12182.6
2025-07-25T08:16:59.879264,bingx,0.2736,0.2738,112.86,1.07
2025-07-25T08:16:59.882974,bitmart,0.2732,0.274,20537.0,85921.0
2025-07-25T08:16:59.937887,bybit,0.2737,0.0,3057.6,0.0
2025-07-25T08:17:00.037666,bybit,0.2737,0.0,2965.0,0.0
2025-07-25T08:17:00.040399,mexc,0.2736,0.2737,4460328.0,4460328.0
2025-07-25T08:17:00.079619,blofin,0.2734,0.2736,2651.0,938.0
2025-07-25T08:17:00.090942,okx,0.2736,0.2737,2803.026304,398.683307
2025-07-25T08:17:00.135936,bitget,0.2737,0.2738,16204.5,12475.1
2025-07-25T08:17:00.142629,huobi,0.273747,0.274248,97.2,97.2
2025-07-25T08:17:00.143515,gateio,0.2735,0.2736,16.0,1.0
2025-07-25T08:17:00.172610,gateio,0.2735,0.2736,16.0,219.0
2025-07-25T08:17:00.191983,gateio,0.2734,0.2736,234.0,219.0
2025-07-25T08:17:00.203102,okx,0.2735,0.2737,3674.618384,427.041379
2025-07-25T08:17:00.204617,gateio,0.2734,0.2736,16.0,219.0
2025-07-25T08:17:00.214941,huobi,0.273551,0.27422,97.2,97.2
2025-07-25T08:17:00.237160,binance,0.2737,0.2737,0.0,0.0
2025-07-25T08:17:00.237841,bybit,0.0,0.2738,0.0,2485.4
2025-07-25T08:17:00.280597,bitget,0.2736,0.2737,78621.7,2085.9
2025-07-25T08:17:00.290097,lbank,0.2735,0.2739,2175.48,4461.57
2025-07-25T08:17:00.304044,okx,0.2735,0.2737,2448.618384,427.041379
2025-07-25T08:17:00.340692,gateio,0.2734,0.2736,234.0,219.0
2025-07-25T08:17:00.372944,gateio,0.2734,0.2736,230.0,219.0
2025-07-25T08:17:00.408621,okx,0.2735,0.2737,3674.618384,427.041379
2025-07-25T08:17:00.412095,huobi,0.273579,0.274192,97.2,97.2
2025-07-25T08:17:00.419032,gateio,0.2734,0.2736,218.0,219.0
2025-07-25T08:17:00.439232,bitget,0.2736,0.2737,27430.5,8292.5
2025-07-25T08:17:00.512768,huobi,0.273607,0.274192,97.2,97.2
2025-07-25T08:17:00.537229,bybit,0.2737,0.2738,1621.2,2531.7
2025-07-25T08:17:00.543727,blofin,0.2734,0.2736,2651.0,937.0
2025-07-25T08:17:00.581721,bitget,0.2736,0.2737,26855.1,10840.3
2025-07-25T08:17:00.612028,huobi,0.273607,0.274164,97.2,97.2
2025-07-25T08:17:00.637471,bybit,0.2737,0.0,1035.2,0.0
2025-07-25T08:17:00.666718,lbank,0.2735,0.2739,2175.48,4461.57
2025-07-25T08:17:00.693857,okx,0.2735,0.2737,1172.904446,727.041379
2025-07-25T08:17:00.710486,huobi,0.273635,0.274164,97.2,97.2
2025-07-25T08:17:00.737106,bybit,0.2737,0.0,35.2,0.0
2025-07-25T08:17:00.740002,bitget,0.2736,0.2737,26855.1,10840.3
2025-07-25T08:17:00.799938,okx,0.2735,0.2737,1209.454152,727.041379
2025-07-25T08:17:00.881134,bitget,0.2736,0.2737,25804.5,10840.3
2025-07-25T08:17:00.900506,bingx,0.2736,0.2738,112.86,1.07
2025-07-25T08:17:00.931920,bitmart,0.2732,0.274,80258.0,24022.0
2025-07-25T08:17:01.002819,okx,0.2736,0.2737,1813.56547,427.041379
2025-07-25T08:17:01.031496,bitget,0.2736,0.2737,25804.5,8292.5
2025-07-25T08:17:01.074946,blofin,0.2734,0.2735,3.0,1717.0
2025-07-25T08:17:01.112251,huobi,0.273635,0.274136,97.2,97.2
2025-07-25T08:17:01.172169,lbank,0.2735,0.2739,2175.48,4461.57
2025-07-25T08:17:01.179942,bitget,0.2736,0.2737,25804.5,8292.5
2025-07-25T08:17:01.237105,binance,0.2737,0.2737,0.0,0.0
2025-07-25T08:17:01.238452,bybit,0.0,0.2738,0.0,3531.7
2025-07-25T08:17:01.437701,bybit,0.2737,0.2738,1379.0,2468.0
2025-07-25T08:17:01.479031,gateio,0.2734,0.2736,218.0,1.0
2025-07-25T08:17:01.482566,bitget,0.2736,0.2737,25804.5,8000.0
2025-07-25T08:17:01.512330,huobi,0.273635,0.274135,97.2,4045.7014
2025-07-25T08:17:01.566261,blofin,0.2733,0.2735,460.0,1718.0
2025-07-25T08:17:01.582730,gateio,0.2735,0.2736,12.0,1.0
2025-07-25T08:17:01.612378,huobi,0.273635,0.274108,97.2,97.2
2025-07-25T08:17:01.634848,bitget,0.2736,0.2738,28352.3,39930.9
2025-07-25T08:17:01.667376,lbank,0.2735,0.2739,2175.48,4461.57
2025-07-25T08:17:01.675110,gateio,0.2735,0.2736,16.0,1.0
2025-07-25T08:17:01.687870,bingx,0.2736,0.2738,112.86,1.07
2025-07-25T08:17:01.780131,bitget,0.2737,0.2738,9086.4,21359.3
2025-07-25T08:17:01.912824,gateio,0.2735,0.2736,228.0,1.0
2025-07-25T08:17:01.934755,bitget,0.2737,0.2738,9086.4,19986.8
2025-07-25T08:17:01.958707,bitmart,0.2732,0.274,41321.0,6716.0
2025-07-25T08:17:02.061124,blofin,0.2733,0.2735,460.0,1718.0
2025-07-25T08:17:02.088561,bitget,0.2737,0.2738,9086.4,20270.9
2025-07-25T08:17:02.137008,bybit,0.0,0.2738,0.0,1737.6
2025-07-25T08:17:02.231982,bitget,0.2737,0.2738,9378.9,20484.4
2025-07-25T08:17:02.237075,binance,0.2737,0.2737,0.0,0.0
2025-07-25T08:17:02.237447,bybit,0.2737,0.0,2379.0,0.0
2025-07-25T08:17:02.380086,bitget,0.2737,0.2738,9086.4,20484.4
2025-07-25T08:17:02.431168,mexc,0.2736,0.2737,4460328.0,4460328.0
2025-07-25T08:17:02.544869,blofin,0.2733,0.2735,279.0,1465.0
2025-07-25T08:17:02.590933,bingx,0.2736,0.2738,112.86,1.07
2025-07-25T08:17:02.679152,gateio,0.2735,0.2736,16.0,1.0
2025-07-25T08:17:02.682951,bitget,0.2737,0.2738,14530.1,20484.4
2025-07-25T08:17:02.709703,huobi,0.273635,0.27408,97.2,97.2
2025-07-25T08:17:02.756620,gateio,0.2735,0.2736,16.0,213.0
2025-07-25T08:17:02.776612,gateio,0.2735,0.2736,16.0,1.0
2025-07-25T08:17:02.833695,bitget,0.2737,0.2738,1295.6,23032.2
2025-07-25T08:17:02.837469,bybit,0.2737,0.0,2404.0,0.0
2025-07-25T08:17:02.895388,bitmart,0.2732,0.2741,41321.0,45587.0
2025-07-25T08:17:02.909102,huobi,0.273635,0.274052,97.2,97.2
2025-07-25T08:17:02.928364,gateio,0.2735,0.2736,16.0,213.0
2025-07-25T08:17:03.037266,bybit,0.2737,0.2738,60.2,1830.2
2025-07-25T08:17:03.072221,blofin,0.2733,0.2735,1580.0,832.0
2025-07-25T08:17:03.134310,bitget,0.2736,0.2738,50573.6,35924.3
2025-07-25T08:17:03.137461,bybit,0.2737,0.2738,1404.0,1737.6
2025-07-25T08:17:03.161205,gateio,0.2735,0.2736,228.0,1.0
2025-07-25T08:17:03.166068,lbank,0.2735,0.2739,2175.48,4461.57
2025-07-25T08:17:03.237088,binance,0.2737,0.2737,0.0,0.0
2025-07-25T08:17:03.239192,bybit,0.2737,0.0,2445.8,0.0
2025-07-25T08:17:03.282462,bitget,0.2736,0.2737,41150.9,1390.6
2025-07-25T08:17:03.435076,bitget,0.2736,0.2737,25804.5,1390.6
2025-07-25T08:17:03.496013,bingx,0.2736,0.2738,112.86,1.07
2025-07-25T08:17:03.557682,blofin,0.2733,0.2735,1579.0,832.0
2025-07-25T08:17:03.669465,lbank,0.2735,0.2739,2175.48,4461.57
2025-07-25T08:17:03.939814,bitmart,0.2732,0.2741,41321.0,45587.0
2025-07-25T08:17:04.059488,blofin,0.2733,0.2735,1166.0,832.0
2025-07-25T08:17:04.137475,bybit,0.0,0.2738,0.0,2468.0
2025-07-25T08:17:04.168105,lbank,0.2735,0.2739,2175.48,4461.57
2025-07-25T08:17:04.373887,gateio,0.2735,0.2736,16.0,1.0
2025-07-25T08:17:04.393081,bingx,0.2736,0.2738,112.86,1.07
2025-07-25T08:17:04.503928,gateio,0.2735,0.2736,16.0,213.0
2025-07-25T08:17:04.538052,bybit,0.2737,0.2738,102.0,2560.6
2025-07-25T08:17:04.548541,blofin,0.2733,0.2735,1166.0,832.0
2025-07-25T08:17:04.633423,bitget,0.2736,0.2737,25804.5,9684.4
2025-07-25T08:17:04.666064,lbank,0.2735,0.2739,2175.48,4461.57
2025-07-25T08:17:04.782022,bitget,0.2736,0.2737,25804.5,13986.8
2025-07-25T08:17:04.799976,mexc,0.2736,0.2737,4460328.0,4460328.0
2025-07-25T08:17:04.933121,bitmart,0.2732,0.274,41321.0,26278.0
2025-07-25T08:17:05.038156,bybit,0.2737,0.0,250.9,0.0
2025-07-25T08:17:05.058336,blofin,0.2733,0.2735,1166.0,832.0
2025-07-25T08:17:05.109688,huobi,0.273635,0.274024,97.2,97.2
2025-07-25T08:17:05.167016,lbank,0.2735,0.2739,2175.48,4461.57
2025-07-25T08:17:05.239026,bybit,0.2737,0.2738,1250.9,3468.0
2025-07-25T08:17:05.297723,bingx,0.2736,0.2738,112.86,1.07
2025-07-25T08:17:05.533488,bitget,0.2736,0.2737,25804.5,9390.6
2025-07-25T08:17:05.544844,blofin,0.2733,0.2735,1166.0,833.0
2025-07-25T08:17:05.664255,lbank,0.2735,0.2739,664.44,6372.09
2025-07-25T08:17:05.687311,bitget,0.2736,0.2737,25804.5,9390.6
2025-07-25T08:17:05.737115,bybit,0.0,0.2738,0.0,2468.0
2025-07-25T08:17:05.738729,gateio,0.2735,0.2736,16.0,1.0
2025-07-25T08:17:05.940024,bitmart,0.2732,0.2741,72438.0,45587.0
2025-07-25T08:17:05.982877,bitget,0.2736,0.2737,25804.5,1390.6
2025-07-25T08:17:06.053091,blofin,0.2733,0.2735,1166.0,835.0
2025-07-25T08:17:06.134015,bitget,0.2736,0.2737,25804.5,1390.6
2025-07-25T08:17:06.168016,lbank,0.2735,0.2739,664.44,6372.09
2025-07-25T08:17:06.193848,okx,0.2736,0.2737,1776.418368,427.041379
2025-07-25T08:17:06.194661,gateio,0.2735,0.2736,16.0,213.0
2025-07-25T08:17:06.202640,bingx,0.2736,0.2738,112.86,1.07
2025-07-25T08:17:06.237543,bybit,0.0,0.2738,0.0,2514.3
2025-07-25T08:17:06.336969,bybit,0.2737,0.2738,250.9,2560.6
2025-07-25T08:17:06.432823,bitget,0.2736,0.2737,18546.3,16828.4
2025-07-25T08:17:06.437570,bybit,0.2737,0.0,102.0,0.0
2025-07-25T08:17:06.546964,blofin,0.2733,0.2735,1328.0,1722.0
2025-07-25T08:17:06.586148,bitget,0.2736,0.2737,18546.3,14280.6
2025-07-25T08:17:06.664899,lbank,0.2735,0.2739,664.44,6372.09
2025-07-25T08:17:06.899950,bitmart,0.2732,0.274,41321.0,30562.0
2025-07-25T08:17:07.034875,bitget,0.2736,0.2737,18253.8,14280.6
2025-07-25T08:17:07.056532,blofin,0.2733,0.2735,1207.0,1726.0
2025-07-25T08:17:07.105827,bingx,0.2736,0.2738,112.86,1.07
2025-07-25T08:17:07.137191,bybit,0.2737,0.2738,1102.0,3560.6
2025-07-25T08:17:07.167215,lbank,0.2735,0.2739,664.44,6372.09
2025-07-25T08:17:07.177584,mexc,0.2735,0.2736,4460328.0,4460328.0
2025-07-25T08:17:07.211692,huobi,0.273635,0.273996,97.2,97.2
2025-07-25T08:17:07.237304,binance,0.2737,0.2737,0.0,0.0
2025-07-25T08:17:07.238176,bybit,0.0,0.2738,0.0,3468.0
2025-07-25T08:17:07.334526,bitget,0.2736,0.2737,18547.6,14280.6
2025-07-25T08:17:07.337549,bybit,0.0,0.2738,0.0,2468.0
2025-07-25T08:17:07.338681,gateio,0.2735,0.2736,16.0,1.0
2025-07-25T08:17:07.437151,bybit,0.2737,0.0,2443.5,0.0
2025-07-25T08:17:07.484392,bitget,0.2736,0.2737,21095.4,1390.6
2025-07-25T08:17:07.529278,gateio,0.2735,0.2736,16.0,213.0
2025-07-25T08:17:07.549630,blofin,0.2733,0.2735,1207.0,1726.0
2025-07-25T08:17:07.634594,bitget,0.2736,0.2737,18547.6,1390.6
2025-07-25T08:17:07.783329,bitget,0.2736,0.2737,18547.6,1684.4
2025-07-25T08:17:07.910638,bitmart,0.2732,0.2741,42436.0,45587.0
2025-07-25T08:17:07.978942,gateio,0.2735,0.2736,16.0,1.0
2025-07-25T08:17:08.007063,bingx,0.2736,0.2738,112.86,1.07
2025-07-25T08:17:08.049678,blofin,0.2733,0.2735,1207.0,1726.0
2025-07-25T08:17:08.084679,bitget,0.2736,0.2737,25805.8,1390.6
2025-07-25T08:17:08.235525,bitget,0.2736,0.2737,25805.8,1684.4
2025-07-25T08:17:08.237415,binance,0.2737,0.2737,0.0,0.0
2025-07-25T08:17:08.384776,bitget,0.2736,0.2737,25805.8,1390.6
2025-07-25T08:17:08.557045,blofin,0.2733,0.2735,356.0,1725.0
2025-07-25T08:17:08.684186,bitget,0.2736,0.2737,25805.8,1390.6
2025-07-25T08:17:08.744506,bybit,0.2737,0.0,2489.8,0.0
2025-07-25T08:17:08.757413,gateio,0.2735,0.2736,228.0,1.0
2025-07-25T08:17:08.840991,bitget,0.2736,0.2737,28353.6,1390.6
2025-07-25T08:17:08.912608,bingx,0.2736,0.2738,112.86,1.07
2025-07-25T08:17:08.918420,bitmart,0.2732,0.274,85087.0,34040.0
2025-07-25T08:17:08.987254,bitget,0.2736,0.2738,28353.6,44084.5
2025-07-25T08:17:09.038470,bybit,0.2737,0.0,2443.5,0.0
2025-07-25T08:17:09.044768,blofin,0.2733,0.2735,1400.0,1725.0
2025-07-25T08:17:09.133927,bitget,0.2737,0.2738,9295.6,20484.4
2025-07-25T08:17:09.238724,bybit,0.2737,0.0,2489.8,0.0
2025-07-25T08:17:09.287389,bitget,0.2737,0.2738,9295.6,21220.4
2025-07-25T08:17:09.551547,blofin,0.2733,0.2735,1400.0,1723.0
2025-07-25T08:17:09.557558,mexc,0.2735,0.2736,4460328.0,4460328.0
2025-07-25T08:17:09.716523,gateio,0.2735,0.2736,16.0,1.0
2025-07-25T08:17:09.820173,bingx,0.2736,0.2738,112.86,1.07
2025-07-25T08:17:09.849498,gateio,0.2735,0.2736,228.0,1.0
2025-07-25T08:17:09.937802,bybit,0.0,0.2738,0.0,1124.2
2025-07-25T08:17:09.955446,bitmart,0.2732,0.274,42651.0,25659.0
2025-07-25T08:17:10.037098,bitget,0.2737,0.2738,9589.4,13220.4
2025-07-25T08:17:10.064252,blofin,0.2733,0.2735,1813.0,832.0
2025-07-25T08:17:10.185993,bitget,0.2737,0.2738,14739.3,14573.4
2025-07-25T08:17:10.211070,lbank,0.2735,0.2739,664.44,6372.09
2025-07-25T08:17:10.486125,bitget,0.2737,0.2738,14739.3,22573.4
2025-07-25T08:17:10.560116,blofin,0.2733,0.2735,1813.0,834.0
2025-07-25T08:17:10.665225,lbank,0.2735,0.2739,664.44,6372.09
2025-07-25T08:17:10.721018,bingx,0.2736,0.2738,112.86,1.07
2025-07-25T08:17:10.936410,bitget,0.2737,0.2738,15033.1,22573.4
2025-07-25T08:17:10.938071,bybit,0.2737,0.0,2443.5,0.0
2025-07-25T08:17:10.951813,bitmart,0.2732,0.274,73177.0,37152.0
2025-07-25T08:17:11.038861,gateio,0.2735,0.2736,16.0,1.0
2025-07-25T08:17:11.054283,blofin,0.2733,0.2735,1813.0,834.0
2025-07-25T08:17:11.086732,bitget,0.2737,0.2738,14739.3,25121.2
2025-07-25T08:17:11.137224,bybit,0.2737,0.2738,1102.0,3558.3
2025-07-25T08:17:11.193846,gateio,0.2735,0.2736,16.0,214.0
2025-07-25T08:17:11.237390,binance,0.2737,0.2737,0.0,0.0
2025-07-25T08:17:11.238888,bybit,0.2737,0.2738,32.0,3428.2
2025-07-25T08:17:11.238950,bitget,0.2736,0.2737,43072.4,5443.7
2025-07-25T08:17:11.315854,huobi,0.273635,0.273968,97.2,97.2
2025-07-25T08:17:11.397182,bitget,0.2736,0.2737,18547.6,8737.5
2025-07-25T08:17:11.535502,bitget,0.2736,0.2737,18547.6,8443.7
2025-07-25T08:17:11.538255,bybit,0.0,0.2738,0.0,3381.9
2025-07-25T08:17:11.559261,blofin,0.2733,0.2735,1815.0,832.0
2025-07-25T08:17:11.618476,bingx,0.2736,0.2738,112.86,1.07
2025-07-25T08:17:11.638475,bybit,0.2737,0.2738,33.0,3428.2
2025-07-25T08:17:11.720100,huobi,0.273635,0.27394,97.2,97.2
2025-07-25T08:17:11.837663,bybit,0.2737,0.2738,1570.4,3188.8
2025-07-25T08:17:11.909926,huobi,0.273635,0.274276,97.2,97.2
2025-07-25T08:17:11.935905,mexc,0.2735,0.2736,4460328.0,4460328.0
2025-07-25T08:17:11.937960,bybit,0.0,0.2738,0.0,3142.5
2025-07-25T08:17:11.954865,bitmart,0.2732,0.274,83148.0,39593.0
2025-07-25T08:17:11.988119,bitget,0.2736,0.2737,18547.6,8737.5
2025-07-25T08:17:12.034176,gateio,0.2735,0.2736,16.0,1.0
2025-07-25T08:17:12.037542,bybit,0.2737,0.2738,2958.2,1623.4
2025-07-25T08:17:12.046052,blofin,0.2733,0.2735,306.0,2483.0
2025-07-25T08:17:12.105043,okx,0.2736,0.2737,1776.418368,398.683307
2025-07-25T08:17:12.137311,bybit,0.2737,0.2739,2911.9,6540.2
2025-07-25T08:17:12.138559,bitget,0.2736,0.2737,18547.6,8443.7
2025-07-25T08:17:12.163176,gateio,0.2735,0.2736,16.0,214.0
2025-07-25T08:17:12.237569,binance,0.2737,0.2737,0.0,0.0
2025-07-25T08:17:12.238421,bybit,0.2737,0.2739,1570.4,6586.5
2025-07-25T08:17:12.287495,bitget,0.2736,0.2737,25512.0,8293.8
2025-07-25T08:17:12.311270,huobi,0.273635,0.274275,97.2,4045.7014
2025-07-25T08:17:12.401329,lbank,0.2735,0.2739,664.44,6372.09
2025-07-25T08:17:12.411133,huobi,0.273635,0.274248,97.2,97.2
2025-07-25T08:17:12.438290,bybit,0.0,0.2739,0.0,6767.2
2025-07-25T08:17:12.525562,bingx,0.2736,0.2738,112.86,1.07
2025-07-25T08:17:12.536940,bybit,0.0,0.2739,0.0,6856.9
2025-07-25T08:17:12.540760,blofin,0.2733,0.2735,306.0,2482.0
2025-07-25T08:17:12.586485,bitget,0.2736,0.2737,25512.0,8293.8
2025-07-25T08:17:12.594993,okx,0.2736,0.2737,1776.418368,698.683307
2025-07-25T08:17:12.665374,lbank,0.2735,0.2739,664.44,6372.09
2025-07-25T08:17:12.937471,bybit,0.2737,0.0,1570.3,0.0
2025-07-25T08:17:12.960042,okx,0.2736,0.2737,1776.418368,398.683307
2025-07-25T08:17:12.980065,bitmart,0.2732,0.274,42651.0,39537.0
2025-07-25T08:17:13.037837,bybit,0.0,0.2739,0.0,6810.6
2025-07-25T08:17:13.040038,gateio,0.2735,0.2736,16.0,1.0
2025-07-25T08:17:13.058027,blofin,0.2733,0.2735,1498.0,2482.0
2025-07-25T08:17:13.137703,bybit,0.0,0.2739,0.0,6651.6
2025-07-25T08:17:13.166391,lbank,0.2735,0.2739,664.44,6372.09
2025-07-25T08:17:13.188249,bitget,0.2736,0.2738,28059.8,43824.3
2025-07-25T08:17:13.238135,bybit,0.2737,0.2739,1570.2,6624.6
2025-07-25T08:17:13.351851,bitget,0.2737,0.2738,1295.6,33115.9
2025-07-25T08:17:13.434023,bingx,0.2736,0.2738,112.86,1.07
2025-07-25T08:17:13.487872,bitget,0.2737,0.2738,1295.6,22573.4
2025-07-25T08:17:13.537749,bybit,0.0,0.2739,0.0,6935.1
2025-07-25T08:17:13.548850,blofin,0.2733,0.2735,1497.0,2482.0
2025-07-25T08:17:13.628764,gateio,0.2735,0.2736,16.0,214.0
2025-07-25T08:17:13.666401,lbank,0.2735,0.2739,664.44,6372.09
2025-07-25T08:17:13.737959,bybit,0.2737,0.0,570.2,0.0
2025-07-25T08:17:13.787920,bitget,0.2736,0.2737,41151.0,1295.6
2025-07-25T08:17:13.898084,bitmart,0.2732,0.2741,42651.0,45587.0
2025-07-25T08:17:13.937898,bitget,0.2736,0.2737,25512.0,17126.1
2025-07-25T08:17:14.037172,bybit,0.2736,0.2738,5938.4,3733.1
2025-07-25T08:17:14.063985,blofin,0.2733,0.2735,1497.0,2482.0
2025-07-25T08:17:14.087448,bitget,0.2736,0.2737,6739.3,14578.3
2025-07-25T08:17:14.111574,huobi,0.273635,0.27422,97.2,97.2
2025-07-25T08:17:14.137765,bybit,0.2736,0.2738,2541.2,3686.8
2025-07-25T08:17:14.154257,okx,0.2735,0.2737,1010.904446,1442.309268
2025-07-25T08:17:14.171268,lbank,0.2735,0.2739,664.44,6372.09
2025-07-25T08:17:14.209983,huobi,0.273635,0.274192,97.2,97.2
2025-07-25T08:17:14.236868,binance,0.2737,0.2737,0.0,0.0
2025-07-25T08:17:14.238292,bitget,0.2736,0.2737,1295.6,17126.1
2025-07-25T08:17:14.255760,okx,0.2735,0.2737,1047.447474,1442.309268
2025-07-25T08:17:14.325863,bingx,0.2736,0.2738,112.86,1.07
2025-07-25T08:17:14.338163,bybit,0.2736,0.0,2633.8,0.0
2025-07-25T08:17:14.341226,mexc,0.2735,0.2736,4460328.0,4460328.0
2025-07-25T08:17:14.395601,bitget,0.2736,0.2737,9591.5,14578.3
2025-07-25T08:17:14.437779,bybit,0.2736,0.0,2541.2,0.0
2025-07-25T08:17:14.473034,gateio,0.2735,0.2736,12.0,214.0
2025-07-25T08:17:14.500673,okx,0.2735,0.2737,1047.447474,1742.309268
2025-07-25T08:17:14.516519,gateio,0.2734,0.2736,16.0,214.0
2025-07-25T08:17:14.535208,blofin,0.2733,0.2735,1400.0,1025.0
2025-07-25T08:17:14.537452,bitget,0.2736,0.2737,9591.5,34719.8
2025-07-25T08:17:14.539469,bybit,0.2736,0.0,4595.0,0.0
2025-07-25T08:17:14.552055,gateio,0.2734,0.2736,229.0,214.0
2025-07-25T08:17:14.667175,lbank,0.2735,0.2739,664.44,6372.09
2025-07-25T08:17:14.687885,bitget,0.2736,0.2737,9591.5,34719.8
2025-07-25T08:17:14.743204,gateio,0.2734,0.2736,16.0,214.0
2025-07-25T08:17:14.838310,bybit,0.2736,0.2737,2541.2,1029.1
2025-07-25T08:17:14.875688,gateio,0.2734,0.2736,217.0,214.0
2025-07-25T08:17:14.908546,huobi,0.273271,0.274164,97.2,97.2
2025-07-25T08:17:14.937400,bybit,0.2736,0.0,2587.5,0.0
2025-07-25T08:17:14.956841,bitmart,0.2732,0.2741,39933.0,45587.0
2025-07-25T08:17:14.991192,bitget,0.2736,0.2737,1295.6,37267.6
2025-07-25T08:17:15.004773,gateio,0.2733,0.2736,214.0,214.0
2025-07-25T08:17:15.011720,huobi,0.273355,0.274164,97.2,97.2
2025-07-25T08:17:15.037150,bybit,0.2736,0.2737,2770.2,2029.1
2025-07-25T08:17:15.046522,blofin,0.2733,0.2735,124.0,1733.0
2025-07-25T08:17:15.074980,gateio,0.2734,0.2736,4.0,214.0
2025-07-25T08:17:15.164925,gateio,0.2734,0.2736,229.0,214.0
2025-07-25T08:17:15.165825,lbank,0.2735,0.2739,664.44,6372.09
2025-07-25T08:17:15.234373,bingx,0.2736,0.2738,112.86,1.07
2025-07-25T08:17:15.237366,bybit,0.0,0.2737,0.0,1029.1
2025-07-25T08:17:15.291356,bitget,0.2736,0.2737,1591.5,37267.6
2025-07-25T08:17:15.305346,okx,0.2735,0.2737,827.447474,1742.309268
2025-07-25T08:17:15.372628,gateio,0.2734,0.2736,225.0,214.0
2025-07-25T08:17:15.406630,gateio,0.2734,0.2736,213.0,214.0
2025-07-25T08:17:15.438839,bitget,0.2736,0.2737,9591.5,34719.8
2025-07-25T08:17:15.470854,gateio,0.2733,0.2736,214.0,214.0
2025-07-25T08:17:15.532173,bingx,0.2736,0.2738,112.86,1.07
2025-07-25T08:17:15.540187,blofin,0.2733,0.2735,124.0,1736.0
2025-07-25T08:17:15.576580,gateio,0.2734,0.2736,12.0,214.0
2025-07-25T08:17:15.620970,gateio,0.2734,0.2736,229.0,214.0
2025-07-25T08:17:15.668312,lbank,0.2735,0.2739,513.96,20507.61
2025-07-25T08:17:15.737693,bybit,0.2736,0.0,2816.5,0.0
2025-07-25T08:17:15.773077,gateio,0.2733,0.2736,214.0,214.0
2025-07-25T08:17:15.874560,gateio,0.2734,0.2736,12.0,214.0
2025-07-25T08:17:15.898205,bitmart,0.2732,0.274,39933.0,27163.0
2025-07-25T08:17:15.923628,gateio,0.2734,0.2736,229.0,214.0
2025-07-25T08:17:16.048317,blofin,0.2733,0.2735,124.0,1736.0
2025-07-25T08:17:16.144549,gateio,0.2734,0.2735,16.0,213.0
2025-07-25T08:17:16.191673,bitget,0.2736,0.2737,1295.6,34719.8
2025-07-25T08:17:16.195060,gateio,0.2734,0.2736,16.0,214.0
2025-07-25T08:17:16.219677,huobi,0.273383,0.274136,97.2,97.2
2025-07-25T08:17:16.237525,binance,0.2737,0.2737,0.0,0.0
2025-07-25T08:17:16.237579,bybit,0.2736,0.0,2723.9,0.0
2025-07-25T08:17:16.281870,okx,0.2735,0.2737,790.904446,1742.309268
2025-07-25T08:17:16.337941,bitget,0.2736,0.2737,959.1,37267.6
2025-07-25T08:17:16.388049,okx,0.2735,0.2737,827.454152,1742.309268
2025-07-25T08:17:16.438100,bybit,0.2736,0.0,2770.2,0.0
2025-07-25T08:17:16.438625,bingx,0.2736,0.2738,112.86,1.07
2025-07-25T08:17:16.486527,gateio,0.2734,0.2736,16.0,9889.0
2025-07-25T08:17:16.489443,bitget,0.2736,0.2737,959.1,37267.6
2025-07-25T08:17:16.537852,bybit,0.2736,0.0,1723.9,0.0
2025-07-25T08:17:16.544667,blofin,0.2733,0.2735,125.0,2308.0
2025-07-25T08:17:16.625052,gateio,0.2734,0.2735,16.0,213.0
2025-07-25T08:17:16.638092,bybit,0.0,0.2737,0.0,2385.3
2025-07-25T08:17:16.639163,bitget,0.2735,0.2737,49446.0,44031.1
2025-07-25T08:17:16.668149,lbank,0.2735,0.2739,513.96,20507.61
2025-07-25T08:17:16.680934,lbank,0.2738,0.2739,127.08,20507.61
2025-07-25T08:17:16.691850,mexc,0.2735,0.2736,4461788.0,4461788.0
2025-07-25T08:17:16.694004,gateio,0.2734,0.2735,16.0,940.0
2025-07-25T08:17:16.714177,huobi,0.273411,0.274108,97.2,97.2
2025-07-25T08:17:16.737399,bybit,0.2736,0.2737,182.7,3373.1
2025-07-25T08:17:16.742648,bingx,0.2735,0.2738,132.76,245.77
2025-07-25T08:17:16.750595,okx,0.2734,0.2736,986.464835,498.549706
2025-07-25T08:17:16.790230,bitget,0.2734,0.2736,50478.7,5986.8
2025-07-25T08:17:16.813202,huobi,0.273383,0.274108,97.2,97.2
2025-07-25T08:17:16.836933,bybit,0.0,0.2737,0.0,3733.6
2025-07-25T08:17:16.873058,gateio,0.2734,0.2735,12.0,940.0
2025-07-25T08:17:16.902680,gateio,0.2733,0.2735,16.0,940.0
2025-07-25T08:17:16.939251,bitget,0.2735,0.2736,28138.8,29297.2
2025-07-25T08:17:16.954693,gateio,0.2733,0.2735,229.0,940.0
2025-07-25T08:17:16.959002,bitmart,0.273,0.2738,45089.0,47072.0
2025-07-25T08:17:17.012863,huobi,0.273439,0.27408,97.2,97.2
2025-07-25T08:17:17.038684,bybit,0.2735,0.2737,6995.3,8129.7
2025-07-25T08:17:17.039042,bingx,0.2734,0.2737,132.63,244.7
2025-07-25T08:17:17.054230,blofin,0.2733,0.2735,125.0,2308.0
2025-07-25T08:17:17.090832,bitget,0.2735,0.2736,8000.0,18456.5
2025-07-25T08:17:17.136975,bybit,0.2735,0.0,2379.9,0.0
2025-07-25T08:17:17.166485,lbank,0.2735,0.2739,513.96,20507.61
2025-07-25T08:17:17.210468,huobi,0.273439,0.274052,97.2,97.2
2025-07-25T08:17:17.236928,binance,0.2736,0.2736,0.0,0.0
2025-07-25T08:17:17.240240,bitget,0.2735,0.2736,8000.0,18456.5
2025-07-25T08:17:17.324777,gateio,0.2733,0.2735,16.0,940.0
2025-07-25T08:17:17.394565,bitget,0.2735,0.2736,8000.0,18456.5
2025-07-25T08:17:17.450704,gateio,0.2733,0.2735,229.0,940.0
2025-07-25T08:17:17.539990,bitget,0.2735,0.2736,13443.7,25714.7
2025-07-25T08:17:17.546456,blofin,0.2733,0.2734,1.0,2302.0
2025-07-25T08:17:17.665643,lbank,0.2735,0.2739,513.96,20507.61
2025-07-25T08:17:17.672655,gateio,0.2733,0.2735,217.0,940.0
2025-07-25T08:17:17.693582,bitget,0.2735,0.2736,13443.7,23166.9
2025-07-25T08:17:17.744710,gateio,0.2733,0.2735,213.0,940.0
2025-07-25T08:17:17.772517,gateio,0.2733,0.2735,4.0,940.0
2025-07-25T08:17:17.840049,bitget,0.2735,0.2736,13443.7,25714.7
2025-07-25T08:17:17.902474,gateio,0.2733,0.2735,229.0,940.0
2025-07-25T08:17:17.938602,bingx,0.2734,0.2737,132.63,244.7
2025-07-25T08:17:17.945983,bitmart,0.273,0.2738,45089.0,50476.0
2025-07-25T08:17:17.972661,gateio,0.2733,0.2735,217.0,940.0
2025-07-25T08:17:17.992649,bitget,0.2735,0.2736,13443.7,23166.9
2025-07-25T08:17:18.046817,blofin,0.2733,0.2734,1.0,2850.0
2025-07-25T08:17:18.057403,gateio,0.2732,0.2735,214.0,940.0
2025-07-25T08:17:18.073526,gateio,0.2733,0.2735,12.0,940.0
2025-07-25T08:17:18.140733,bitget,0.2735,0.2736,8000.0,25714.7
2025-07-25T08:17:18.169554,lbank,0.2735,0.2739,513.96,20507.61
2025-07-25T08:17:18.252592,gateio,0.2733,0.2735,16.0,940.0
2025-07-25T08:17:18.305987,bitget,0.2735,0.2736,8000.0,25714.7
2025-07-25T08:17:18.322665,gateio,0.2733,0.2735,229.0,940.0
2025-07-25T08:17:18.337167,bybit,0.2736,0.2737,422.9,4733.6
2025-07-25T08:17:18.352494,gateio,0.2733,0.2735,16.0,213.0
2025-07-25T08:17:18.408661,huobi,0.273439,0.274024,97.2,97.2
2025-07-25T08:17:18.482460,gateio,0.2733,0.2735,229.0,213.0
2025-07-25T08:17:18.567881,blofin,0.2733,0.2734,1.0,2850.0
2025-07-25T08:17:18.589621,bitget,0.2735,0.2736,8000.0,18456.5
2025-07-25T08:17:18.672292,lbank,0.2735,0.2739,513.96,20507.61
2025-07-25T08:17:18.722969,gateio,0.2733,0.2735,16.0,940.0
2025-07-25T08:17:18.740016,bitget,0.2735,0.2736,8000.0,15908.7
2025-07-25T08:17:18.784628,gateio,0.2733,0.2735,229.0,940.0
2025-07-25T08:17:18.842601,bingx,0.2734,0.2737,132.63,244.7
2025-07-25T08:17:18.894898,bitget,0.2735,0.2736,8000.0,18456.5
2025-07-25T08:17:18.913159,bitmart,0.273,0.2738,81762.0,71583.0
2025-07-25T08:17:18.938117,bybit,0.2736,0.0,67.9,0.0
2025-07-25T08:17:19.037674,bybit,0.2736,0.2737,422.9,4687.3
2025-07-25T08:17:19.039750,bitget,0.2735,0.2736,8000.0,18456.5
2025-07-25T08:17:19.049509,blofin,0.2733,0.2734,1.0,2850.0
2025-07-25T08:17:19.093903,mexc,0.2734,0.2735,4461788.0,4461788.0
2025-07-25T08:17:19.096435,okx,0.2734,0.2736,986.464835,1291.989398
2025-07-25T08:17:19.194373,bitget,0.2735,0.2736,8295.9,15908.7
2025-07-25T08:17:19.209523,gateio,0.2733,0.2735,229.0,213.0
2025-07-25T08:17:19.227381,gateio,0.2733,0.2736,229.0,9889.0
2025-07-25T08:17:19.236998,binance,0.2736,0.2736,0.0,0.0
2025-07-25T08:17:19.237813,bybit,0.2736,0.2737,2074.7,3824.8
2025-07-25T08:17:19.237879,gateio,0.2734,0.2736,213.0,9889.0
2025-07-25T08:17:19.241085,okx,0.2734,0.2736,986.464835,498.549706
2025-07-25T08:17:19.318343,huobi,0.273467,0.274248,97.2,97.2
2025-07-25T08:17:19.337056,bybit,0.2736,0.2737,2167.3,3555.5
2025-07-25T08:17:19.339434,bitget,0.2735,0.2736,16287.4,29527.6
2025-07-25T08:17:19.350489,gateio,0.2734,0.2736,213.0,214.0
2025-07-25T08:17:19.352550,okx,0.2735,0.2736,162.0,300.0
2025-07-25T08:17:19.386484,gateio,0.2733,0.2736,213.0,214.0
2025-07-25T08:17:19.411285,huobi,0.273467,0.273996,97.2,97.2
2025-07-25T08:17:19.439068,bybit,0.2736,0.0,2121.0,0.0
2025-07-25T08:17:19.463718,okx,0.2735,0.2737,198.56307,1470.444757
2025-07-25T08:17:19.475475,gateio,0.2733,0.2736,12.0,214.0
2025-07-25T08:17:19.497286,bitget,0.2735,0.2736,20997.8,1390.6
2025-07-25T08:17:19.543114,gateio,0.2733,0.2736,229.0,9887.0
2025-07-25T08:17:19.553693,blofin,0.2733,0.2734,1.0,2850.0
2025-07-25T08:17:19.639151,bybit,0.2736,0.0,2074.7,0.0
2025-07-25T08:17:19.641838,bitget,0.2735,0.2736,13739.6,1686.5
2025-07-25T08:17:19.748740,bingx,0.2734,0.2737,132.63,244.7
2025-07-25T08:17:19.796156,bitget,0.2735,0.2736,13739.6,1686.5
2025-07-25T08:17:19.942977,bitmart,0.273,0.2738,45089.0,41913.0
2025-07-25T08:17:20.037622,bybit,0.2736,0.2737,3074.7,2526.4
2025-07-25T08:17:20.062494,blofin,0.2733,0.2734,1.0,1395.0
2025-07-25T08:17:20.136944,bybit,0.2736,0.0,3121.0,0.0
2025-07-25T08:17:20.164950,lbank,0.2735,0.2739,513.96,20507.61
2025-07-25T08:17:20.236833,binance,0.2736,0.2736,0.0,0.0
2025-07-25T08:17:20.237627,bybit,0.2736,0.2737,3074.7,3564.4
2025-07-25T08:17:20.241365,bitget,0.2735,0.2736,8295.9,1686.5
2025-07-25T08:17:20.283294,gateio,0.2734,0.2736,213.0,9887.0
2025-07-25T08:17:20.338402,bybit,0.2736,0.2737,3167.3,2564.4
2025-07-25T08:17:20.392707,bitget,0.2735,0.2736,8295.9,1390.6
2025-07-25T08:17:20.434923,gateio,0.2733,0.2736,213.0,9887.0
2025-07-25T08:17:20.437518,bybit,0.0,0.2737,0.0,1038.0
2025-07-25T08:17:20.472816,gateio,0.2733,0.2736,12.0,9887.0
2025-07-25T08:17:20.482816,gateio,0.2733,0.2735,16.0,213.0
2025-07-25T08:17:20.537127,bybit,0.2736,0.2737,2074.7,2394.2
2025-07-25T08:17:20.541469,bitget,0.2735,0.2736,15554.1,295.9
2025-07-25T08:17:20.558434,blofin,0.2733,0.2734,1.0,1395.0
2025-07-25T08:17:20.588880,gateio,0.2733,0.2735,236.0,213.0
2025-07-25T08:17:20.637616,bybit,0.2736,0.2737,67.9,3306.4
2025-07-25T08:17:20.640217,okx,0.2735,0.2736,36.56307,162.0
2025-07-25T08:17:20.650075,bingx,0.2734,0.2737,132.63,244.7
2025-07-25T08:17:20.664230,lbank,0.2735,0.2739,513.96,20507.61
2025-07-25T08:17:20.694163,bitget,0.2735,0.2736,8000.0,4892.1
2025-07-25T08:17:20.727404,huobi,0.273131,0.273968,97.2,97.2
2025-07-25T08:17:20.737700,bybit,0.0,0.2737,0.0,2581.4
2025-07-25T08:17:20.772971,okx,0.2734,0.2736,986.464835,198.556388
2025-07-25T08:17:20.818270,huobi,0.273159,0.27394,97.2,97.2
2025-07-25T08:17:20.846837,bitget,0.2734,0.2736,50008.7,5273.5
2025-07-25T08:17:20.908983,huobi,0.273187,0.27394,97.2,97.2
2025-07-25T08:17:20.955252,bitmart,0.273,0.2738,45089.0,57549.0
2025-07-25T08:17:20.996816,bitget,0.2734,0.2736,40991.7,20666.8
2025-07-25T08:17:21.010932,huobi,0.273215,0.273912,97.2,97.2
2025-07-25T08:17:21.037743,bybit,0.0,0.2737,0.0,3486.8
2025-07-25T08:17:21.044932,gateio,0.2733,0.2735,16.0,213.0
2025-07-25T08:17:21.058239,blofin,0.2733,0.2734,1.0,1395.0
2025-07-25T08:17:21.108917,huobi,0.273243,0.273912,97.2,97.2
2025-07-25T08:17:21.143290,bitget,0.2735,0.2736,295.9,20666.8
2025-07-25T08:17:21.172178,lbank,0.2735,0.2739,513.96,20507.61
2025-07-25T08:17:21.172462,gateio,0.2733,0.2735,236.0,213.0
2025-07-25T08:17:21.194925,gateio,0.2733,0.2735,16.0,940.0
2025-07-25T08:17:21.213097,huobi,0.273243,0.273884,97.2,97.2
2025-07-25T08:17:21.213388,gateio,0.2733,0.2734,16.0,220.0
2025-07-25T08:17:21.237300,binance,0.2736,0.2736,0.0,0.0
2025-07-25T08:17:21.237640,bybit,0.0,0.2737,0.0,4476.7
2025-07-25T08:17:21.292021,bitget,0.2735,0.2736,829.4,9065.9
2025-07-25T08:17:21.321749,huobi,0.273271,0.273884,97.2,97.2
2025-07-25T08:17:21.376767,gateio,0.2733,0.2735,16.0,940.0
2025-07-25T08:17:21.399571,okx,0.2734,0.2736,824.464835,1292.120728
2025-07-25T08:17:21.437571,gateio,0.2733,0.2735,236.0,940.0
2025-07-25T08:17:21.437610,bybit,0.0,0.2737,0.0,4571.3
2025-07-25T08:17:21.443292,bitget,0.2734,0.2736,50006.8,23079.5
2025-07-25T08:17:21.474761,gateio,0.2733,0.2735,16.0,213.0
2025-07-25T08:17:21.500311,okx,0.2734,0.2736,824.464835,498.556388
2025-07-25T08:17:21.510587,huobi,0.273299,0.273856,97.2,97.2
2025-07-25T08:17:21.530497,mexc,0.2734,0.2735,4461788.0,4461788.0
2025-07-25T08:17:21.537468,bybit,0.0,0.2737,0.0,4476.6
2025-07-25T08:17:21.549836,blofin,0.2733,0.2734,1.0,395.0
2025-07-25T08:17:21.555096,bingx,0.2734,0.2737,132.63,244.7
2025-07-25T08:17:21.594734,bitget,0.2734,0.2736,39285.7,29431.1
2025-07-25T08:17:21.614894,gateio,0.2733,0.2735,236.0,213.0
2025-07-25T08:17:21.663198,lbank,0.2735,0.2739,513.96,20507.61
2025-07-25T08:17:21.710541,huobi,0.273299,0.273828,97.2,97.2
2025-07-25T08:17:21.716970,gateio,0.2733,0.2735,16.0,940.0
2025-07-25T08:17:21.742121,bitget,0.2735,0.2736,295.9,12892.1
2025-07-25T08:17:21.814250,huobi,0.273327,0.273828,97.2,97.2
2025-07-25T08:17:21.899379,bitget,0.2735,0.2736,8000.0,15906.1
2025-07-25T08:17:21.909133,huobi,0.273327,0.2738,97.2,97.2
2025-07-25T08:17:21.946972,bitmart,0.273,0.2738,45089.0,41913.0
2025-07-25T08:17:22.008876,huobi,0.273355,0.2738,97.2,97.2
2025-07-25T08:17:22.041205,bitget,0.2735,0.2736,8000.0,15906.1
2025-07-25T08:17:22.056694,gateio,0.2733,0.2735,236.0,940.0
2025-07-25T08:17:22.062675,blofin,0.2733,0.2734,1.0,2996.0
2025-07-25T08:17:22.073545,gateio,0.2733,0.2735,232.0,940.0
2025-07-25T08:17:22.192434,bitget,0.2735,0.2736,8000.0,15906.1
2025-07-25T08:17:22.210578,gateio,0.2732,0.2735,214.0,940.0
2025-07-25T08:17:22.236947,binance,0.2736,0.2736,0.0,0.0
2025-07-25T08:17:22.272829,gateio,0.2733,0.2735,12.0,940.0
2025-07-25T08:17:22.337779,bybit,0.2736,0.0,68.7,0.0
2025-07-25T08:17:22.341197,bitget,0.2735,0.2736,13443.7,14518.1
2025-07-25T08:17:22.437083,bybit,0.0,0.2737,0.0,4383.8
2025-07-25T08:17:22.455357,bingx,0.2734,0.2737,132.63,244.7
2025-07-25T08:17:22.494815,bitget,0.2735,0.2736,13443.7,15598.3
2025-07-25T08:17:22.538079,bybit,0.0,0.2737,0.0,4749.2
2025-07-25T08:17:22.547645,blofin,0.2733,0.2734,1.0,2996.0
2025-07-25T08:17:22.605937,okx,0.2734,0.2736,824.464835,1295.0277
2025-07-25T08:17:22.643065,bitget,0.2734,0.2736,52457.8,15598.3
2025-07-25T08:17:22.657403,gateio,0.2733,0.2735,236.0,940.0
2025-07-25T08:17:22.726184,okx,0.2734,0.2736,824.464835,498.556388
2025-07-25T08:17:22.737904,bybit,0.0,0.2737,0.0,5114.1
2025-07-25T08:17:22.776519,gateio,0.2733,0.2735,16.0,940.0
2025-07-25T08:17:22.796167,bitget,0.2735,0.2736,295.9,27651.9
2025-07-25T08:17:22.910640,huobi,0.273383,0.273772,97.2,97.2
2025-07-25T08:17:22.943591,bitget,0.2735,0.2736,9295.6,15598.3
2025-07-25T08:17:22.955507,bitmart,0.273,0.2738,45089.0,41913.0
2025-07-25T08:17:23.053544,blofin,0.2733,0.2734,1.0,3559.0
2025-07-25T08:17:23.096285,bitget,0.2735,0.2736,1295.6,15598.3
2025-07-25T08:17:23.165095,lbank,0.2735,0.2739,513.96,20507.61
2025-07-25T08:17:23.234221,binance,0.2736,0.2736,0.0,0.0
2025-07-25T08:17:23.243116,bitget,0.2734,0.2736,52457.2,15598.3
2025-07-25T08:17:23.282688,gateio,0.2733,0.2734,16.0,220.0
2025-07-25T08:17:23.295025,okx,0.2734,0.2736,824.464835,1294.287197
2025-07-25T08:17:23.337762,bybit,0.2735,0.2736,2630.2,2813.7
2025-07-25T08:17:23.368648,bingx,0.2734,0.2737,132.63,244.7
2025-07-25T08:17:23.391908,bitget,0.2734,0.2735,34477.7,1390.6
2025-07-25T08:17:23.411559,huobi,0.273411,0.273744,97.2,97.2
2025-07-25T08:17:23.439132,bybit,0.0,0.2736,0.0,2448.8
2025-07-25T08:17:23.439460,okx,0.2734,0.2735,824.464835,162.0
2025-07-25T08:17:23.544482,bitget,0.2734,0.2735,39285.7,9686.5
2025-07-25T08:17:23.556681,blofin,0.2733,0.2734,1.0,3559.0
2025-07-25T08:17:23.610408,huobi,0.273299,0.273744,97.2,97.2
2025-07-25T08:17:23.639026,bybit,0.2735,0.0,1630.2,0.0
2025-07-25T08:17:23.665652,lbank,0.2735,0.2739,513.96,20507.61
2025-07-25T08:17:23.697598,bitget,0.2734,0.2735,11892.0,14282.7
2025-07-25T08:17:23.712595,huobi,0.273327,0.273744,97.2,97.2
2025-07-25T08:17:23.837871,bybit,0.0,0.2736,0.0,2402.5
2025-07-25T08:17:23.847457,bitget,0.2734,0.2735,6807.9,14282.7
2025-07-25T08:17:23.854959,gateio,0.2733,0.2735,16.0,940.0
2025-07-25T08:17:23.883583,mexc,0.2733,0.2734,4463564.0,4463564.0
2025-07-25T08:17:23.892193,bitmart,0.273,0.2738,45089.0,41913.0
2025-07-25T08:17:23.937720,bybit,0.2735,0.2736,2676.5,2356.2
2025-07-25T08:17:23.995256,bitget,0.2734,0.2735,6807.9,9390.6
2025-07-25T08:17:23.995461,okx,0.2734,0.2736,824.464835,1294.287197
2025-07-25T08:17:24.039389,blofin,0.2733,0.2734,1.0,3559.0
2025-07-25T08:17:24.142307,bitget,0.2734,0.2735,6807.9,9390.6
2025-07-25T08:17:24.165066,lbank,0.2735,0.2739,513.96,20507.61
2025-07-25T08:17:24.236757,binance,0.2736,0.2736,0.0,0.0
2025-07-25T08:17:24.238252,bybit,0.2735,0.2736,1630.2,2402.5
2025-07-25T08:17:24.262225,bingx,0.2734,0.2737,132.63,244.7
2025-07-25T08:17:24.338306,bybit,0.0,0.0,0.0,0.0
2025-07-25T08:17:24.445313,bitget,0.2734,0.2735,14807.9,9390.6
2025-07-25T08:17:24.556855,blofin,0.2731,0.2733,5477.0,2573.0
2025-07-25T08:17:24.592858,bitget,0.2734,0.2735,14807.9,9690.7
2025-07-25T08:17:24.638040,bybit,0.0,0.2736,0.0,2356.2
2025-07-25T08:17:24.663417,lbank,0.2735,0.2739,513.96,20507.61
2025-07-25T08:17:24.745101,bitget,0.2734,0.2735,14807.9,9390.6
2025-07-25T08:17:24.899266,bitmart,0.273,0.2738,45089.0,45499.0
2025-07-25T08:17:25.043563,bitget,0.2734,0.2735,14807.9,9690.7
2025-07-25T08:17:25.047467,blofin,0.2731,0.2733,901.0,1292.0
2025-07-25T08:17:25.095768,okx,0.2734,0.2735,824.464835,462.0
2025-07-25T08:17:25.106824,gateio,0.2733,0.2734,16.0,220.0
2025-07-25T08:17:25.109474,huobi,0.273355,0.273744,97.2,97.2
2025-07-25T08:17:25.138634,bybit,0.0,0.2736,0.0,2448.8
2025-07-25T08:17:25.164229,bingx,0.2734,0.2737,132.63,244.7
2025-07-25T08:17:25.194620,bitget,0.2734,0.2735,9364.2,9690.7
2025-07-25T08:17:25.213021,lbank,0.2735,0.2739,513.96,20507.61
2025-07-25T08:17:25.238057,bybit,0.0,0.2736,0.0,2402.5
2025-07-25T08:17:25.336890,bybit,0.0,0.2736,0.0,2448.8
2025-07-25T08:17:25.359403,bitget,0.2734,0.2735,9364.2,9690.7
2025-07-25T08:17:25.437963,bybit,0.2735,0.0,1631.3,0.0
2025-07-25T08:17:25.492894,bitget,0.2734,0.2735,9364.2,9690.7
2025-07-25T08:17:25.554180,blofin,0.2731,0.2733,4.0,590.0
2025-07-25T08:17:25.663654,lbank,0.2735,0.2738,43.92,9247.77
2025-07-25T08:17:25.907523,huobi,0.273383,0.273744,97.2,97.2
2025-07-25T08:17:25.937278,bybit,0.2735,0.0,297.2,0.0
2025-07-25T08:17:25.942679,bitmart,0.273,0.2738,45089.0,75660.0
2025-07-25T08:17:26.011249,huobi,0.273355,0.273744,97.2,97.2
2025-07-25T08:17:26.057859,blofin,0.2731,0.2733,4.0,590.0
2025-07-25T08:17:26.068383,bingx,0.2734,0.2737,132.63,244.7
2025-07-25T08:17:26.093198,okx,0.2734,0.2735,36.569756,462.0
2025-07-25T08:17:26.093859,bitget,0.2734,0.2735,9069.7,9690.7
2025-07-25T08:17:26.108913,huobi,0.273271,0.273744,97.2,97.2
2025-07-25T08:17:26.169572,lbank,0.2735,0.2738,43.92,9247.77
2025-07-25T08:17:26.208520,huobi,0.273299,0.273744,97.2,97.2
2025-07-25T08:17:26.237058,binance,0.2735,0.2735,0.0,0.0
2025-07-25T08:17:26.237488,bybit,0.2735,0.2736,166.1,2619.0
2025-07-25T08:17:26.239570,mexc,0.2733,0.2734,4463564.0,4463564.0
2025-07-25T08:17:26.243238,bitget,0.2734,0.2735,9069.7,9690.7
2025-07-25T08:17:26.337941,bybit,0.0,0.0,0.0,0.0
2025-07-25T08:17:26.410323,huobi,0.273327,0.273744,97.2,97.2
2025-07-25T08:17:26.437763,bybit,0.0,0.0,0.0,0.0
2025-07-25T08:17:26.533580,blofin,0.273,0.2732,4198.0,1722.0
2025-07-25T08:17:26.664888,lbank,0.2733,0.2737,513.96,4764.69
2025-07-25T08:17:26.811933,huobi,0.273327,0.273716,97.2,97.2
2025-07-25T08:17:26.914863,huobi,0.273355,0.273716,97.2,97.2
2025-07-25T08:17:26.966356,bitmart,0.273,0.2738,45089.0,45499.0
2025-07-25T08:17:26.970613,bingx,0.2734,0.2737,132.63,244.7
2025-07-25T08:17:26.990848,okx,0.2733,0.2735,1206.464835,1316.950216
2025-07-25T08:17:26.998325,bitget,0.2733,0.2735,74992.1,39628.6
2025-07-25T08:17:27.044976,blofin,0.273,0.2732,2383.0,1723.0
2025-07-25T08:17:27.060924,gateio,0.2733,0.2735,16.0,940.0
2025-07-25T08:17:27.077106,gateio,0.2733,0.2735,236.0,940.0
2025-07-25T08:17:27.103099,gateio,0.2733,0.2735,16.0,940.0
2025-07-25T08:17:27.119412,huobi,0.273355,0.273688,97.2,97.2
2025-07-25T08:17:27.137175,bybit,0.2735,0.2736,1573.8,1000.0
2025-07-25T08:17:27.146962,bitget,0.2733,0.2735,39192.6,19203.6
2025-07-25T08:17:27.204542,okx,0.2734,0.2736,418.576444,498.556388
2025-07-25T08:17:27.212002,huobi,0.273383,0.274416,97.2,97.2
2025-07-25T08:17:27.228312,gateio,0.2733,0.2735,236.0,940.0
2025-07-25T08:17:27.237104,binance,0.2735,0.2735,0.0,0.0
2025-07-25T08:17:27.238330,bybit,0.2736,0.2737,532.5,4346.2
2025-07-25T08:17:27.273053,gateio,0.2733,0.2735,224.0,940.0
2025-07-25T08:17:27.276749,bingx,0.2733,0.2736,145.44,978.31
2025-07-25T08:17:27.295382,bitget,0.2734,0.2735,21002.0,6199.1
2025-07-25T08:17:27.337287,bybit,0.0,0.0,0.0,0.0
2025-07-25T08:17:27.379429,gateio,0.2732,0.2735,214.0,940.0
2025-07-25T08:17:27.446354,bitget,0.2734,0.2735,21002.0,1390.6
2025-07-25T08:17:27.474828,gateio,0.2733,0.2735,12.0,940.0
2025-07-25T08:17:27.530409,gateio,0.2733,0.2735,236.0,940.0
2025-07-25T08:17:27.542855,blofin,0.273,0.2732,2383.0,1724.0
2025-07-25T08:17:27.572550,gateio,0.2733,0.2735,232.0,940.0
2025-07-25T08:17:27.594000,bitget,0.2734,0.2735,15558.3,1390.6
2025-07-25T08:17:27.685689,gateio,0.2732,0.2735,214.0,940.0
2025-07-25T08:17:27.700563,gateio,0.2732,0.2735,214.0,213.0
2025-07-25T08:17:27.738453,bybit,0.2736,0.0,828.1,0.0
2025-07-25T08:17:27.747077,bitget,0.2734,0.2735,23549.8,1390.6
2025-07-25T08:17:27.774824,gateio,0.2733,0.2735,12.0,213.0
2025-07-25T08:17:27.836076,gateio,0.2733,0.2735,236.0,213.0
2025-07-25T08:17:27.899014,bitget,0.2735,0.2736,1943.4,40580.7
2025-07-25T08:17:27.899805,okx,0.2734,0.2736,418.576444,1291.798767
2025-07-25T08:17:27.911939,huobi,0.273411,0.274415,97.2,4045.7014
2025-07-25T08:17:27.946314,bitmart,0.273,0.2738,44972.0,45499.0
2025-07-25T08:17:28.010888,huobi,0.273411,0.274388,97.2,97.2
2025-07-25T08:17:28.023000,gateio,0.2733,0.2735,16.0,213.0
2025-07-25T08:17:28.038422,bybit,0.0,0.2737,0.0,4392.5
2025-07-25T08:17:28.046016,bitget,0.2735,0.2736,9943.4,28445.8
2025-07-25T08:17:28.053431,blofin,0.273,0.2732,2383.0,1724.0
2025-07-25T08:17:28.108411,huobi,0.273411,0.27436,97.2,97.2
2025-07-25T08:17:28.140542,gateio,0.2733,0.2735,236.0,213.0
2025-07-25T08:17:28.169367,lbank,0.2734,0.2738,664.2,5368.77
2025-07-25T08:17:28.173425,bingx,0.2733,0.2736,145.44,978.31
2025-07-25T08:17:28.194270,bitget,0.2735,0.2736,9943.4,28445.8
2025-07-25T08:17:28.210657,huobi,0.273439,0.27436,97.2,97.2
2025-07-25T08:17:28.236962,bybit,0.0,0.2737,0.0,4346.2
2025-07-25T08:17:28.308774,huobi,0.273383,0.274332,97.2,97.2
2025-07-25T08:17:28.337261,bybit,0.0,0.2737,0.0,4359.4
2025-07-25T08:17:28.344893,bitget,0.2735,0.2736,8000.0,36445.8
2025-07-25T08:17:28.372708,gateio,0.2733,0.2735,232.0,213.0
2025-07-25T08:17:28.413246,huobi,0.273411,0.274332,97.2,97.2
2025-07-25T08:17:28.436971,bybit,0.2736,0.0,2189.5,0.0
2025-07-25T08:17:28.442605,gateio,0.2732,0.2736,214.0,9887.0
2025-07-25T08:17:28.476366,gateio,0.2733,0.2736,4.0,9887.0
2025-07-25T08:17:28.485387,okx,0.2734,0.2736,418.576444,829.798767
2025-07-25T08:17:28.504717,bitget,0.2735,0.2736,8300.1,36445.8
2025-07-25T08:17:28.510954,gateio,0.2733,0.2736,16.0,9887.0
2025-07-25T08:17:28.513902,huobi,0.273439,0.274304,97.2,97.2
2025-07-25T08:17:28.537834,bybit,0.2736,0.2737,2282.1,1108.0
2025-07-25T08:17:28.559032,blofin,0.2731,0.2733,1510.0,200.0
2025-07-25T08:17:28.593126,gateio,0.2734,0.2736,220.0,9887.0
2025-07-25T08:17:28.601452,okx,0.2735,0.2737,162.0,4274.811944
2025-07-25T08:17:28.622401,mexc,0.2733,0.2734,4463564.0,4463564.0
2025-07-25T08:17:28.649205,bitget,0.2735,0.2736,8300.1,8018.8
2025-07-25T08:17:28.663413,lbank,0.2734,0.2738,664.2,19195.55
2025-07-25T08:17:28.716611,okx,0.2735,0.2737,198.56307,1510.632113
2025-07-25T08:17:28.797119,bitget,0.2735,0.2736,23549.8,5312.6
2025-07-25T08:17:28.811619,huobi,0.273467,0.274276,97.2,97.2
2025-07-25T08:17:28.837590,bybit,0.0,0.2737,0.0,1053.0
2025-07-25T08:17:28.855258,okx,0.2735,0.2737,198.56307,1210.632113
2025-07-25T08:17:28.937469,bybit,0.2736,0.0,3282.1,0.0
2025-07-25T08:17:28.952319,bitmart,0.273,0.2738,44972.0,45499.0
2025-07-25T08:17:28.955308,bitget,0.2735,0.2736,43680.1,5312.6
2025-07-25T08:17:28.967492,okx,0.2735,0.2737,198.56307,1990.292407
2025-07-25T08:17:29.067483,blofin,0.2731,0.2733,1515.0,198.0
2025-07-25T08:17:29.084078,bingx,0.2734,0.2737,145.44,1223.14
2025-07-25T08:17:29.097251,bitget,0.2735,0.2736,43680.1,5612.7
2025-07-25T08:17:29.109805,huobi,0.273495,0.274248,97.2,97.2
2025-07-25T08:17:29.174906,lbank,0.2734,0.2738,664.2,19195.55
2025-07-25T08:17:29.236917,binance,0.2735,0.2735,0.0,0.0
2025-07-25T08:17:29.245254,bitget,0.2735,0.2736,43680.1,5312.6
2025-07-25T08:17:29.261459,gateio,0.2734,0.2736,220.0,9674.0
2025-07-25T08:17:29.377483,okx,0.2735,0.2737,498.56307,1990.292407
2025-07-25T08:17:29.395239,bitget,0.2736,0.2737,1943.4,43851.1
2025-07-25T08:17:29.411217,huobi,0.273523,0.27422,97.2,97.2
2025-07-25T08:17:29.548277,bitget,0.2736,0.2737,9943.4,22320.5
2025-07-25T08:17:29.556206,blofin,0.2732,0.2733,2514.0,5.0
2025-07-25T08:17:29.612006,huobi,0.273523,0.274219,97.2,4045.7014
2025-07-25T08:17:29.670083,lbank,0.2734,0.2738,664.2,5368.77
2025-07-25T08:17:29.696646,bitget,0.2736,0.2737,9943.4,30247.9
2025-07-25T08:17:29.710569,huobi,0.273551,0.274192,97.2,97.2
2025-07-25T08:17:29.837743,bybit,0.0,0.2737,0.0,1056.1
2025-07-25T08:17:29.847306,bitget,0.2736,0.2737,9943.4,30247.9
2025-07-25T08:17:29.909092,huobi,0.273551,0.274164,97.2,97.2
2025-07-25T08:17:29.942662,bitmart,0.273,0.2738,44972.0,45499.0
2025-07-25T08:17:29.982744,bingx,0.2734,0.2737,145.44,1223.14
2025-07-25T08:17:30.050158,blofin,0.2732,0.2733,2514.0,5.0
2025-07-25T08:17:30.145680,bitget,0.2736,0.2737,9943.4,37247.9
2025-07-25T08:17:30.236543,binance,0.2735,0.2735,0.0,0.0
2025-07-25T08:17:30.545332,blofin,0.2732,0.2735,4338.0,946.0
2025-07-25T08:17:30.664885,lbank,0.2734,0.2738,664.2,5368.77
2025-07-25T08:17:30.747497,bitget,0.2736,0.2737,10243.5,37247.9
2025-07-25T08:17:30.884304,bingx,0.2734,0.2737,145.44,1223.14
2025-07-25T08:17:30.940748,bitmart,0.273,0.2738,51953.0,45499.0
2025-07-25T08:17:30.993839,mexc,0.2733,0.2734,4463564.0,4463564.0
2025-07-25T08:17:31.038554,bybit,0.2736,0.0,3464.8,0.0
2025-07-25T08:17:31.060418,blofin,0.2732,0.2735,4336.0,1115.0
2025-07-25T08:17:31.166179,lbank,0.2734,0.2738,664.2,5368.77
2025-07-25T08:17:31.437299,bybit,0.2736,0.0,3465.8,0.0
2025-07-25T08:17:31.537477,bybit,0.0,0.2737,0.0,1057.1
2025-07-25T08:17:31.552479,blofin,0.2732,0.2735,4336.0,1116.0
2025-07-25T08:17:31.568404,gateio,0.2732,0.2736,2029.0,9674.0
2025-07-25T08:17:31.579485,gateio,0.2733,0.2735,215.0,215.0
2025-07-25T08:17:31.600008,okx,0.2735,0.2737,336.56307,1990.292407
2025-07-25T08:17:31.638689,bybit,0.2736,0.2737,3373.2,2418.5
2025-07-25T08:17:31.646839,bitget,0.2736,0.2737,8000.0,37247.9
2025-07-25T08:17:31.667674,lbank,0.2734,0.2738,664.2,5368.77
2025-07-25T08:17:31.707114,okx,0.2735,0.2737,36.56307,1990.292407
2025-07-25T08:17:31.737595,bybit,0.2736,0.2737,2011.8,2635.0
2025-07-25T08:17:31.785983,bingx,0.2734,0.2737,145.44,1223.14
2025-07-25T08:17:31.798428,bitget,0.2735,0.2737,34783.1,47242.7
2025-07-25T08:17:31.810638,huobi,0.273187,0.274136,97.2,97.2
2025-07-25T08:17:31.837674,bybit,0.2736,0.2737,1716.2,2588.7
2025-07-25T08:17:31.852882,okx,0.2734,0.2736,1509.176586,191.752398
2025-07-25T08:17:31.911009,huobi,0.273215,0.274136,97.2,97.2
2025-07-25T08:17:31.948109,bitget,0.2735,0.2736,40226.8,5986.8
2025-07-25T08:17:31.960095,bitmart,0.273,0.2738,70791.0,89723.0
2025-07-25T08:17:32.037464,bybit,0.2736,0.0,1762.5,0.0
2025-07-25T08:17:32.051690,blofin,0.2732,0.2735,4336.0,1116.0
2025-07-25T08:17:32.090884,gateio,0.2733,0.2736,215.0,9674.0
2025-07-25T08:17:32.097317,bitget,0.2735,0.2736,33874.1,14453.0
2025-07-25T08:17:32.138554,bybit,0.2736,0.2737,2987.5,1057.1
2025-07-25T08:17:32.166156,lbank,0.2734,0.2738,664.2,5368.77
2025-07-25T08:17:32.176944,gateio,0.2734,0.2736,4.0,9674.0
2025-07-25T08:17:32.203942,okx,0.2735,0.2737,498.56307,1210.632113
2025-07-25T08:17:32.237231,binance,0.2735,0.2735,0.0,0.0
2025-07-25T08:17:32.251983,bitget,0.2735,0.2737,23549.8,43926.2
2025-07-25T08:17:32.253914,huobi,0.273216,0.274135,4045.7014,4045.7014
2025-07-25T08:17:32.312419,huobi,0.273243,0.274108,97.2,97.2
2025-07-25T08:17:32.332370,gateio,0.2734,0.2736,231.0,9674.0
2025-07-25T08:17:32.342460,gateio,0.2734,0.2736,16.0,9674.0
2025-07-25T08:17:32.398860,bitget,0.2736,0.2737,2815.8,33218.3
2025-07-25T08:17:32.482613,gateio,0.2734,0.2736,231.0,9674.0
2025-07-25T08:17:32.520855,gateio,0.2734,0.2736,16.0,9674.0
2025-07-25T08:17:32.548001,bitget,0.2736,0.2737,10815.8,29989.7
2025-07-25T08:17:32.553001,blofin,0.2732,0.2734,4.0,890.0
2025-07-25T08:17:32.608552,huobi,0.273271,0.27408,97.2,97.2
2025-07-25T08:17:32.636402,gateio,0.2734,0.2736,231.0,9674.0
2025-07-25T08:17:32.664812,lbank,0.2734,0.2738,664.2,5368.77
2025-07-25T08:17:32.670043,gateio,0.2734,0.2736,16.0,9674.0
2025-07-25T08:17:32.689184,bingx,0.2734,0.2737,145.44,1223.14
2025-07-25T08:17:32.710994,huobi,0.273299,0.27408,97.2,97.2
2025-07-25T08:17:32.788577,gateio,0.2734,0.2736,231.0,9674.0
2025-07-25T08:17:32.846884,bitget,0.2736,0.2737,10515.7,29989.7
2025-07-25T08:17:32.941308,bitmart,0.273,0.2738,45757.0,45499.0
2025-07-25T08:17:32.973554,gateio,0.2734,0.2736,227.0,9674.0
2025-07-25T08:17:33.041346,blofin,0.2733,0.2735,579.0,906.0
2025-07-25T08:17:33.090399,gateio,0.2733,0.2736,215.0,9674.0
2025-07-25T08:17:33.149665,bitget,0.2736,0.2737,10515.7,29989.7
2025-07-25T08:17:33.166953,lbank,0.2734,0.2738,664.2,5368.77
2025-07-25T08:17:33.172850,gateio,0.2734,0.2736,4.0,9674.0
2025-07-25T08:17:33.322820,gateio,0.2734,0.2736,231.0,9674.0
2025-07-25T08:17:33.376605,mexc,0.2733,0.2734,4463564.0,4463564.0
2025-07-25T08:17:33.376865,okx,0.2735,0.2737,198.56307,1396.937682
2025-07-25T08:17:33.450753,bitget,0.2736,0.2737,10515.7,29989.7
2025-07-25T08:17:33.512889,gateio,0.2734,0.2736,16.0,9674.0
2025-07-25T08:17:33.552373,gateio,0.2734,0.2736,231.0,9674.0
2025-07-25T08:17:33.569865,blofin,0.2733,0.2735,6202.0,937.0
2025-07-25T08:17:33.593494,bingx,0.2734,0.2737,145.44,1223.14
2025-07-25T08:17:33.602188,bitget,0.2736,0.2737,2515.7,29989.7
2025-07-25T08:17:33.664072,lbank,0.2734,0.2738,664.2,5368.77
2025-07-25T08:17:33.716532,gateio,0.2734,0.2736,16.0,9674.0
2025-07-25T08:17:33.810733,gateio,0.2734,0.2736,231.0,9674.0
2025-07-25T08:17:33.812116,huobi,0.2733,0.274052,4083.2032,97.2
2025-07-25T08:17:33.861554,okx,0.2735,0.2737,36.56307,1396.937682
2025-07-25T08:17:33.872584,gateio,0.2734,0.2736,219.0,9674.0
2025-07-25T08:17:33.898474,bitget,0.2735,0.2737,49034.2,29989.7
2025-07-25T08:17:33.909610,huobi,0.273327,0.274052,97.2,97.2
2025-07-25T08:17:33.961644,bitmart,0.273,0.2738,45757.0,45499.0
2025-07-25T08:17:33.962518,gateio,0.2733,0.2736,215.0,9674.0
2025-07-25T08:17:33.974277,gateio,0.2734,0.2736,12.0,9674.0
2025-07-25T08:17:34.011886,huobi,0.273355,0.274024,97.2,97.2
2025-07-25T08:17:34.050427,bitget,0.2736,0.2737,301.4,37436.9
2025-07-25T08:17:34.067475,blofin,0.2733,0.2735,6202.0,937.0
2025-07-25T08:17:34.114445,gateio,0.2734,0.2736,231.0,9674.0
2025-07-25T08:17:34.164638,lbank,0.2734,0.2738,664.2,5368.77
2025-07-25T08:17:34.173881,gateio,0.2734,0.2736,227.0,9674.0
2025-07-25T08:17:34.198983,bitget,0.2736,0.2737,9597.0,30946.5
2025-07-25T08:17:34.248745,okx,0.2735,0.2737,336.56307,1396.937682
2025-07-25T08:17:34.266601,gateio,0.2733,0.2736,215.0,9674.0
2025-07-25T08:17:34.308101,huobi,0.273383,0.273996,97.2,97.2
2025-07-25T08:17:34.351053,bitget,0.2736,0.2737,9295.6,29989.7
2025-07-25T08:17:34.407251,huobi,0.273411,0.273968,97.2,97.2
2025-07-25T08:17:34.418676,gateio,0.2734,0.2736,231.0,9674.0
2025-07-25T08:17:34.466915,gateio,0.2734,0.2736,16.0,9674.0
2025-07-25T08:17:34.494504,bingx,0.2734,0.2737,145.44,1223.14
2025-07-25T08:17:34.499292,bitget,0.2736,0.2737,9295.6,21694.1
2025-07-25T08:17:34.513086,huobi,0.273412,0.273968,37.5018,97.2
2025-07-25T08:17:34.536530,blofin,0.2733,0.2735,5.0,937.0
2025-07-25T08:17:34.539447,bybit,0.2736,0.0,3157.7,0.0
2025-07-25T08:17:34.568379,gateio,0.2734,0.2736,231.0,9674.0
2025-07-25T08:17:34.593749,okx,0.2735,0.2737,336.56307,621.538582
2025-07-25T08:17:34.609735,huobi,0.273467,0.274192,97.2,97.2
2025-07-25T08:17:34.652455,bitget,0.2736,0.2737,17588.5,21398.2
2025-07-25T08:17:34.663445,lbank,0.2734,0.2738,664.2,5368.77
2025-07-25T08:17:34.674439,gateio,0.2734,0.2736,227.0,9674.0
2025-07-25T08:17:34.699468,okx,0.2735,0.2737,1884.100723,621.538582
2025-07-25T08:17:34.712763,huobi,0.273467,0.274164,97.2,97.2
