timestamp,exchange,bid,ask,bid_vol,ask_vol
2025-07-25T08:16:26.143964,bybit,0.5591,0.5592,1547.0,287.0
2025-07-25T08:16:26.143985,bybit,0.5591,0.0,1487.0,0.0
2025-07-25T08:16:26.144001,bybit,0.5591,0.0,1467.0,0.0
2025-07-25T08:16:26.144016,bybit,0.5591,0.0,1189.0,0.0
2025-07-25T08:16:26.144032,bybit,0.0,0.5592,0.0,297.0
2025-07-25T08:16:26.144048,bybit,0.5591,0.5592,1158.0,654.0
2025-07-25T08:16:26.563434,digifinex,0.5586,0.5587,55.0,92.0
2025-07-25T08:16:26.637847,bybit,0.5591,0.0,1189.0,0.0
2025-07-25T08:16:26.681474,bitget,0.55881,0.55934,105.0,107.0
2025-07-25T08:16:26.684871,okx,0.5588,0.5591,509.56,203.66
2025-07-25T08:16:27.013730,huobi,0.5589,0.5595,234.9,234.9
2025-07-25T08:16:27.147337,binance,0.5589,0.5589,0.0,0.0
2025-07-25T08:16:27.295168,bitmex,0.5419,0.5671,4.0,4.0
2025-07-25T08:16:27.317519,bingx,0.5588,0.5591,480.41,32.22
2025-07-25T08:16:27.476443,okx,0.5588,0.5591,509.56,125.36
2025-07-25T08:16:27.669193,bitget,0.55881,0.55934,105.0,107.0
2025-07-25T08:16:27.687007,bingx,0.5588,0.5591,480.41,32.22
2025-07-25T08:16:27.941881,bitmart,0.55733,0.56001,3409.0,9486.0
2025-07-25T08:16:27.988259,bingx,0.5588,0.5591,480.41,32.22
2025-07-25T08:16:28.009717,huobi,0.5589,0.5595,234.9,234.9
2025-07-25T08:16:28.011501,lbank,0.5587,0.559,1290.7,1074.9
2025-07-25T08:16:28.011637,lbank,0.5588,0.559,10.1,1074.9
2025-07-25T08:16:28.011761,lbank,0.5587,0.559,1290.7,1074.9
2025-07-25T08:16:28.147010,binance,0.5589,0.5589,0.0,0.0
2025-07-25T08:16:28.337410,bybit,0.5591,0.0,1158.0,0.0
2025-07-25T08:16:28.437905,bybit,0.5591,0.0,4248.0,0.0
2025-07-25T08:16:28.453739,gateio,0.5591,0.5593,16.0,15.0
2025-07-25T08:16:28.594668,blofin,0.55861,0.5587,191.0,448.0
2025-07-25T08:16:28.596391,blofin,0.55861,0.5587,191.0,448.0
2025-07-25T08:16:28.596810,blofin,0.55861,0.5587,3.0,448.0
2025-07-25T08:16:28.597275,blofin,0.55861,0.5587,3.0,448.0
2025-07-25T08:16:28.810740,mexc,0.5586,0.5588,1728288.0,1728288.0
2025-07-25T08:16:28.892099,bingx,0.5588,0.5591,480.41,32.22
2025-07-25T08:16:28.909466,huobi,0.5589,0.5595,234.9,234.9
2025-07-25T08:16:28.913192,lbank,0.5589,0.559,10.0,1074.9
2025-07-25T08:16:28.963991,bitmart,0.55733,0.56001,3409.0,9486.0
2025-07-25T08:16:29.089686,blofin,0.55861,0.55867,183.0,138.0
2025-07-25T08:16:29.146636,binance,0.5589,0.5589,0.0,0.0
2025-07-25T08:16:29.157682,okx,0.5589,0.5591,121.5,125.36
2025-07-25T08:16:29.165002,lbank,0.5587,0.559,1290.7,1074.9
2025-07-25T08:16:29.204958,gateio,0.5591,0.5593,23.0,15.0
2025-07-25T08:16:29.238211,bybit,0.5591,0.5592,4268.0,297.0
2025-07-25T08:16:29.278946,gateio,0.5591,0.5593,23.0,7.0
2025-07-25T08:16:29.289220,gateio,0.5591,0.5594,23.0,15.0
2025-07-25T08:16:29.301848,okx,0.5589,0.5592,246.86,700.0
2025-07-25T08:16:29.318821,bitget,0.55881,0.55934,105.0,107.0
2025-07-25T08:16:29.337442,bybit,0.5591,0.0,4328.0,0.0
2025-07-25T08:16:29.378103,digifinex,0.5586,0.5593,55.0,12.0
2025-07-25T08:16:29.405637,okx,0.559,0.5593,125.36,860.69
2025-07-25T08:16:29.415280,huobi,0.5589,0.5595,234.9,234.9
2025-07-25T08:16:29.469046,bitget,0.55881,0.55934,803.0,107.0
2025-07-25T08:16:29.478052,digifinex,0.5587,0.5588,70.0,48.0
2025-07-25T08:16:29.564403,blofin,0.55861,0.55867,183.0,138.0
2025-07-25T08:16:29.623304,bitget,0.55886,0.55934,105.0,107.0
2025-07-25T08:16:29.638237,bybit,0.5591,0.0,4330.0,0.0
2025-07-25T08:16:29.686510,okx,0.5589,0.5592,481.14,385.49
2025-07-25T08:16:29.795584,bingx,0.5588,0.5591,480.41,32.22
2025-07-25T08:16:29.858147,gateio,0.5591,0.5594,280.0,15.0
2025-07-25T08:16:29.894928,gateio,0.5592,0.5594,3.0,15.0
2025-07-25T08:16:29.942107,bitmart,0.55733,0.56001,3409.0,9486.0
2025-07-25T08:16:30.025362,gateio,0.5592,0.5594,10.0,15.0
2025-07-25T08:16:30.037989,bybit,0.5593,0.5594,341.0,381.0
2025-07-25T08:16:30.053222,okx,0.559,0.5593,246.86,1709.69
2025-07-25T08:16:30.065038,blofin,0.55861,0.55867,183.0,11.0
2025-07-25T08:16:30.079272,gateio,0.5592,0.5594,10.0,8.0
2025-07-25T08:16:30.094761,gateio,0.5592,0.5595,10.0,15.0
2025-07-25T08:16:30.116871,huobi,0.5589,0.5596,234.9,234.9
2025-07-25T08:16:30.137499,bybit,0.0,0.0,0.0,0.0
2025-07-25T08:16:30.146864,binance,0.559,0.559,0.0,0.0
2025-07-25T08:16:30.149079,gateio,0.5592,0.5595,365.0,15.0
2025-07-25T08:16:30.153917,okx,0.5592,0.5593,121.5,357.68
2025-07-25T08:16:30.176427,digifinex,0.5587,0.5594,70.0,51.0
2025-07-25T08:16:30.199720,gateio,0.5592,0.5596,365.0,15.0
2025-07-25T08:16:30.213718,huobi,0.5589,0.5598,234.9,234.9
2025-07-25T08:16:30.220588,bitget,0.55886,0.55934,443.0,107.0
2025-07-25T08:16:30.263228,okx,0.5592,0.5593,121.5,972.68
2025-07-25T08:16:30.276087,digifinex,0.5588,0.5589,18.0,11.0
2025-07-25T08:16:30.368652,bitget,0.55891,0.55934,105.0,107.0
2025-07-25T08:16:30.437514,bybit,0.5593,0.0,228.0,0.0
2025-07-25T08:16:30.474397,gateio,0.5592,0.5596,622.0,15.0
2025-07-25T08:16:30.483713,gateio,0.5593,0.5596,257.0,15.0
2025-07-25T08:16:30.503393,okx,0.5591,0.5593,439.08,972.68
2025-07-25T08:16:30.507388,gateio,0.5592,0.5596,622.0,15.0
2025-07-25T08:16:30.517107,bitget,0.55891,0.55934,105.0,107.0
2025-07-25T08:16:30.536847,blofin,0.55861,0.55867,183.0,11.0
2025-07-25T08:16:30.661579,okx,0.5591,0.5593,439.08,615.0
2025-07-25T08:16:30.703918,bingx,0.5589,0.5592,506.34,16.11
2025-07-25T08:16:30.956907,lbank,0.5587,0.5589,1290.7,12.9
2025-07-25T08:16:30.968503,bitget,0.55891,0.55934,105.0,107.0
2025-07-25T08:16:30.981191,bitmart,0.55752,0.56001,8885.0,9486.0
2025-07-25T08:16:31.005404,bingx,0.5589,0.5592,506.34,16.11
2025-07-25T08:16:31.036035,gateio,0.5592,0.5596,622.0,273.0
2025-07-25T08:16:31.072537,blofin,0.55868,0.55872,178.0,55.0
2025-07-25T08:16:31.161820,lbank,0.5587,0.559,1290.7,1074.9
2025-07-25T08:16:31.188443,mexc,0.5586,0.5588,1728288.0,1728288.0
2025-07-25T08:16:31.230951,gateio,0.5592,0.5596,622.0,272.0
2025-07-25T08:16:31.327059,gateio,0.5592,0.5596,622.0,273.0
2025-07-25T08:16:31.337585,bybit,0.0,0.5594,0.0,649.0
2025-07-25T08:16:31.427509,gateio,0.5592,0.5596,622.0,272.0
2025-07-25T08:16:31.550447,blofin,0.55868,0.55872,178.0,55.0
2025-07-25T08:16:31.797280,gateio,0.5592,0.5596,365.0,272.0
2025-07-25T08:16:31.840029,bybit,0.5593,0.5594,42.0,669.0
2025-07-25T08:16:31.905485,bingx,0.5589,0.5592,506.34,16.11
2025-07-25T08:16:31.933312,gateio,0.5592,0.5596,365.0,280.0
2025-07-25T08:16:31.937715,bybit,0.5592,0.0,94.0,0.0
2025-07-25T08:16:31.951381,gateio,0.5592,0.5595,365.0,257.0
2025-07-25T08:16:31.953410,bitmex,0.5419,0.5672,4.0,4.0
2025-07-25T08:16:31.967265,okx,0.5591,0.5593,313.74,615.0
2025-07-25T08:16:31.979119,gateio,0.5592,0.5594,365.0,7.0
2025-07-25T08:16:31.979674,bitmex,0.542,0.5672,4.0,4.0
2025-07-25T08:16:32.017164,bitmart,0.55752,0.56001,8885.0,9486.0
2025-07-25T08:16:32.023919,bitget,0.55891,0.55934,105.0,107.0
2025-07-25T08:16:32.025004,gateio,0.5592,0.5594,365.0,15.0
2025-07-25T08:16:32.079047,digifinex,0.5581,0.5589,77.0,11.0
2025-07-25T08:16:32.079346,gateio,0.5592,0.5594,363.0,15.0
2025-07-25T08:16:32.079639,blofin,0.55879,0.5588,331.0,225.0
2025-07-25T08:16:32.140080,bybit,0.0,0.5594,0.0,855.0
2025-07-25T08:16:32.147073,binance,0.559,0.559,0.0,0.0
2025-07-25T08:16:32.164714,gateio,0.5592,0.5594,362.0,15.0
2025-07-25T08:16:32.176387,digifinex,0.5587,0.5595,57.0,48.0
2025-07-25T08:16:32.177397,bitget,0.55896,0.55934,105.0,107.0
2025-07-25T08:16:32.198807,okx,0.5591,0.5593,313.74,795.0
2025-07-25T08:16:32.238233,bybit,0.0,0.5594,0.0,835.0
2025-07-25T08:16:32.291582,digifinex,0.5587,0.5594,57.0,26.0
2025-07-25T08:16:32.337923,bybit,0.0,0.5594,0.0,855.0
2025-07-25T08:16:32.412809,huobi,0.5589,0.5598,234.9,234.9
2025-07-25T08:16:32.465441,gateio,0.5592,0.5594,355.0,15.0
2025-07-25T08:16:32.478845,gateio,0.5591,0.5594,16.0,15.0
2025-07-25T08:16:32.495275,okx,0.559,0.5592,160.59,78.3
2025-07-25T08:16:32.495313,gateio,0.5591,0.5594,16.0,22.0
2025-07-25T08:16:32.525061,gateio,0.5591,0.5594,17.0,22.0
2025-07-25T08:16:32.535500,gateio,0.5591,0.5594,19.0,22.0
2025-07-25T08:16:32.538413,bybit,0.0,0.5594,0.0,2855.0
2025-07-25T08:16:32.555593,blofin,0.55879,0.5588,331.0,225.0
2025-07-25T08:16:32.567155,gateio,0.5591,0.5594,19.0,38.0
2025-07-25T08:16:32.604186,okx,0.559,0.5592,35.23,203.68
2025-07-25T08:16:32.621842,bitget,0.55896,0.55934,105.0,107.0
2025-07-25T08:16:32.637505,bybit,0.0,0.5594,0.0,3743.0
2025-07-25T08:16:32.640998,gateio,0.5591,0.5594,26.0,38.0
2025-07-25T08:16:32.679913,digifinex,0.5587,0.5588,57.0,45.0
2025-07-25T08:16:32.681435,gateio,0.5591,0.5594,10.0,38.0
2025-07-25T08:16:32.695221,gateio,0.5591,0.5594,10.0,295.0
2025-07-25T08:16:32.698765,okx,0.5589,0.5591,355.78,78.3
2025-07-25T08:16:32.730850,gateio,0.5591,0.5594,10.0,22.0
2025-07-25T08:16:32.737593,bybit,0.0,0.5594,0.0,4289.0
2025-07-25T08:16:32.768499,bitget,0.55884,0.55934,105.0,107.0
2025-07-25T08:16:32.809675,bingx,0.5589,0.5592,506.34,16.11
2025-07-25T08:16:32.837520,bybit,0.0,0.5594,0.0,4480.0
2025-07-25T08:16:32.882000,digifinex,0.558,0.5588,10.0,45.0
2025-07-25T08:16:32.918079,lbank,0.5587,0.5589,1290.7,10.0
2025-07-25T08:16:32.918242,bitget,0.55884,0.55934,105.0,107.0
2025-07-25T08:16:32.951336,bitmart,0.55752,0.56001,8885.0,9486.0
2025-07-25T08:16:32.965160,gateio,0.5591,0.5594,10.0,279.0
2025-07-25T08:16:32.975576,digifinex,0.5586,0.5588,38.0,45.0
2025-07-25T08:16:32.976813,gateio,0.5591,0.5593,10.0,257.0
2025-07-25T08:16:33.069389,bitget,0.55884,0.55934,105.0,493.0
2025-07-25T08:16:33.075230,blofin,0.55879,0.5588,331.0,225.0
2025-07-25T08:16:33.111715,bingx,0.5588,0.5591,506.34,16.11
2025-07-25T08:16:33.113178,gateio,0.5591,0.5593,3.0,273.0
2025-07-25T08:16:33.137887,bybit,0.0,0.5594,0.0,4835.0
2025-07-25T08:16:33.146604,binance,0.559,0.559,0.0,0.0
2025-07-25T08:16:33.160843,lbank,0.5587,0.559,1290.7,1074.9
2025-07-25T08:16:33.176579,digifinex,0.5586,0.5594,38.0,26.0
2025-07-25T08:16:33.183626,gateio,0.5591,0.5593,2.0,273.0
2025-07-25T08:16:33.197613,okx,0.5589,0.559,355.78,78.3
2025-07-25T08:16:33.200904,gateio,0.559,0.5593,3.0,273.0
2025-07-25T08:16:33.217433,huobi,0.5588,0.5597,234.9,234.9
2025-07-25T08:16:33.220128,bitget,0.55861,0.55929,9783.0,105.0
2025-07-25T08:16:33.226873,gateio,0.559,0.5592,3.0,257.0
2025-07-25T08:16:33.238471,bybit,0.0,0.5593,0.0,1315.0
2025-07-25T08:16:33.276839,digifinex,0.5586,0.5587,38.0,53.0
2025-07-25T08:16:33.314297,okx,0.5587,0.559,626.2,203.06
2025-07-25T08:16:33.370999,bitget,0.55861,0.55921,9783.0,1776.0
2025-07-25T08:16:33.376161,digifinex,0.5579,0.5587,24.0,53.0
2025-07-25T08:16:33.418949,okx,0.5587,0.5589,626.2,78.3
2025-07-25T08:16:33.452235,bitmex,0.5419,0.5672,4.0,4.0
2025-07-25T08:16:33.464893,bitmex,0.5419,0.5671,4.0,4.0
2025-07-25T08:16:33.519997,bitget,0.55866,0.55916,105.0,105.0
2025-07-25T08:16:33.551149,blofin,0.55878,0.5588,2.0,225.0
2025-07-25T08:16:33.595537,gateio,0.559,0.5592,3.0,264.0
2025-07-25T08:16:33.602638,mexc,0.5587,0.5589,1728288.0,1728288.0
2025-07-25T08:16:33.638355,bybit,0.5591,0.5592,4144.0,656.0
2025-07-25T08:16:33.670451,bitget,0.55866,0.55916,105.0,105.0
2025-07-25T08:16:33.687869,digifinex,0.5579,0.5587,24.0,53.0
2025-07-25T08:16:33.719126,huobi,0.5587,0.5596,234.9,234.9
2025-07-25T08:16:33.737437,bybit,0.0,0.5592,0.0,996.0
2025-07-25T08:16:33.779750,digifinex,0.5578,0.5586,100.0,72.0
2025-07-25T08:16:33.786669,okx,0.5586,0.5589,668.28,203.08
2025-07-25T08:16:33.820631,bitget,0.55866,0.55911,105.0,105.0
2025-07-25T08:16:33.837572,bybit,0.0,0.5592,0.0,976.0
2025-07-25T08:16:33.971582,bitget,0.55866,0.55911,105.0,150.0
2025-07-25T08:16:34.014131,bitmart,0.55678,0.55983,11070.0,5662.0
2025-07-25T08:16:34.019322,bingx,0.5588,0.5591,506.34,16.11
2025-07-25T08:16:34.037816,bybit,0.0,0.5592,0.0,1316.0
2025-07-25T08:16:34.054578,blofin,0.55878,0.5588,2.0,225.0
2025-07-25T08:16:34.122627,bitget,0.55866,0.55906,105.0,105.0
2025-07-25T08:16:34.147003,binance,0.559,0.559,0.0,0.0
2025-07-25T08:16:34.237496,bybit,0.0,0.5592,0.0,1634.0
2025-07-25T08:16:34.275539,bitget,0.55866,0.55906,105.0,105.0
2025-07-25T08:16:34.318746,bingx,0.5588,0.5591,506.34,16.11
2025-07-25T08:16:34.438135,bybit,0.0,0.5592,0.0,1842.0
2025-07-25T08:16:34.521225,gateio,0.559,0.5592,3.0,7.0
2025-07-25T08:16:34.534810,gateio,0.559,0.5594,3.0,257.0
2025-07-25T08:16:34.538134,bybit,0.5591,0.5592,4175.0,1742.0
2025-07-25T08:16:34.551182,gateio,0.559,0.5594,3.0,264.0
2025-07-25T08:16:34.557428,blofin,0.55859,0.55861,12.0,193.0
2025-07-25T08:16:34.566540,gateio,0.559,0.5593,3.0,258.0
2025-07-25T08:16:34.579075,gateio,0.559,0.5592,3.0,8.0
2025-07-25T08:16:34.604198,okx,0.5587,0.5589,148.76,124.78
2025-07-25T08:16:34.607100,gateio,0.559,0.5592,3.0,15.0
2025-07-25T08:16:34.637630,bybit,0.0,0.5592,0.0,1802.0
2025-07-25T08:16:34.677016,digifinex,0.5585,0.5586,32.0,72.0
2025-07-25T08:16:34.837563,bybit,0.5591,0.5592,4144.0,1822.0
2025-07-25T08:16:34.901583,lbank,0.5589,0.559,11.6,1074.9
2025-07-25T08:16:34.938172,bybit,0.0,0.5592,0.0,1802.0
2025-07-25T08:16:34.993310,okx,0.5587,0.5589,191.96,124.78
2025-07-25T08:16:35.009945,bitmart,0.55726,0.55983,389.0,5662.0
2025-07-25T08:16:35.037546,bybit,0.0,0.5592,0.0,1742.0
2025-07-25T08:16:35.082773,blofin,0.55859,0.55861,12.0,193.0
2025-07-25T08:16:35.166250,lbank,0.5587,0.559,1290.7,1074.9
2025-07-25T08:16:35.204975,gateio,0.559,0.5592,19.0,15.0
2025-07-25T08:16:35.237968,bybit,0.5591,0.5592,4175.0,1705.0
2025-07-25T08:16:35.265367,bingx,0.5588,0.5591,506.34,16.11
2025-07-25T08:16:35.320182,bitget,0.55866,0.55906,105.0,105.0
2025-07-25T08:16:35.337588,bybit,0.0,0.5592,0.0,1083.0
2025-07-25T08:16:35.365538,okx,0.5587,0.559,367.64,124.76
2025-07-25T08:16:35.375748,digifinex,0.5585,0.5592,32.0,33.0
2025-07-25T08:16:35.437911,bybit,0.0,0.5592,0.0,1410.0
2025-07-25T08:16:35.540931,blofin,0.55859,0.55861,12.0,193.0
2025-07-25T08:16:35.576762,digifinex,0.5585,0.5587,32.0,18.0
2025-07-25T08:16:35.583012,gateio,0.559,0.5592,19.0,8.0
2025-07-25T08:16:35.638881,bybit,0.0,0.5592,0.0,1546.0
2025-07-25T08:16:35.664992,gateio,0.559,0.5593,19.0,15.0
2025-07-25T08:16:35.676837,digifinex,0.5578,0.5587,100.0,18.0
2025-07-25T08:16:35.697994,bitmex,0.5417,0.5671,4.0,4.0
2025-07-25T08:16:35.707686,okx,0.5588,0.559,78.3,124.76
2025-07-25T08:16:35.723230,bitmex,0.5417,0.567,4.0,4.0
2025-07-25T08:16:35.772456,bitget,0.55871,0.55906,106.0,105.0
2025-07-25T08:16:35.849350,okx,0.5587,0.559,367.64,124.76
2025-07-25T08:16:35.876372,digifinex,0.5586,0.5587,90.0,18.0
2025-07-25T08:16:35.910240,gateio,0.559,0.5593,277.0,15.0
2025-07-25T08:16:35.973162,bitmart,0.55726,0.55983,389.0,5662.0
2025-07-25T08:16:35.988429,okx,0.5588,0.559,121.5,124.76
2025-07-25T08:16:35.997969,mexc,0.5587,0.5589,1728288.0,1728288.0
2025-07-25T08:16:35.998189,gateio,0.559,0.5594,277.0,15.0
2025-07-25T08:16:36.015003,gateio,0.5591,0.5594,258.0,15.0
2025-07-25T08:16:36.016482,huobi,0.5589,0.5596,234.9,234.9
2025-07-25T08:16:36.037705,bybit,0.5592,0.5593,288.0,268.0
2025-07-25T08:16:36.064584,gateio,0.5591,0.5594,265.0,15.0
2025-07-25T08:16:36.067740,blofin,0.55853,0.55856,23.0,143.0
2025-07-25T08:16:36.070322,bitget,0.55871,0.55921,106.0,1776.0
2025-07-25T08:16:36.091184,gateio,0.5592,0.5595,3.0,15.0
2025-07-25T08:16:36.094695,okx,0.559,0.5592,121.5,78.3
2025-07-25T08:16:36.117199,huobi,0.5589,0.5598,234.9,234.9
2025-07-25T08:16:36.122235,bingx,0.5588,0.5591,506.34,16.11
2025-07-25T08:16:36.137751,bybit,0.0,0.5594,0.0,2128.0
2025-07-25T08:16:36.146644,binance,0.5589,0.5589,0.0,0.0
2025-07-25T08:16:36.184050,digifinex,0.5586,0.5594,90.0,26.0
2025-07-25T08:16:36.197713,okx,0.5591,0.5593,121.5,78.3
2025-07-25T08:16:36.222394,bitget,0.55886,0.55929,106.0,105.0
2025-07-25T08:16:36.237923,bybit,0.0,0.5594,0.0,1436.0
2025-07-25T08:16:36.277431,digifinex,0.5587,0.5594,14.0,26.0
2025-07-25T08:16:36.337529,bybit,0.0,0.5594,0.0,1469.0
2025-07-25T08:16:36.424662,bingx,0.5589,0.5592,506.34,16.11
2025-07-25T08:16:36.437804,bybit,0.5592,0.5594,208.0,1480.0
2025-07-25T08:16:36.457341,okx,0.5591,0.5593,121.5,685.3
2025-07-25T08:16:36.488679,gateio,0.5592,0.5595,19.0,15.0
2025-07-25T08:16:36.522722,bitget,0.55886,0.55929,106.0,105.0
2025-07-25T08:16:36.537664,bybit,0.5592,0.5594,288.0,1236.0
2025-07-25T08:16:36.551484,blofin,0.55853,0.55856,23.0,143.0
2025-07-25T08:16:36.565309,gateio,0.5592,0.5595,374.0,15.0
2025-07-25T08:16:36.614749,huobi,0.5589,0.5598,234.9,234.9
2025-07-25T08:16:36.670938,bitget,0.55886,0.55929,382.0,105.0
2025-07-25T08:16:36.676415,digifinex,0.5588,0.5589,87.0,67.0
2025-07-25T08:16:36.737509,bybit,0.5593,0.0,110.0,0.0
2025-07-25T08:16:36.778379,digifinex,0.5588,0.5595,87.0,48.0
2025-07-25T08:16:36.815955,huobi,0.5591,0.5598,234.9,234.9
2025-07-25T08:16:36.821530,bitget,0.55891,0.55929,106.0,105.0
2025-07-25T08:16:36.837081,gateio,0.5593,0.5595,258.0,15.0
2025-07-25T08:16:36.837957,bybit,0.5593,0.5594,221.0,41.0
2025-07-25T08:16:36.869439,gateio,0.5593,0.5595,265.0,15.0
2025-07-25T08:16:36.878908,gateio,0.5593,0.5595,265.0,8.0
2025-07-25T08:16:36.893452,okx,0.5591,0.5594,246.18,78.3
2025-07-25T08:16:36.896298,gateio,0.5593,0.5596,7.0,15.0
2025-07-25T08:16:36.916824,huobi,0.559,0.5598,234.9,234.9
2025-07-25T08:16:36.958048,bitmart,0.55749,0.56006,5853.0,272.0
2025-07-25T08:16:36.963313,lbank,0.5589,0.559,22.3,1074.9
2025-07-25T08:16:36.973936,bitget,0.55896,0.55941,106.0,106.0
2025-07-25T08:16:36.981177,gateio,0.5593,0.5596,9.0,15.0
2025-07-25T08:16:36.981683,digifinex,0.5589,0.559,49.0,98.0
2025-07-25T08:16:36.994340,okx,0.5592,0.5594,246.22,78.3
2025-07-25T08:16:37.009935,gateio,0.5593,0.5596,268.0,15.0
2025-07-25T08:16:37.013536,huobi,0.5589,0.5598,234.9,234.9
2025-07-25T08:16:37.070560,blofin,0.55854,0.55865,19.0,15.0
2025-07-25T08:16:37.112649,huobi,0.5591,0.5599,234.9,234.9
2025-07-25T08:16:37.126698,bitget,0.55896,0.55941,106.0,106.0
2025-07-25T08:16:37.147060,binance,0.5591,0.5591,0.0,0.0
2025-07-25T08:16:37.159927,lbank,0.5587,0.559,1290.7,1074.9
2025-07-25T08:16:37.212617,huobi,0.5591,0.56,234.9,234.9
2025-07-25T08:16:37.237905,bybit,0.5593,0.0,465.0,0.0
2025-07-25T08:16:37.271294,bitget,0.55896,0.55941,106.0,106.0
2025-07-25T08:16:37.331989,bingx,0.5589,0.5592,506.34,16.11
2025-07-25T08:16:37.337675,bybit,0.0,0.0,0.0,0.0
2025-07-25T08:16:37.376010,digifinex,0.5589,0.5596,49.0,37.0
2025-07-25T08:16:37.381356,gateio,0.5593,0.5596,268.0,7.0
2025-07-25T08:16:37.422457,bitget,0.55896,0.55952,106.0,1776.0
2025-07-25T08:16:37.475105,gateio,0.5593,0.5597,268.0,15.0
2025-07-25T08:16:37.475983,digifinex,0.5589,0.5596,49.0,37.0
2025-07-25T08:16:37.485514,okx,0.5592,0.5594,246.22,601.0
2025-07-25T08:16:37.537403,bybit,0.0,0.5594,0.0,27.0
2025-07-25T08:16:37.551018,blofin,0.55854,0.55865,19.0,15.0
2025-07-25T08:16:37.572320,bitget,0.55896,0.55947,106.0,106.0
2025-07-25T08:16:37.595512,okx,0.5592,0.5595,246.22,78.3
2025-07-25T08:16:37.660347,lbank,0.5589,0.5592,1869.3,955.2
2025-07-25T08:16:37.731053,gateio,0.5593,0.5597,268.0,16.0
2025-07-25T08:16:37.827178,gateio,0.5593,0.5597,268.0,15.0
2025-07-25T08:16:37.907918,bitmex,0.5421,0.567,4.0,4.0
2025-07-25T08:16:37.910851,okx,0.5593,0.5595,121.5,78.3
2025-07-25T08:16:37.915559,bitmex,0.5421,0.5674,4.0,4.0
2025-07-25T08:16:37.919328,bingx,0.5591,0.5593,506.34,16.11
2025-07-25T08:16:37.982567,digifinex,0.5589,0.5596,49.0,37.0
2025-07-25T08:16:38.004617,bitmart,0.55767,0.56024,6505.0,399.0
2025-07-25T08:16:38.073361,blofin,0.55854,0.55865,19.0,15.0
2025-07-25T08:16:38.146817,binance,0.5592,0.5592,0.0,0.0
2025-07-25T08:16:38.181441,okx,0.5593,0.5595,121.5,258.3
2025-07-25T08:16:38.289053,okx,0.5593,0.5595,121.5,78.3
2025-07-25T08:16:38.327256,gateio,0.5593,0.5597,268.0,16.0
2025-07-25T08:16:38.389480,okx,0.5593,0.5595,246.22,679.3
2025-07-25T08:16:38.396230,mexc,0.5587,0.5589,1728288.0,1728288.0
2025-07-25T08:16:38.428168,gateio,0.5593,0.5597,268.0,15.0
2025-07-25T08:16:38.485405,gateio,0.5594,0.5597,258.0,15.0
2025-07-25T08:16:38.570072,blofin,0.5589,0.55892,193.0,63.0
2025-07-25T08:16:38.602159,okx,0.5593,0.5595,246.22,601.0
2025-07-25T08:16:38.737746,bybit,0.5593,0.0,494.0,0.0
2025-07-25T08:16:38.795189,gateio,0.5595,0.5597,3.0,15.0
2025-07-25T08:16:38.826187,bingx,0.5591,0.5593,506.34,16.11
2025-07-25T08:16:38.921380,lbank,0.5589,0.5591,1869.3,14.0
2025-07-25T08:16:38.956096,bitmart,0.55767,0.56024,6505.0,399.0
2025-07-25T08:16:39.049006,blofin,0.5589,0.55892,193.0,63.0
2025-07-25T08:16:39.222001,bitget,0.55896,0.55947,502.0,106.0
2025-07-25T08:16:39.280592,digifinex,0.559,0.5596,95.0,37.0
2025-07-25T08:16:39.337726,bybit,0.5593,0.0,434.0,0.0
2025-07-25T08:16:39.345179,gateio,0.5595,0.5597,3.0,273.0
2025-07-25T08:16:39.375510,bitget,0.55901,0.55947,106.0,106.0
2025-07-25T08:16:39.376511,digifinex,0.5582,0.5591,88.0,37.0
2025-07-25T08:16:39.378769,gateio,0.5595,0.5597,3.0,265.0
2025-07-25T08:16:39.437598,bybit,0.5593,0.0,494.0,0.0
2025-07-25T08:16:39.445832,bitmex,0.5422,0.5674,4.0,4.0
2025-07-25T08:16:39.480918,gateio,0.5594,0.5596,3.0,8.0
2025-07-25T08:16:39.495454,okx,0.5593,0.5595,121.5,601.0
2025-07-25T08:16:39.529072,bitget,0.55901,0.55947,106.0,106.0
2025-07-25T08:16:39.537527,gateio,0.5594,0.5596,19.0,15.0
2025-07-25T08:16:39.563834,blofin,0.55894,0.55895,188.0,126.0
2025-07-25T08:16:39.578599,digifinex,0.5583,0.5591,64.0,37.0
2025-07-25T08:16:39.578891,gateio,0.5594,0.5596,19.0,7.0
2025-07-25T08:16:39.618559,gateio,0.5594,0.5597,19.0,15.0
2025-07-25T08:16:39.672489,bitget,0.55906,0.55947,106.0,106.0
2025-07-25T08:16:39.732415,bingx,0.5591,0.5593,506.34,16.11
2025-07-25T08:16:39.824319,bitget,0.55906,0.55947,106.0,106.0
2025-07-25T08:16:39.849972,okx,0.5593,0.5595,121.5,781.0
2025-07-25T08:16:39.879836,digifinex,0.559,0.5591,70.0,37.0
2025-07-25T08:16:39.985694,bitmart,0.55767,0.56024,6505.0,399.0
2025-07-25T08:16:40.037495,bybit,0.5593,0.0,7711.0,0.0
2025-07-25T08:16:40.046699,gateio,0.5594,0.5597,3.0,15.0
2025-07-25T08:16:40.063407,blofin,0.55894,0.55895,188.0,126.0
2025-07-25T08:16:40.072718,bingx,0.5591,0.5593,506.34,16.11
2025-07-25T08:16:40.128887,gateio,0.5594,0.5597,3.0,16.0
2025-07-25T08:16:40.146743,binance,0.5592,0.5592,0.0,0.0
2025-07-25T08:16:40.408902,lbank,0.5589,0.5592,1869.3,955.2
2025-07-25T08:16:40.426694,gateio,0.5594,0.5597,3.0,15.0
2025-07-25T08:16:40.500135,okx,0.5593,0.5595,121.5,601.0
2025-07-25T08:16:40.546558,blofin,0.55894,0.55895,188.0,126.0
2025-07-25T08:16:40.609831,okx,0.5593,0.5595,121.5,781.0
2025-07-25T08:16:40.624901,gateio,0.5594,0.5597,3.0,16.0
2025-07-25T08:16:40.726972,gateio,0.5594,0.5597,3.0,15.0
2025-07-25T08:16:40.738131,bybit,0.5593,0.0,7651.0,0.0
2025-07-25T08:16:40.753392,mexc,0.5589,0.559,1728288.0,1728288.0
2025-07-25T08:16:40.814438,huobi,0.5591,0.56,234.9,234.9
2025-07-25T08:16:40.827089,gateio,0.5594,0.5597,3.0,16.0
2025-07-25T08:16:40.923149,lbank,0.5591,0.5592,16.2,955.2
2025-07-25T08:16:40.932746,bingx,0.5591,0.5593,506.34,16.11
2025-07-25T08:16:40.954691,bitmart,0.55767,0.56024,6505.0,399.0
2025-07-25T08:16:41.062126,blofin,0.55897,0.55899,3.0,117.0
2025-07-25T08:16:41.146548,binance,0.5592,0.5592,0.0,0.0
2025-07-25T08:16:41.158148,gateio,0.5594,0.5597,3.0,274.0
2025-07-25T08:16:41.160232,lbank,0.5589,0.5592,1869.3,955.2
2025-07-25T08:16:41.177493,gateio,0.5594,0.5597,3.0,290.0
2025-07-25T08:16:41.195013,gateio,0.5593,0.5597,26.0,290.0
2025-07-25T08:16:41.207678,okx,0.5592,0.5594,438.46,78.3
2025-07-25T08:16:41.237442,bybit,0.5593,0.0,7631.0,0.0
2025-07-25T08:16:41.323411,bitget,0.55906,0.55947,106.0,106.0
2025-07-25T08:16:41.337488,bybit,0.5593,0.0,7651.0,0.0
2025-07-25T08:16:41.559835,blofin,0.55897,0.55899,3.0,117.0
2025-07-25T08:16:41.840308,bingx,0.5591,0.5593,506.34,16.11
2025-07-25T08:16:41.840354,bybit,0.0,0.0,0.0,0.0
2025-07-25T08:16:41.945349,bitmart,0.55767,0.56024,6505.0,399.0
2025-07-25T08:16:41.975448,gateio,0.5593,0.5597,284.0,290.0
2025-07-25T08:16:42.075634,blofin,0.55897,0.55899,3.0,117.0
2025-07-25T08:16:42.149614,binance,0.5592,0.5592,0.0,0.0
2025-07-25T08:16:42.150071,okx,0.5592,0.5595,438.46,601.0
2025-07-25T08:16:42.230806,gateio,0.5593,0.5597,284.0,289.0
2025-07-25T08:16:42.290584,okx,0.5593,0.5595,124.74,78.3
2025-07-25T08:16:42.395911,okx,0.5593,0.5595,124.74,88.3
2025-07-25T08:16:42.516921,huobi,0.5591,0.56,608.5977,234.9
2025-07-25T08:16:42.549582,okx,0.5593,0.5595,124.74,730.3
2025-07-25T08:16:42.559315,blofin,0.55897,0.55899,3.0,117.0
2025-07-25T08:16:42.613755,huobi,0.5592,0.56,234.9,234.9
2025-07-25T08:16:42.676373,bitget,0.55906,0.55947,106.0,106.0
2025-07-25T08:16:42.745624,bingx,0.5591,0.5593,506.34,16.11
2025-07-25T08:16:42.827152,bitget,0.55906,0.55947,106.0,106.0
2025-07-25T08:16:42.859825,okx,0.5592,0.5594,438.46,78.3
2025-07-25T08:16:42.953800,bitmart,0.55767,0.56024,6505.0,399.0
2025-07-25T08:16:42.980027,lbank,0.5589,0.5591,1869.3,10.0
2025-07-25T08:16:43.054899,bingx,0.5591,0.5593,506.34,16.11
2025-07-25T08:16:43.076118,blofin,0.55896,0.55899,137.0,117.0
2025-07-25T08:16:43.137578,mexc,0.5589,0.559,1728288.0,1728288.0
2025-07-25T08:16:43.158123,lbank,0.5589,0.5592,1869.3,955.2
2025-07-25T08:16:43.554352,gateio,0.5593,0.5597,284.0,31.0
2025-07-25T08:16:43.560722,blofin,0.55896,0.55899,137.0,117.0
2025-07-25T08:16:43.695551,okx,0.5592,0.5595,438.46,540.3
2025-07-25T08:16:43.800493,okx,0.5592,0.5595,438.46,78.3
2025-07-25T08:16:43.919285,okx,0.5592,0.5595,438.46,808.3
2025-07-25T08:16:43.944125,bingx,0.5591,0.5593,506.34,16.11
2025-07-25T08:16:44.034614,bitmart,0.55767,0.56024,6505.0,399.0
2025-07-25T08:16:44.049923,okx,0.5592,0.5595,438.46,628.3
2025-07-25T08:16:44.063415,blofin,0.55896,0.55899,137.0,117.0
2025-07-25T08:16:44.180733,okx,0.5592,0.5595,438.46,808.3
2025-07-25T08:16:44.390228,okx,0.5592,0.5595,438.46,628.3
2025-07-25T08:16:44.563630,blofin,0.55896,0.55899,137.0,116.0
2025-07-25T08:16:44.626088,bitget,0.55906,0.55947,1402.0,106.0
2025-07-25T08:16:44.737588,bybit,0.0,0.0,0.0,0.0
2025-07-25T08:16:44.775634,bitget,0.55911,0.55947,107.0,106.0
2025-07-25T08:16:44.837250,bybit,0.0,0.0,0.0,0.0
2025-07-25T08:16:44.848299,bingx,0.5591,0.5593,506.34,16.11
2025-07-25T08:16:44.935824,lbank,0.5589,0.5591,1869.3,22.6
2025-07-25T08:16:44.958304,bitmart,0.55767,0.56024,6505.0,399.0
2025-07-25T08:16:45.065315,blofin,0.55896,0.55899,137.0,116.0
2025-07-25T08:16:45.160330,lbank,0.5589,0.5592,1869.3,955.2
2025-07-25T08:16:45.175624,gateio,0.5593,0.5597,284.0,278.0
2025-07-25T08:16:45.257188,okx,0.5592,0.5594,438.46,78.3
2025-07-25T08:16:45.528151,mexc,0.5589,0.559,1728288.0,1728288.0
2025-07-25T08:16:45.533535,gateio,0.5593,0.5597,697.0,278.0
2025-07-25T08:16:45.538157,bybit,0.5593,0.0,7652.0,0.0
2025-07-25T08:16:45.563476,blofin,0.55896,0.55899,137.0,116.0
2025-07-25T08:16:45.565312,gateio,0.5593,0.5597,284.0,278.0
2025-07-25T08:16:45.639098,bybit,0.5593,0.0,7712.0,0.0
2025-07-25T08:16:45.705609,okx,0.5592,0.5595,438.46,628.3
2025-07-25T08:16:45.714998,huobi,0.5592,0.56,234.9,234.9
2025-07-25T08:16:45.756675,bingx,0.5591,0.5593,506.34,16.11
2025-07-25T08:16:45.850128,okx,0.5592,0.5595,438.46,78.3
2025-07-25T08:16:45.912762,gateio,0.5593,0.5597,284.0,15.0
2025-07-25T08:16:45.947411,bitmart,0.55767,0.56024,6505.0,399.0
2025-07-25T08:16:45.954301,okx,0.5593,0.5595,124.74,553.3
2025-07-25T08:16:46.038930,gateio,0.5593,0.5597,697.0,15.0
2025-07-25T08:16:46.050595,gateio,0.5594,0.5597,263.0,15.0
2025-07-25T08:16:46.075268,blofin,0.55896,0.55899,137.0,116.0
2025-07-25T08:16:46.078773,gateio,0.5594,0.5597,263.0,8.0
2025-07-25T08:16:46.094512,gateio,0.5595,0.5598,3.0,15.0
2025-07-25T08:16:46.130914,gateio,0.5595,0.5598,10.0,15.0
2025-07-25T08:16:46.147011,binance,0.5592,0.5592,0.0,0.0
2025-07-25T08:16:46.278285,bitget,0.55911,0.55947,107.0,106.0
2025-07-25T08:16:46.560083,blofin,0.55896,0.55899,167.0,118.0
2025-07-25T08:16:46.650160,bingx,0.5591,0.5593,506.34,16.11
2025-07-25T08:16:46.726963,bitget,0.55911,0.55947,755.0,106.0
2025-07-25T08:16:46.737599,bybit,0.5593,0.0,495.0,0.0
2025-07-25T08:16:46.776289,digifinex,0.559,0.5597,70.0,22.0
2025-07-25T08:16:46.801017,gateio,0.5595,0.5598,10.0,370.0
2025-07-25T08:16:46.877708,digifinex,0.5591,0.5592,64.0,11.0
2025-07-25T08:16:46.883970,bitget,0.55916,0.55947,107.0,106.0
2025-07-25T08:16:46.932283,lbank,0.5589,0.5591,1869.3,10.0
2025-07-25T08:16:46.961746,bingx,0.5591,0.5593,506.34,16.11
2025-07-25T08:16:47.005884,bitmart,0.55767,0.56024,6505.0,399.0
2025-07-25T08:16:47.017651,huobi,0.5592,0.5598,373.6977,234.9
2025-07-25T08:16:47.072029,blofin,0.55896,0.55899,167.0,118.0
2025-07-25T08:16:47.125560,gateio,0.5595,0.5598,10.0,15.0
2025-07-25T08:16:47.139393,bybit,0.5594,0.5595,499.0,10.0
2025-07-25T08:16:47.147322,binance,0.5593,0.5593,0.0,0.0
2025-07-25T08:16:47.158426,okx,0.5593,0.5595,124.74,475.0
2025-07-25T08:16:47.161213,lbank,0.5589,0.5592,1869.3,955.2
2025-07-25T08:16:47.178145,bitget,0.55916,0.55959,107.0,42083.0
2025-07-25T08:16:47.217978,huobi,0.5593,0.56,234.9,5166.8339
2025-07-25T08:16:47.238377,bybit,0.5594,0.0,692.0,0.0
2025-07-25T08:16:47.241976,bitmex,0.5422,0.5675,4.0,4.0
2025-07-25T08:16:47.273279,okx,0.5594,0.5596,246.24,78.3
2025-07-25T08:16:47.330534,bitget,0.55916,0.55954,107.0,107.0
2025-07-25T08:16:47.415106,huobi,0.5593,0.5599,234.9,234.9
2025-07-25T08:16:47.500139,okx,0.5594,0.5596,246.24,693.3
2025-07-25T08:16:47.510962,huobi,0.5593,0.5601,234.9,234.9
2025-07-25T08:16:47.550663,blofin,0.55902,0.55905,162.0,210.0
2025-07-25T08:16:47.557057,bingx,0.5592,0.5595,1277.19,33.29
2025-07-25T08:16:47.600983,gateio,0.5595,0.5598,26.0,15.0
2025-07-25T08:16:47.628256,bitget,0.55917,0.55954,1245.0,107.0
2025-07-25T08:16:47.747182,okx,0.5594,0.5596,246.24,513.3
2025-07-25T08:16:47.778584,bitget,0.55922,0.55965,107.0,106.0
2025-07-25T08:16:47.897201,mexc,0.5589,0.559,1728288.0,1728288.0
2025-07-25T08:16:47.947711,bitmart,0.55785,0.56055,4328.0,10916.0
2025-07-25T08:16:47.976031,digifinex,0.5591,0.5592,64.0,10.0
2025-07-25T08:16:47.988185,okx,0.5594,0.5596,246.24,693.3
2025-07-25T08:16:48.053349,blofin,0.55902,0.55905,162.0,210.0
2025-07-25T08:16:48.137728,bybit,0.0,0.0,0.0,0.0
2025-07-25T08:16:48.146708,binance,0.5593,0.5593,0.0,0.0
2025-07-25T08:16:48.252451,okx,0.5594,0.5596,246.24,513.3
2025-07-25T08:16:48.360646,gateio,0.5595,0.5598,289.0,15.0
2025-07-25T08:16:48.415322,huobi,0.5591,0.5601,234.9,234.9
2025-07-25T08:16:48.425111,gateio,0.5595,0.5598,381.0,15.0
2025-07-25T08:16:48.437963,bybit,0.5596,0.5597,388.0,830.0
2025-07-25T08:16:48.458113,bingx,0.5592,0.5595,1277.19,33.29
2025-07-25T08:16:48.478606,gateio,0.5595,0.5598,381.0,7.0
2025-07-25T08:16:48.485564,okx,0.5594,0.5596,246.24,435.0
2025-07-25T08:16:48.494616,gateio,0.5595,0.5599,381.0,15.0
2025-07-25T08:16:48.513031,gateio,0.5596,0.5599,263.0,15.0
2025-07-25T08:16:48.515667,huobi,0.5594,0.5601,1578.6172,234.9
2025-07-25T08:16:48.529541,bitget,0.55922,0.5598,107.0,106.0
2025-07-25T08:16:48.537914,bybit,0.5596,0.5597,448.0,24.0
2025-07-25T08:16:48.546249,blofin,0.55906,0.55908,81.0,305.0
2025-07-25T08:16:48.581750,digifinex,0.5591,0.5598,64.0,11.0
2025-07-25T08:16:48.594808,gateio,0.5597,0.56,3.0,18.0
2025-07-25T08:16:48.598768,okx,0.5595,0.5598,124.74,78.3
2025-07-25T08:16:48.612758,huobi,0.5595,0.5601,234.9,234.9
2025-07-25T08:16:48.675802,digifinex,0.5592,0.5593,14.0,27.0
2025-07-25T08:16:48.683894,bitget,0.55922,0.5598,1211.0,106.0
2025-07-25T08:16:48.691923,okx,0.5596,0.5598,121.5,1038.28
2025-07-25T08:16:48.726971,gateio,0.5597,0.56,3.0,19.0
2025-07-25T08:16:48.738436,bybit,0.5596,0.0,499.0,0.0
2025-07-25T08:16:48.799085,okx,0.5596,0.5597,121.5,443.0
2025-07-25T08:16:48.827306,bitget,0.55927,0.5598,157.0,106.0
2025-07-25T08:16:48.952564,bitmart,0.55785,0.56055,4328.0,10916.0
2025-07-25T08:16:48.979709,bitget,0.55932,0.5598,107.0,106.0
2025-07-25T08:16:49.009426,lbank,0.5593,0.5595,921.2,19.0
2025-07-25T08:16:49.015051,gateio,0.5597,0.56,10.0,19.0
2025-07-25T08:16:49.037960,bybit,0.5596,0.5597,593.0,10.0
2025-07-25T08:16:49.085039,blofin,0.55906,0.55908,81.0,305.0
2025-07-25T08:16:49.117614,huobi,0.5595,0.5603,234.9,234.9
2025-07-25T08:16:49.130672,bitget,0.55932,0.5598,107.0,106.0
2025-07-25T08:16:49.137510,bybit,0.5596,0.0,787.0,0.0
2025-07-25T08:16:49.146730,binance,0.5595,0.5595,0.0,0.0
2025-07-25T08:16:49.162704,lbank,0.5593,0.5596,921.2,1477.0
2025-07-25T08:16:49.176999,gateio,0.5597,0.56,26.0,19.0
2025-07-25T08:16:49.189609,gateio,0.5597,0.56,26.0,4.0
2025-07-25T08:16:49.194268,digifinex,0.5592,0.5599,12.0,16.0
2025-07-25T08:16:49.242686,gateio,0.5597,0.56,26.0,3.0
2025-07-25T08:16:49.277322,digifinex,0.5593,0.5594,11.0,15.0
2025-07-25T08:16:49.279089,bitget,0.55932,0.55982,1293.0,41954.0
2025-07-25T08:16:49.289719,okx,0.5596,0.5599,246.24,1506.19
2025-07-25T08:16:49.308523,bitmex,0.5422,0.5677,4.0,4.0
2025-07-25T08:16:49.337693,bybit,0.5597,0.5598,508.0,10.0
2025-07-25T08:16:49.348094,bitmex,0.5424,0.5677,4.0,4.0
2025-07-25T08:16:49.359401,bingx,0.5594,0.5597,706.41,369.45
2025-07-25T08:16:49.376886,digifinex,0.5593,0.56,11.0,81.0
2025-07-25T08:16:49.392736,okx,0.5597,0.5599,121.5,1654.02
2025-07-25T08:16:49.413368,gateio,0.5597,0.56,289.0,3.0
2025-07-25T08:16:49.431278,bitget,0.55937,0.5599,107.0,106.0
2025-07-25T08:16:49.437813,bybit,0.5597,0.0,329.0,0.0
2025-07-25T08:16:49.498649,okx,0.5597,0.5599,121.5,1654.02
2025-07-25T08:16:49.568727,blofin,0.55922,0.55923,148.0,35.0
2025-07-25T08:16:49.578082,bitget,0.55937,0.55988,107.0,107.0
2025-07-25T08:16:49.579072,digifinex,0.5593,0.56,11.0,81.0
2025-07-25T08:16:49.613206,huobi,0.5595,0.5601,234.9,234.9
2025-07-25T08:16:49.639476,gateio,0.5598,0.56,263.0,3.0
2025-07-25T08:16:49.716830,huobi,0.5595,0.5603,608.5977,234.9
2025-07-25T08:16:49.729996,bitget,0.55937,0.55988,107.0,107.0
2025-07-25T08:16:49.771831,okx,0.5597,0.5599,121.5,1575.72
2025-07-25T08:16:49.776471,digifinex,0.5594,0.56,34.0,81.0
2025-07-25T08:16:49.813167,huobi,0.5596,0.5603,234.9,234.9
2025-07-25T08:16:49.879332,bitget,0.55937,0.55988,107.0,107.0
2025-07-25T08:16:49.881437,okx,0.5597,0.5599,121.5,1755.72
2025-07-25T08:16:49.882640,digifinex,0.5594,0.5595,34.0,61.0
2025-07-25T08:16:49.937861,bybit,0.0,0.0,0.0,0.0
2025-07-25T08:16:49.961813,bitmart,0.55804,0.56055,3802.0,10916.0
2025-07-25T08:16:50.060539,blofin,0.55922,0.55923,148.0,35.0
2025-07-25T08:16:50.146327,binance,0.5596,0.5596,0.0,0.0
2025-07-25T08:16:50.180845,bitget,0.55937,0.55988,1587.0,107.0
2025-07-25T08:16:50.237973,bybit,0.0,0.0,0.0,0.0
2025-07-25T08:16:50.251535,okx,0.5597,0.5599,121.5,1938.59
2025-07-25T08:16:50.263715,mexc,0.5592,0.5593,1728288.0,1728288.0
2025-07-25T08:16:50.265642,bingx,0.5594,0.5597,706.41,369.45
2025-07-25T08:16:50.312941,huobi,0.5595,0.5603,234.9,234.9
2025-07-25T08:16:50.329545,bitget,0.55942,0.55988,107.0,107.0
2025-07-25T08:16:50.478993,bitget,0.55942,0.55988,107.0,107.0
2025-07-25T08:16:50.496637,okx,0.5597,0.5599,121.5,1382.59
2025-07-25T08:16:50.552430,blofin,0.55922,0.55923,148.0,35.0
2025-07-25T08:16:50.694673,okx,0.5597,0.5599,121.5,1563.03
2025-07-25T08:16:50.836892,okx,0.5597,0.5599,121.5,1565.46
2025-07-25T08:16:50.928554,lbank,0.5595,0.5596,10.0,1477.0
2025-07-25T08:16:50.929697,bitget,0.55942,0.56002,107.0,9766.0
2025-07-25T08:16:50.938955,bybit,0.5597,0.0,360.0,0.0
2025-07-25T08:16:50.952198,okx,0.5597,0.5599,121.5,1019.72
2025-07-25T08:16:51.000757,bitmart,0.55804,0.56055,3802.0,10916.0
2025-07-25T08:16:51.037602,bybit,0.5597,0.0,391.0,0.0
2025-07-25T08:16:51.062211,blofin,0.55933,0.55934,384.0,209.0
2025-07-25T08:16:51.078675,bitget,0.55942,0.55997,107.0,107.0
2025-07-25T08:16:51.091200,okx,0.5597,0.5599,121.5,1043.7
2025-07-25T08:16:51.158897,lbank,0.5593,0.5596,921.2,1477.0
2025-07-25T08:16:51.171002,bingx,0.5594,0.5597,706.41,369.45
2025-07-25T08:16:51.200376,okx,0.5597,0.5599,121.5,1019.72
2025-07-25T08:16:51.355998,okx,0.5597,0.5599,121.5,1043.7
2025-07-25T08:16:51.437320,bybit,0.5597,0.0,371.0,0.0
2025-07-25T08:16:51.453962,okx,0.5597,0.5599,121.5,1223.7
2025-07-25T08:16:51.537462,bybit,0.5597,0.0,391.0,0.0
2025-07-25T08:16:51.559503,blofin,0.55933,0.55934,384.0,209.0
2025-07-25T08:16:51.600491,bitmex,0.5426,0.5677,4.0,4.0
2025-07-25T08:16:51.601272,bitmex,0.5426,0.5679,4.0,4.0
2025-07-25T08:16:51.949086,bitmart,0.55804,0.56055,3802.0,10916.0
2025-07-25T08:16:52.058965,blofin,0.55938,0.55941,189.0,99.0
2025-07-25T08:16:52.073215,bingx,0.5594,0.5597,706.41,369.45
2025-07-25T08:16:52.184174,okx,0.5597,0.5599,121.5,1303.7
2025-07-25T08:16:52.293869,okx,0.5597,0.5599,121.5,1123.7
2025-07-25T08:16:52.381449,gateio,0.5598,0.5601,263.0,11.0
2025-07-25T08:16:52.395075,gateio,0.5599,0.5601,2.0,11.0
2025-07-25T08:16:52.431499,bitget,0.55942,0.55997,107.0,107.0
2025-07-25T08:16:52.437579,bybit,0.5598,0.5599,486.0,277.0
2025-07-25T08:16:52.494741,gateio,0.5599,0.5601,3.0,4.0
2025-07-25T08:16:52.514502,huobi,0.5597,0.5603,234.9,234.9
2025-07-25T08:16:52.538056,bybit,0.0,0.0,0.0,0.0
2025-07-25T08:16:52.554675,okx,0.5598,0.5599,121.5,293.69
2025-07-25T08:16:52.565889,blofin,0.55938,0.55941,189.0,99.0
2025-07-25T08:16:52.580231,bitget,0.55942,0.55997,107.0,107.0
2025-07-25T08:16:52.639406,mexc,0.5592,0.5593,1728288.0,1728288.0
2025-07-25T08:16:52.730924,bitget,0.55942,0.55997,107.0,107.0
2025-07-25T08:16:52.752670,gateio,0.5599,0.5601,273.0,4.0
2025-07-25T08:16:52.778689,gateio,0.5599,0.5601,9.0,4.0
2025-07-25T08:16:52.810807,huobi,0.5597,0.5603,234.9,234.9
2025-07-25T08:16:52.829557,gateio,0.5599,0.5601,7.0,4.0
2025-07-25T08:16:52.837587,bybit,0.5598,0.5599,566.0,10.0
2025-07-25T08:16:52.880424,bitget,0.55942,0.56002,107.0,9766.0
2025-07-25T08:16:52.902778,gateio,0.5599,0.5601,23.0,4.0
2025-07-25T08:16:52.912712,huobi,0.5597,0.5605,234.9,234.9
2025-07-25T08:16:52.946522,bitmart,0.55804,0.56055,3802.0,10916.0
2025-07-25T08:16:52.986380,bingx,0.5594,0.5597,706.41,369.45
2025-07-25T08:16:52.988232,gateio,0.5599,0.5601,286.0,4.0
2025-07-25T08:16:52.991829,lbank,0.5594,0.5596,23.8,1477.0
2025-07-25T08:16:53.030364,bitget,0.55951,0.55997,1245.0,107.0
2025-07-25T08:16:53.057354,blofin,0.55938,0.55941,189.0,99.0
2025-07-25T08:16:53.076431,digifinex,0.5594,0.5601,34.0,245.0
2025-07-25T08:16:53.146339,binance,0.5597,0.5597,0.0,0.0
2025-07-25T08:16:53.159848,lbank,0.5593,0.5596,921.2,1477.0
2025-07-25T08:16:53.176996,digifinex,0.5595,0.5596,95.0,64.0
2025-07-25T08:16:53.180478,bitget,0.55956,0.55997,107.0,107.0
2025-07-25T08:16:53.238109,bybit,0.0,0.0,0.0,0.0
2025-07-25T08:16:53.273208,bingx,0.5596,0.5599,706.41,369.45
2025-07-25T08:16:53.557831,blofin,0.55938,0.55941,189.0,99.0
2025-07-25T08:16:53.630862,bitget,0.55956,0.55997,107.0,107.0
2025-07-25T08:16:53.658672,lbank,0.5595,0.5598,1014.5,903.9
2025-07-25T08:16:53.737417,bybit,0.0,0.0,0.0,0.0
2025-07-25T08:16:53.937749,bybit,0.5598,0.0,546.0,0.0
2025-07-25T08:16:53.941517,bitmart,0.55804,0.56076,3802.0,499.0
2025-07-25T08:16:54.037566,bybit,0.5598,0.0,566.0,0.0
2025-07-25T08:16:54.078028,blofin,0.55938,0.55941,189.0,99.0
2025-07-25T08:16:54.137555,bybit,0.5598,0.0,546.0,0.0
2025-07-25T08:16:54.146305,binance,0.5597,0.5597,0.0,0.0
2025-07-25T08:16:54.172988,bingx,0.5596,0.5599,706.41,369.45
2025-07-25T08:16:54.337525,bybit,0.5598,0.0,566.0,0.0
2025-07-25T08:16:54.381993,bitget,0.55956,0.55997,2595.0,107.0
2025-07-25T08:16:54.531184,bitget,0.55961,0.55997,107.0,107.0
2025-07-25T08:16:54.549486,blofin,0.55945,0.55946,185.0,248.0
2025-07-25T08:16:54.949763,lbank,0.5596,0.5598,14.2,903.9
2025-07-25T08:16:54.962086,bitmart,0.55804,0.56076,3802.0,499.0
2025-07-25T08:16:55.037722,bybit,0.0,0.0,0.0,0.0
2025-07-25T08:16:55.054522,mexc,0.5592,0.5593,1728288.0,1728288.0
2025-07-25T08:16:55.063092,blofin,0.55945,0.55946,185.0,248.0
2025-07-25T08:16:55.078021,bingx,0.5596,0.5599,706.41,369.45
2025-07-25T08:16:55.146737,binance,0.5597,0.5597,0.0,0.0
2025-07-25T08:16:55.157564,lbank,0.5595,0.5598,1014.5,903.9
2025-07-25T08:16:55.567178,blofin,0.55945,0.55946,186.0,227.0
2025-07-25T08:16:55.581326,bitget,0.55961,0.55997,477.0,107.0
2025-07-25T08:16:55.709481,huobi,0.5597,0.5605,234.9,234.9
2025-07-25T08:16:55.731754,bitget,0.55966,0.55997,107.0,107.0
2025-07-25T08:16:55.942917,bitmart,0.55804,0.56076,3802.0,499.0
2025-07-25T08:16:55.984219,bingx,0.5596,0.5599,706.41,369.45
2025-07-25T08:16:56.066408,blofin,0.55945,0.55946,186.0,227.0
2025-07-25T08:16:56.145985,binance,0.5597,0.5597,0.0,0.0
2025-07-25T08:16:56.320359,okx,0.5598,0.5599,121.5,213.69
2025-07-25T08:16:56.337637,bybit,0.5598,0.0,746.0,0.0
2025-07-25T08:16:56.485179,bitget,0.55966,0.55999,107.0,107.0
2025-07-25T08:16:56.552075,blofin,0.55946,0.55948,188.0,166.0
2025-07-25T08:16:56.633970,bitget,0.55966,0.55999,107.0,107.0
2025-07-25T08:16:56.837357,bybit,0.5598,0.5601,686.0,367.0
2025-07-25T08:16:56.887939,bingx,0.5596,0.5599,706.41,369.45
2025-07-25T08:16:56.893466,gateio,0.56,0.5603,258.0,94.0
2025-07-25T08:16:56.902851,gateio,0.56,0.5603,265.0,41.0
2025-07-25T08:16:56.937490,bybit,0.56,0.0,296.0,0.0
2025-07-25T08:16:56.937703,bitget,0.55966,0.55999,107.0,107.0
2025-07-25T08:16:56.939701,lbank,0.5596,0.5598,13.9,903.9
2025-07-25T08:16:56.947717,okx,0.5598,0.5599,246.24,213.69
2025-07-25T08:16:56.987039,gateio,0.5601,0.5602,3.0,15.0
2025-07-25T08:16:57.018363,bitmart,0.55804,0.56076,3802.0,499.0
2025-07-25T08:16:57.037523,bybit,0.56,0.5601,327.0,535.0
2025-07-25T08:16:57.057647,blofin,0.55946,0.55948,188.0,166.0
2025-07-25T08:16:57.076529,digifinex,0.5595,0.5596,95.0,64.0
2025-07-25T08:16:57.083918,bitget,0.55966,0.56012,107.0,107.0
2025-07-25T08:16:57.084939,okx,0.5598,0.5599,121.5,213.69
2025-07-25T08:16:57.146738,binance,0.5597,0.5597,0.0,0.0
2025-07-25T08:16:57.162318,lbank,0.5595,0.5598,1014.5,903.9
2025-07-25T08:16:57.222960,gateio,0.5601,0.5603,3.0,41.0
2025-07-25T08:16:57.237135,gateio,0.5601,0.5603,261.0,41.0
2025-07-25T08:16:57.238343,bybit,0.0,0.5601,0.0,802.0
2025-07-25T08:16:57.251727,bitget,0.55971,0.56012,107.0,107.0
2025-07-25T08:16:57.261957,gateio,0.5601,0.5603,10.0,41.0
2025-07-25T08:16:57.269859,gateio,0.5601,0.5603,26.0,41.0
2025-07-25T08:16:57.280377,digifinex,0.5595,0.5602,95.0,67.0
2025-07-25T08:16:57.337926,bybit,0.56,0.5601,407.0,178.0
2025-07-25T08:16:57.388294,bitget,0.55971,0.56018,107.0,107.0
2025-07-25T08:16:57.394198,gateio,0.5601,0.5603,25.0,41.0
2025-07-25T08:16:57.408751,gateio,0.5601,0.5603,23.0,41.0
2025-07-25T08:16:57.415555,huobi,0.5599,0.5605,234.9,234.9
2025-07-25T08:16:57.437874,mexc,0.5594,0.5595,1728288.0,1728288.0
2025-07-25T08:16:57.438060,bybit,0.0,0.5601,0.0,10.0
2025-07-25T08:16:57.438576,gateio,0.5601,0.5603,281.0,41.0
2025-07-25T08:16:57.457981,okx,0.5598,0.5599,602.02,213.69
2025-07-25T08:16:57.477213,digifinex,0.5596,0.5598,80.0,55.0
2025-07-25T08:16:57.485144,bingx,0.5596,0.5599,706.41,369.45
2025-07-25T08:16:57.532374,bitget,0.55971,0.56018,1199.0,107.0
2025-07-25T08:16:57.560810,blofin,0.55946,0.55948,185.0,179.0
2025-07-25T08:16:57.590772,digifinex,0.5597,0.5598,75.0,55.0
2025-07-25T08:16:57.687894,bitget,0.55976,0.56018,107.0,107.0
2025-07-25T08:16:57.737941,bybit,0.0,0.0,0.0,0.0
2025-07-25T08:16:57.786647,digifinex,0.5597,0.5598,51.0,55.0
2025-07-25T08:16:57.794414,bingx,0.5598,0.5601,706.41,369.45
2025-07-25T08:16:57.834010,bitget,0.55976,0.56024,157.0,107.0
2025-07-25T08:16:57.982970,bitmex,0.5604,0.5679,1553.0,4.0
2025-07-25T08:16:57.987478,bitget,0.55981,0.56024,107.0,107.0
2025-07-25T08:16:58.004564,bitmart,0.55824,0.56106,4168.0,1547.0
2025-07-25T08:16:58.064282,blofin,0.55946,0.55948,185.0,179.0
2025-07-25T08:16:58.132714,bitget,0.55981,0.56024,107.0,107.0
2025-07-25T08:16:58.146433,binance,0.5599,0.5599,0.0,0.0
2025-07-25T08:16:58.159354,lbank,0.5597,0.5601,1543.9,724.3
2025-07-25T08:16:58.191500,bitmex,0.5426,0.5679,4.0,4.0
2025-07-25T08:16:58.286135,bitget,0.55981,0.5603,107.0,9864.0
2025-07-25T08:16:58.337435,bybit,0.0,0.0,0.0,0.0
2025-07-25T08:16:58.414528,huobi,0.5599,0.5605,234.9,234.9
2025-07-25T08:16:58.433732,bitget,0.55981,0.56025,107.0,107.0
2025-07-25T08:16:58.566596,blofin,0.55966,0.55967,138.0,46.0
2025-07-25T08:16:58.689428,bingx,0.5598,0.5601,706.41,369.45
2025-07-25T08:16:58.735722,bitget,0.55981,0.56025,511.0,107.0
2025-07-25T08:16:58.883600,bitget,0.55986,0.56025,107.0,107.0
2025-07-25T08:16:58.937291,bybit,0.0,0.0,0.0,0.0
2025-07-25T08:16:58.958120,bitmart,0.55824,0.56106,4168.0,1547.0
2025-07-25T08:16:58.996363,lbank,0.5597,0.5598,1543.9,11.4
2025-07-25T08:16:59.060543,blofin,0.55966,0.55967,138.0,46.0
2025-07-25T08:16:59.125532,bitmex,0.5428,0.5679,4.0,4.0
2025-07-25T08:16:59.160065,lbank,0.5597,0.5601,1543.9,724.3
2025-07-25T08:16:59.184448,bitget,0.55986,0.56025,107.0,107.0
2025-07-25T08:16:59.229842,bitmex,0.5428,0.5681,4.0,4.0
2025-07-25T08:16:59.237352,bybit,0.56,0.0,387.0,0.0
2025-07-25T08:16:59.537923,bybit,0.56,0.0,407.0,0.0
2025-07-25T08:16:59.540506,blofin,0.55966,0.55967,138.0,46.0
2025-07-25T08:16:59.602875,bingx,0.5598,0.5601,706.41,369.45
2025-07-25T08:16:59.634087,bitget,0.55986,0.56025,107.0,107.0
2025-07-25T08:16:59.829383,mexc,0.5594,0.5595,1728288.0,1728288.0
2025-07-25T08:16:59.837987,bybit,0.0,0.0,0.0,0.0
2025-07-25T08:16:59.984887,bitmart,0.55824,0.56106,4168.0,1547.0
2025-07-25T08:17:00.026438,gateio,0.5601,0.5603,274.0,41.0
2025-07-25T08:17:00.037869,bybit,0.56,0.0,327.0,0.0
2025-07-25T08:17:00.040892,gateio,0.56,0.5603,274.0,41.0
2025-07-25T08:17:00.059250,gateio,0.56,0.5603,281.0,41.0
2025-07-25T08:17:00.078981,gateio,0.5601,0.5603,8.0,41.0
2025-07-25T08:17:00.084128,blofin,0.55966,0.55967,138.0,46.0
2025-07-25T08:17:00.086953,okx,0.5598,0.5599,602.02,213.69
2025-07-25T08:17:00.137597,bybit,0.56,0.0,296.0,0.0
2025-07-25T08:17:00.142721,huobi,0.5599,0.5605,234.9,234.9
2025-07-25T08:17:00.146944,binance,0.5599,0.5599,0.0,0.0
2025-07-25T08:17:00.176073,digifinex,0.559,0.5598,56.0,55.0
2025-07-25T08:17:00.199021,okx,0.5598,0.5599,477.28,213.69
2025-07-25T08:17:00.215908,huobi,0.5597,0.5605,234.9,234.9
2025-07-25T08:17:00.228854,gateio,0.5601,0.5602,16.0,2.0
2025-07-25T08:17:00.236270,bitget,0.55986,0.56025,107.0,267.0
2025-07-25T08:17:00.237909,bybit,0.56,0.0,110.0,0.0
2025-07-25T08:17:00.278216,digifinex,0.5596,0.5598,85.0,55.0
2025-07-25T08:17:00.278939,gateio,0.5601,0.5602,8.0,2.0
2025-07-25T08:17:00.303821,okx,0.5597,0.5599,35.23,338.43
2025-07-25T08:17:00.322814,gateio,0.56,0.5602,16.0,2.0
2025-07-25T08:17:00.376597,digifinex,0.5589,0.5597,80.0,13.0
2025-07-25T08:17:00.385506,bitget,0.55955,0.5602,9757.0,107.0
2025-07-25T08:17:00.412822,huobi,0.5598,0.5605,234.9,234.9
2025-07-25T08:17:00.437560,bybit,0.0,0.5601,0.0,172.0
2025-07-25T08:17:00.478141,digifinex,0.5588,0.5597,26.0,13.0
2025-07-25T08:17:00.499137,bingx,0.5598,0.5601,706.41,369.45
2025-07-25T08:17:00.536533,bitget,0.5596,0.5602,107.0,307.0
2025-07-25T08:17:00.544849,blofin,0.55966,0.55967,138.0,46.0
2025-07-25T08:17:00.561404,okx,0.5597,0.5599,156.73,338.43
2025-07-25T08:17:00.581660,digifinex,0.5595,0.5597,13.0,13.0
2025-07-25T08:17:00.637435,bybit,0.0,0.5601,0.0,334.0
2025-07-25T08:17:00.684422,bitget,0.5596,0.56015,107.0,107.0
2025-07-25T08:17:00.737671,bybit,0.0,0.5601,0.0,853.0
2025-07-25T08:17:00.835167,bitget,0.5596,0.56015,107.0,307.0
2025-07-25T08:17:00.837465,bybit,0.0,0.5601,0.0,1177.0
2025-07-25T08:17:00.923305,gateio,0.56,0.5602,32.0,2.0
2025-07-25T08:17:00.937538,bybit,0.0,0.5601,0.0,1339.0
2025-07-25T08:17:00.947450,lbank,0.5597,0.5598,1543.9,16.6
2025-07-25T08:17:00.983244,gateio,0.56,0.5602,31.0,2.0
2025-07-25T08:17:00.985519,bitget,0.5596,0.5601,107.0,107.0
2025-07-25T08:17:00.987981,bitmex,0.5428,0.568,4.0,4.0
2025-07-25T08:17:01.000012,bitmex,0.5427,0.568,4.0,4.0
2025-07-25T08:17:01.031773,bitmart,0.55824,0.56089,4168.0,3745.0
2025-07-25T08:17:01.055138,gateio,0.56,0.5602,23.0,2.0
2025-07-25T08:17:01.077948,blofin,0.55966,0.55968,104.0,23.0
2025-07-25T08:17:01.137284,bybit,0.0,0.5601,0.0,1359.0
2025-07-25T08:17:01.137914,bitget,0.5596,0.5601,107.0,151.0
2025-07-25T08:17:01.146560,binance,0.5599,0.5599,0.0,0.0
2025-07-25T08:17:01.158265,okx,0.5597,0.5599,121.5,338.43
2025-07-25T08:17:01.162002,lbank,0.5597,0.5601,1543.9,724.3
2025-07-25T08:17:01.176746,digifinex,0.5595,0.5603,13.0,51.0
2025-07-25T08:17:01.222717,gateio,0.56,0.5602,16.0,2.0
2025-07-25T08:17:01.276534,digifinex,0.5595,0.5596,13.0,62.0
2025-07-25T08:17:01.285285,bitget,0.5596,0.56005,353.0,107.0
2025-07-25T08:17:01.337121,bybit,0.0,0.5601,0.0,1848.0
2025-07-25T08:17:01.409342,bingx,0.5598,0.5601,706.41,369.45
2025-07-25T08:17:01.437405,bitget,0.55965,0.56005,107.0,107.0
2025-07-25T08:17:01.437664,bybit,0.0,0.5601,0.0,1768.0
2025-07-25T08:17:01.484929,gateio,0.56,0.5602,281.0,2.0
2025-07-25T08:17:01.494025,okx,0.5597,0.5599,246.24,213.69
2025-07-25T08:17:01.512387,huobi,0.5597,0.5605,234.9,234.9
2025-07-25T08:17:01.537371,bybit,0.0,0.5601,0.0,601.0
2025-07-25T08:17:01.566436,blofin,0.55966,0.55968,104.0,23.0
2025-07-25T08:17:01.576140,digifinex,0.5595,0.5603,13.0,51.0
2025-07-25T08:17:01.585050,bitget,0.55965,0.56005,107.0,107.0
2025-07-25T08:17:01.595891,okx,0.5598,0.5599,199.8,213.69
2025-07-25T08:17:01.640697,bybit,0.56,0.5601,296.0,277.0
2025-07-25T08:17:01.681630,digifinex,0.5596,0.5597,30.0,15.0
2025-07-25T08:17:01.703932,bingx,0.5596,0.5599,1121.67,64.98
2025-07-25T08:17:01.736247,bitget,0.55965,0.56017,383.0,107.0
2025-07-25T08:17:01.889177,bitget,0.5597,0.56017,107.0,107.0
2025-07-25T08:17:01.937559,bybit,0.0,0.0,0.0,0.0
2025-07-25T08:17:01.958752,bitmart,0.55824,0.56089,4168.0,3745.0
2025-07-25T08:17:02.035169,bitget,0.5597,0.56017,481.0,107.0
2025-07-25T08:17:02.067364,blofin,0.55959,0.55965,118.0,138.0
2025-07-25T08:17:02.146414,binance,0.5598,0.5598,0.0,0.0
2025-07-25T08:17:02.161277,lbank,0.5597,0.5599,834.3,1802.8
2025-07-25T08:17:02.186683,bitget,0.5597,0.56017,1024.0,107.0
2025-07-25T08:17:02.237413,bybit,0.0,0.0,0.0,0.0
2025-07-25T08:17:02.245999,mexc,0.5595,0.5597,1728288.0,1728288.0
2025-07-25T08:17:02.348511,bitget,0.55975,0.56017,107.0,107.0
2025-07-25T08:17:02.410471,huobi,0.5596,0.5605,234.9,234.9
2025-07-25T08:17:02.485164,bitget,0.55975,0.56017,107.0,107.0
2025-07-25T08:17:02.514234,huobi,0.5597,0.5605,373.6977,234.9
2025-07-25T08:17:02.551560,blofin,0.55959,0.55965,118.0,138.0
2025-07-25T08:17:02.604513,bingx,0.5596,0.5599,1121.67,64.98
2025-07-25T08:17:02.611919,huobi,0.5598,0.5605,234.9,234.9
2025-07-25T08:17:02.737613,bybit,0.0,0.5601,0.0,10.0
2025-07-25T08:17:02.837653,bybit,0.0,0.0,0.0,0.0
2025-07-25T08:17:02.911113,bingx,0.5596,0.5599,1121.67,64.98
2025-07-25T08:17:02.938680,lbank,0.5598,0.5599,11.3,1802.8
2025-07-25T08:17:02.992158,bitmart,0.55824,0.56089,4168.0,3745.0
2025-07-25T08:17:03.037802,gateio,0.56,0.5602,23.0,2.0
2025-07-25T08:17:03.085910,blofin,0.55959,0.55965,118.0,138.0
2025-07-25T08:17:03.092613,bitmex,0.5428,0.568,4.0,4.0
2025-07-25T08:17:03.101369,okx,0.5598,0.5599,121.5,213.69
2025-07-25T08:17:03.137184,bybit,0.0,0.5601,0.0,196.0
2025-07-25T08:17:03.142250,bitmex,0.5428,0.5681,4.0,4.0
2025-07-25T08:17:03.146387,binance,0.5598,0.5598,0.0,0.0
2025-07-25T08:17:03.161025,lbank,0.5597,0.5599,834.3,1802.8
2025-07-25T08:17:03.237330,bybit,0.0,0.5601,0.0,10.0
2025-07-25T08:17:03.254813,bitget,0.55975,0.56017,107.0,107.0
2025-07-25T08:17:03.267049,gateio,0.56,0.5602,281.0,2.0
2025-07-25T08:17:03.276129,digifinex,0.5589,0.5597,42.0,15.0
2025-07-25T08:17:03.311886,huobi,0.5599,0.5605,234.9,234.9
2025-07-25T08:17:03.386257,bitget,0.55975,0.56017,897.0,107.0
2025-07-25T08:17:03.543864,bitget,0.5598,0.56017,107.0,107.0
2025-07-25T08:17:03.557875,blofin,0.55959,0.55967,118.0,51.0
2025-07-25T08:17:03.686751,bitget,0.5598,0.56017,107.0,107.0
2025-07-25T08:17:03.695367,digifinex,0.5596,0.5597,93.0,15.0
2025-07-25T08:17:03.802556,bingx,0.5596,0.5599,1121.67,64.98
2025-07-25T08:17:03.939850,bitmart,0.55824,0.56089,4168.0,3745.0
2025-07-25T08:17:04.010311,huobi,0.5598,0.5605,234.9,234.9
2025-07-25T08:17:04.037744,bybit,0.56,0.0,316.0,0.0
2025-07-25T08:17:04.065828,blofin,0.55959,0.55967,118.0,51.0
2025-07-25T08:17:04.137665,bybit,0.56,0.0,296.0,0.0
2025-07-25T08:17:04.214079,huobi,0.5599,0.5605,234.9,234.9
2025-07-25T08:17:04.287063,bitget,0.5598,0.56017,107.0,107.0
2025-07-25T08:17:04.555915,blofin,0.55959,0.55965,118.0,13.0
2025-07-25T08:17:04.603233,mexc,0.5595,0.5597,1728288.0,1728288.0
2025-07-25T08:17:04.610638,huobi,0.5598,0.5605,234.9,234.9
2025-07-25T08:17:04.711253,bingx,0.5596,0.5599,1121.67,64.98
2025-07-25T08:17:04.736334,bitget,0.5598,0.56017,413.0,107.0
2025-07-25T08:17:04.889350,bitget,0.55985,0.56017,109.0,107.0
2025-07-25T08:17:04.933168,bitmart,0.55835,0.56089,8529.0,3745.0
2025-07-25T08:17:05.005067,lbank,0.5598,0.5599,10.0,1802.8
2025-07-25T08:17:05.037886,bybit,0.0,0.5601,0.0,334.0
2025-07-25T08:17:05.066184,blofin,0.55959,0.55965,118.0,13.0
2025-07-25T08:17:05.159640,lbank,0.5597,0.5599,834.3,1802.8
2025-07-25T08:17:05.237312,bybit,0.56,0.5601,316.0,10.0
2025-07-25T08:17:05.351394,okx,0.5598,0.5599,246.24,213.69
2025-07-25T08:17:05.437256,bybit,0.56,0.0,296.0,0.0
2025-07-25T08:17:05.550840,blofin,0.55961,0.55965,340.0,13.0
2025-07-25T08:17:05.611189,bingx,0.5596,0.5599,1121.67,64.98
2025-07-25T08:17:05.940878,bitmart,0.55835,0.56089,8529.0,3745.0
2025-07-25T08:17:06.059905,blofin,0.55961,0.55965,340.0,13.0
2025-07-25T08:17:06.087298,bitget,0.55985,0.56017,109.0,107.0
2025-07-25T08:17:06.147238,binance,0.5598,0.5598,0.0,0.0
2025-07-25T08:17:06.166715,gateio,0.56,0.5602,23.0,2.0
2025-07-25T08:17:06.314937,gateio,0.56,0.5602,7.0,2.0
2025-07-25T08:17:06.337371,bybit,0.56,0.5601,110.0,277.0
2025-07-25T08:17:06.352895,gateio,0.5599,0.5602,281.0,2.0
2025-07-25T08:17:06.378817,gateio,0.56,0.5602,8.0,2.0
2025-07-25T08:17:06.390016,bitget,0.5598,0.56017,306.0,107.0
2025-07-25T08:17:06.394527,gateio,0.56,0.5602,23.0,2.0
2025-07-25T08:17:06.437703,bybit,0.0,0.5601,0.0,820.0
2025-07-25T08:17:06.495150,okx,0.5597,0.5599,156.73,338.43
2025-07-25T08:17:06.518629,bingx,0.5596,0.5599,1121.67,64.98
2025-07-25T08:17:06.541319,bitget,0.55981,0.56017,109.0,107.0
2025-07-25T08:17:06.552296,bybit,0.0,0.5601,0.0,654.0
2025-07-25T08:17:06.552997,blofin,0.55959,0.55965,271.0,14.0
2025-07-25T08:17:06.583283,gateio,0.56,0.5602,16.0,2.0
2025-07-25T08:17:06.637633,bybit,0.0,0.5601,0.0,840.0
2025-07-25T08:17:06.687870,bitget,0.55958,0.56017,228.0,307.0
2025-07-25T08:17:06.824459,bitmex,0.5428,0.568,4.0,4.0
2025-07-25T08:17:06.844526,bitget,0.55975,0.56012,109.0,109.0
2025-07-25T08:17:06.877098,digifinex,0.5589,0.5597,42.0,15.0
2025-07-25T08:17:06.937491,bybit,0.0,0.5601,0.0,1026.0
2025-07-25T08:17:06.954969,lbank,0.5597,0.5598,834.3,10.0
2025-07-25T08:17:06.987132,mexc,0.5595,0.5597,1728288.0,1728288.0
2025-07-25T08:17:06.988647,bitget,0.55975,0.56012,109.0,309.0
2025-07-25T08:17:06.999005,bitmart,0.55835,0.56089,8529.0,3745.0
2025-07-25T08:17:07.024619,gateio,0.56,0.5602,16.0,1.0
2025-07-25T08:17:07.036744,gateio,0.56,0.5602,16.0,7.0
2025-07-25T08:17:07.062742,blofin,0.55959,0.55965,271.0,14.0
2025-07-25T08:17:07.074704,gateio,0.56,0.5603,16.0,41.0
2025-07-25T08:17:07.140601,bitget,0.55975,0.56007,109.0,109.0
2025-07-25T08:17:07.148352,binance,0.5598,0.5598,0.0,0.0
2025-07-25T08:17:07.158654,lbank,0.5597,0.5599,834.3,1802.8
2025-07-25T08:17:07.175047,gateio,0.56,0.5603,16.0,64.0
2025-07-25T08:17:07.194637,gateio,0.5599,0.5602,16.0,2.0
2025-07-25T08:17:07.238138,bybit,0.0,0.5601,0.0,1212.0
2025-07-25T08:17:07.281149,digifinex,0.5589,0.5595,42.0,1.0
2025-07-25T08:17:07.337623,bybit,0.0,0.5601,0.0,835.0
2025-07-25T08:17:07.343495,gateio,0.5599,0.5602,295.0,2.0
2025-07-25T08:17:07.414001,okx,0.5598,0.5599,121.5,213.69
2025-07-25T08:17:07.418363,bingx,0.5596,0.5599,1121.67,64.98
2025-07-25T08:17:07.437830,bybit,0.56,0.5601,296.0,277.0
2025-07-25T08:17:07.439562,bitget,0.55975,0.56007,109.0,109.0
2025-07-25T08:17:07.493306,digifinex,0.5589,0.5597,42.0,15.0
2025-07-25T08:17:07.538545,bybit,0.0,0.5601,0.0,634.0
2025-07-25T08:17:07.558002,blofin,0.55959,0.55962,275.0,80.0
2025-07-25T08:17:07.576447,digifinex,0.5596,0.5597,10.0,15.0
2025-07-25T08:17:07.596710,bitget,0.55975,0.56007,385.0,109.0
2025-07-25T08:17:07.639493,bybit,0.0,0.5601,0.0,645.0
2025-07-25T08:17:07.740036,bitget,0.5598,0.56007,109.0,109.0
2025-07-25T08:17:07.741661,bybit,0.0,0.5601,0.0,625.0
2025-07-25T08:17:07.937564,bybit,0.0,0.5601,0.0,277.0
2025-07-25T08:17:08.007635,bitmart,0.55835,0.56089,8529.0,3745.0
2025-07-25T08:17:08.039858,bitget,0.5598,0.56007,109.0,109.0
2025-07-25T08:17:08.057348,blofin,0.55959,0.55962,275.0,80.0
2025-07-25T08:17:08.082329,digifinex,0.5589,0.5597,42.0,15.0
2025-07-25T08:17:08.134541,gateio,0.5599,0.5602,708.0,2.0
2025-07-25T08:17:08.147006,binance,0.5598,0.5598,0.0,0.0
2025-07-25T08:17:08.322947,bingx,0.5596,0.5599,1121.67,64.98
2025-07-25T08:17:08.437302,bybit,0.56,0.0,203.0,0.0
2025-07-25T08:17:08.538248,bybit,0.56,0.0,110.0,0.0
2025-07-25T08:17:08.560837,blofin,0.55957,0.55961,22.0,138.0
2025-07-25T08:17:08.842098,bitmex,0.5427,0.568,4.0,4.0
2025-07-25T08:17:08.880718,gateio,0.56,0.5602,256.0,2.0
2025-07-25T08:17:08.938034,bybit,0.56,0.0,296.0,0.0
2025-07-25T08:17:08.948741,gateio,0.56,0.5602,263.0,2.0
2025-07-25T08:17:08.964088,lbank,0.5598,0.5599,10.0,1802.8
2025-07-25T08:17:09.033590,bitmart,0.55835,0.56089,8529.0,3745.0
2025-07-25T08:17:09.049855,blofin,0.55957,0.55961,22.0,138.0
2025-07-25T08:17:09.089186,bitget,0.5598,0.56007,385.0,109.0
2025-07-25T08:17:09.146184,binance,0.5598,0.5598,0.0,0.0
2025-07-25T08:17:09.219187,bingx,0.5596,0.5599,1121.67,64.98
2025-07-25T08:17:09.242595,bitget,0.55985,0.56007,109.0,109.0
2025-07-25T08:17:09.275972,digifinex,0.5596,0.5597,98.0,15.0
2025-07-25T08:17:09.340440,bybit,0.56,0.0,7442.0,0.0
2025-07-25T08:17:09.356848,mexc,0.5595,0.5596,1728288.0,1728288.0
2025-07-25T08:17:09.557607,blofin,0.55957,0.55961,22.0,138.0
2025-07-25T08:17:09.737357,bybit,0.0,0.0,0.0,0.0
2025-07-25T08:17:09.858950,gateio,0.5601,0.5602,256.0,2.0
2025-07-25T08:17:09.883122,gateio,0.5601,0.5602,287.0,2.0
2025-07-25T08:17:09.914158,huobi,0.5599,0.5605,234.9,234.9
2025-07-25T08:17:09.937241,bybit,0.56,0.5601,7522.0,10.0
2025-07-25T08:17:09.956862,bitmart,0.55835,0.56089,8529.0,3745.0
2025-07-25T08:17:09.969143,gateio,0.5601,0.5602,295.0,1.0
2025-07-25T08:17:09.981475,gateio,0.5601,0.5603,287.0,41.0
2025-07-25T08:17:09.990012,bitget,0.55985,0.56026,109.0,200.0
2025-07-25T08:17:09.995297,okx,0.5598,0.56,246.24,3351.16
2025-07-25T08:17:10.037535,bybit,0.5601,0.5602,388.0,267.0
2025-07-25T08:17:10.074899,blofin,0.55958,0.55959,4.0,14.0
2025-07-25T08:17:10.077088,digifinex,0.5596,0.5603,98.0,51.0
2025-07-25T08:17:10.096242,okx,0.5599,0.56,356.67,3351.16
2025-07-25T08:17:10.126031,bingx,0.5596,0.5599,1121.67,64.98
2025-07-25T08:17:10.137418,bybit,0.0,0.0,0.0,0.0
2025-07-25T08:17:10.144049,bitget,0.55985,0.56021,385.0,109.0
2025-07-25T08:17:10.146844,binance,0.5599,0.5599,0.0,0.0
2025-07-25T08:17:10.202994,lbank,0.5597,0.5599,834.3,1802.8
2025-07-25T08:17:10.246224,lbank,0.5598,0.5601,1086.0,724.3
2025-07-25T08:17:10.278851,digifinex,0.5597,0.5598,77.0,74.0
2025-07-25T08:17:10.291644,bitget,0.5599,0.56021,109.0,109.0
2025-07-25T08:17:10.337088,bybit,0.0,0.0,0.0,0.0
2025-07-25T08:17:10.431128,bingx,0.5598,0.5601,652.77,123.84
2025-07-25T08:17:10.443170,bitget,0.5599,0.56021,835.0,109.0
2025-07-25T08:17:10.560348,blofin,0.55958,0.55959,4.0,14.0
2025-07-25T08:17:10.590158,bitget,0.55995,0.56021,109.0,109.0
2025-07-25T08:17:10.823186,bitmex,0.5429,0.568,4.0,4.0
2025-07-25T08:17:10.861759,bitmex,0.5429,0.5682,4.0,4.0
2025-07-25T08:17:10.951852,bitmart,0.55835,0.56089,8529.0,3745.0
2025-07-25T08:17:11.037460,bybit,0.5601,0.0,482.0,0.0
2025-07-25T08:17:11.061546,blofin,0.55959,0.55962,1.0,16.0
2025-07-25T08:17:11.067068,gateio,0.5601,0.5603,272.0,41.0
2025-07-25T08:17:11.080892,gateio,0.5601,0.5603,16.0,41.0
2025-07-25T08:17:11.095501,gateio,0.56,0.5603,279.0,41.0
2025-07-25T08:17:11.146524,binance,0.5599,0.5599,0.0,0.0
2025-07-25T08:17:11.183159,gateio,0.5601,0.5603,8.0,41.0
2025-07-25T08:17:11.192091,bitget,0.5598,0.56021,228.0,109.0
2025-07-25T08:17:11.209732,gateio,0.5601,0.5603,17.0,41.0
2025-07-25T08:17:11.237681,bybit,0.5601,0.5602,204.0,1090.0
2025-07-25T08:17:11.261216,gateio,0.5601,0.5603,17.0,57.0
2025-07-25T08:17:11.275759,gateio,0.5601,0.5603,17.0,48.0
2025-07-25T08:17:11.277296,digifinex,0.559,0.5598,61.0,74.0
2025-07-25T08:17:11.280982,okx,0.5599,0.56,121.5,3351.16
2025-07-25T08:17:11.301060,gateio,0.56,0.5603,17.0,48.0
2025-07-25T08:17:11.333930,bingx,0.5598,0.5601,652.77,123.84
2025-07-25T08:17:11.337474,bybit,0.5601,0.0,260.0,0.0
2025-07-25T08:17:11.344771,bitget,0.5598,0.56021,504.0,109.0
2025-07-25T08:17:11.376368,digifinex,0.5596,0.5597,13.0,14.0
2025-07-25T08:17:11.387803,okx,0.5598,0.56,355.78,3351.16
2025-07-25T08:17:11.405396,gateio,0.56,0.5603,17.0,41.0
2025-07-25T08:17:11.437529,bybit,0.0,0.5602,0.0,1070.0
2025-07-25T08:17:11.492182,bitget,0.55952,0.56021,1776.0,109.0
2025-07-25T08:17:11.537155,bybit,0.0,0.5602,0.0,1427.0
2025-07-25T08:17:11.561826,blofin,0.55959,0.55962,1.0,16.0
2025-07-25T08:17:11.620616,gateio,0.56,0.5603,17.0,48.0
2025-07-25T08:17:11.641367,bitget,0.55974,0.56021,109.0,109.0
2025-07-25T08:17:11.737294,bybit,0.0,0.0,0.0,0.0
2025-07-25T08:17:11.739453,mexc,0.5595,0.5596,1728288.0,1728288.0
2025-07-25T08:17:11.837217,bybit,0.0,0.5602,0.0,1447.0
2025-07-25T08:17:11.956949,bitmart,0.55835,0.56089,8529.0,3745.0
2025-07-25T08:17:12.037493,bybit,0.0,0.5602,0.0,1427.0
2025-07-25T08:17:12.038019,gateio,0.56,0.5603,273.0,48.0
2025-07-25T08:17:12.061006,gateio,0.56,0.5603,296.0,41.0
2025-07-25T08:17:12.061043,blofin,0.55969,0.55971,192.0,21.0
2025-07-25T08:17:12.094028,bitget,0.55974,0.56021,109.0,109.0
2025-07-25T08:17:12.146269,binance,0.5599,0.5599,0.0,0.0
2025-07-25T08:17:12.178275,digifinex,0.5596,0.5603,13.0,25.0
2025-07-25T08:17:12.233397,gateio,0.56,0.5603,40.0,41.0
2025-07-25T08:17:12.239083,bingx,0.5598,0.5601,652.77,123.84
2025-07-25T08:17:12.241331,bitget,0.55974,0.56021,487.0,109.0
2025-07-25T08:17:12.273360,gateio,0.56,0.5603,33.0,41.0
2025-07-25T08:17:12.294751,gateio,0.56,0.5603,33.0,304.0
2025-07-25T08:17:12.338066,bybit,0.0,0.5602,0.0,1447.0
2025-07-25T08:17:12.364694,gateio,0.56,0.5603,33.0,297.0
2025-07-25T08:17:12.378356,digifinex,0.5596,0.5597,13.0,52.0
2025-07-25T08:17:12.395223,bitget,0.55973,0.56021,109.0,109.0
2025-07-25T08:17:12.401616,lbank,0.5598,0.5599,1086.0,29.4
2025-07-25T08:17:12.409000,gateio,0.56,0.5603,17.0,297.0
2025-07-25T08:17:12.542927,bitget,0.55979,0.56021,109.0,109.0
2025-07-25T08:17:12.546837,blofin,0.55969,0.55971,192.0,21.0
2025-07-25T08:17:12.658846,lbank,0.5598,0.5601,1086.0,724.3
2025-07-25T08:17:12.696333,bitget,0.55973,0.56021,109.0,309.0
2025-07-25T08:17:12.737960,bybit,0.0,0.5602,0.0,1427.0
2025-07-25T08:17:12.792117,bitmex,0.5428,0.5682,4.0,4.0
2025-07-25T08:17:12.804206,bitmex,0.5428,0.5681,4.0,4.0
2025-07-25T08:17:12.844518,bitget,0.55973,0.56016,109.0,109.0
2025-07-25T08:17:12.873043,gateio,0.56,0.5603,17.0,41.0
2025-07-25T08:17:12.894421,gateio,0.56,0.5603,40.0,41.0
2025-07-25T08:17:12.959757,lbank,0.5599,0.5601,14.0,724.3
2025-07-25T08:17:12.980125,bitmart,0.55835,0.56089,8529.0,3745.0
2025-07-25T08:17:12.993568,bitget,0.55973,0.56016,233.0,109.0
2025-07-25T08:17:13.041380,gateio,0.56,0.5603,296.0,41.0
2025-07-25T08:17:13.058283,okx,0.5598,0.56,479.94,3351.16
2025-07-25T08:17:13.063850,blofin,0.55959,0.55969,4.0,350.0
2025-07-25T08:17:13.142369,bitget,0.55978,0.56016,109.0,109.0
2025-07-25T08:17:13.146162,binance,0.5599,0.5599,0.0,0.0
2025-07-25T08:17:13.153334,bingx,0.5598,0.5601,652.77,123.84
2025-07-25T08:17:13.158703,lbank,0.5598,0.5601,1086.0,724.3
2025-07-25T08:17:13.211860,huobi,0.5598,0.5605,234.9,234.9
2025-07-25T08:17:13.437238,bybit,0.0,0.5602,0.0,624.0
2025-07-25T08:17:13.475867,digifinex,0.5596,0.5603,13.0,25.0
2025-07-25T08:17:13.537807,bybit,0.0,0.5602,0.0,267.0
2025-07-25T08:17:13.555113,blofin,0.55959,0.55969,4.0,350.0
2025-07-25T08:17:13.588560,digifinex,0.5597,0.5598,24.0,15.0
2025-07-25T08:17:13.591803,bitget,0.55978,0.56016,1002.0,109.0
2025-07-25T08:17:13.737626,bybit,0.0,0.5602,0.0,624.0
2025-07-25T08:17:13.746319,bitget,0.55983,0.56016,109.0,109.0
2025-07-25T08:17:13.837602,gateio,0.56,0.5603,24.0,41.0
2025-07-25T08:17:13.837641,bybit,0.0,0.5602,0.0,644.0
2025-07-25T08:17:13.857967,gateio,0.56,0.5603,17.0,320.0
2025-07-25T08:17:13.858454,okx,0.5598,0.56,355.78,3351.16
2025-07-25T08:17:13.892767,bitget,0.55978,0.56016,893.0,109.0
2025-07-25T08:17:13.930658,gateio,0.56,0.5603,17.0,321.0
2025-07-25T08:17:13.938287,bybit,0.0,0.5602,0.0,1507.0
2025-07-25T08:17:13.996878,bitmart,0.55835,0.56089,8529.0,3745.0
2025-07-25T08:17:13.999274,okx,0.5597,0.5599,35.23,124.16
2025-07-25T08:17:14.038723,bingx,0.5598,0.5601,652.77,123.84
2025-07-25T08:17:14.042201,bitget,0.55979,0.56016,109.0,109.0
2025-07-25T08:17:14.071210,blofin,0.55959,0.55968,4.0,4.0
2025-07-25T08:17:14.122827,mexc,0.5595,0.5598,1728288.0,1728288.0
2025-07-25T08:17:14.146484,binance,0.5598,0.5598,0.0,0.0
2025-07-25T08:17:14.158914,okx,0.5597,0.5599,156.73,124.16
2025-07-25T08:17:14.176777,digifinex,0.5596,0.5597,40.0,14.0
2025-07-25T08:17:14.192551,bitget,0.55979,0.56016,109.0,109.0
2025-07-25T08:17:14.237584,bybit,0.0,0.5602,0.0,1447.0
2025-07-25T08:17:14.326720,gateio,0.56,0.5603,17.0,320.0
2025-07-25T08:17:14.337517,bybit,0.0,0.5602,0.0,1507.0
2025-07-25T08:17:14.382550,digifinex,0.5596,0.5597,40.0,5.0
2025-07-25T08:17:14.540093,blofin,0.55959,0.55968,4.0,4.0
2025-07-25T08:17:14.645389,bitget,0.55979,0.56016,109.0,309.0
2025-07-25T08:17:14.658420,lbank,0.5596,0.5598,1042.6,803.8
2025-07-25T08:17:14.792673,bitget,0.55979,0.56011,109.0,108.0
2025-07-25T08:17:14.926764,gateio,0.56,0.5603,17.0,305.0
2025-07-25T08:17:14.944829,bitget,0.55979,0.56011,109.0,308.0
2025-07-25T08:17:14.950059,bingx,0.5598,0.5601,652.77,123.84
2025-07-25T08:17:14.955150,bitmart,0.55838,0.56089,10877.0,3745.0
2025-07-25T08:17:14.959527,lbank,0.5597,0.5598,17.3,803.8
2025-07-25T08:17:15.034233,gateio,0.56,0.5603,17.0,321.0
2025-07-25T08:17:15.051506,blofin,0.55959,0.55968,4.0,4.0
2025-07-25T08:17:15.094344,bitget,0.55979,0.56006,109.0,108.0
2025-07-25T08:17:15.137319,bybit,0.0,0.5602,0.0,1864.0
2025-07-25T08:17:15.158864,lbank,0.5596,0.5598,1042.6,803.8
2025-07-25T08:17:15.547267,blofin,0.55964,0.55965,2.0,189.0
2025-07-25T08:17:15.693298,bitget,0.55979,0.56006,109.0,108.0
2025-07-25T08:17:15.754480,gateio,0.56,0.5603,17.0,314.0
2025-07-25T08:17:15.845689,bingx,0.5598,0.5601,652.77,123.84
2025-07-25T08:17:15.892699,gateio,0.56,0.5603,17.0,321.0
2025-07-25T08:17:15.996286,bitmart,0.55838,0.56089,10877.0,3745.0
2025-07-25T08:17:16.053578,blofin,0.55964,0.55965,2.0,189.0
2025-07-25T08:17:16.278561,gateio,0.5599,0.5603,17.0,321.0
2025-07-25T08:17:16.374473,gateio,0.5599,0.5603,430.0,321.0
2025-07-25T08:17:16.447682,bitget,0.55979,0.56006,108.0,108.0
2025-07-25T08:17:16.519613,mexc,0.5595,0.5598,1728288.0,1728288.0
2025-07-25T08:17:16.543497,gateio,0.5599,0.5603,17.0,305.0
2025-07-25T08:17:16.549708,blofin,0.55958,0.55965,131.0,329.0
2025-07-25T08:17:16.554717,gateio,0.5599,0.5602,17.0,261.0
2025-07-25T08:17:16.568606,gateio,0.5599,0.5602,24.0,293.0
2025-07-25T08:17:16.594813,gateio,0.5599,0.5602,17.0,293.0
2025-07-25T08:17:16.605187,okx,0.5597,0.5599,35.23,124.16
2025-07-25T08:17:16.638122,bybit,0.56,0.5602,6589.0,5167.0
2025-07-25T08:17:16.737353,bybit,0.0,0.0,0.0,0.0
2025-07-25T08:17:16.747540,bitget,0.55967,0.56006,108.0,108.0
2025-07-25T08:17:16.760089,bingx,0.5598,0.5601,652.77,123.84
2025-07-25T08:17:16.760731,okx,0.5596,0.5598,195.2,124.16
2025-07-25T08:17:16.779872,digifinex,0.5588,0.5596,26.0,23.0
2025-07-25T08:17:16.837515,bybit,0.0,0.5602,0.0,5476.0
2025-07-25T08:17:16.876473,digifinex,0.5594,0.5596,47.0,23.0
2025-07-25T08:17:16.887869,okx,0.5596,0.5598,70.46,124.16
2025-07-25T08:17:16.926723,gateio,0.5599,0.5602,17.0,294.0
2025-07-25T08:17:16.959047,bitmart,0.55821,0.56089,438.0,3745.0
2025-07-25T08:17:16.997755,digifinex,0.5594,0.5595,47.0,39.0
2025-07-25T08:17:17.008568,lbank,0.5596,0.5597,1042.6,14.8
2025-07-25T08:17:17.037896,bybit,0.0,0.5602,0.0,5485.0
2025-07-25T08:17:17.045247,bitget,0.55967,0.56006,108.0,108.0
2025-07-25T08:17:17.050205,bingx,0.5597,0.5599,652.77,123.84
2025-07-25T08:17:17.066175,blofin,0.55958,0.55965,131.0,329.0
2025-07-25T08:17:17.146929,binance,0.5598,0.5598,0.0,0.0
2025-07-25T08:17:17.160957,lbank,0.5596,0.5598,1042.6,803.8
2025-07-25T08:17:17.190210,digifinex,0.5594,0.5595,47.0,39.0
2025-07-25T08:17:17.314717,gateio,0.5599,0.5602,17.0,286.0
2025-07-25T08:17:17.388817,digifinex,0.5594,0.5595,47.0,26.0
2025-07-25T08:17:17.437689,bybit,0.0,0.5602,0.0,6753.0
2025-07-25T08:17:17.470703,gateio,0.5599,0.5602,24.0,286.0
2025-07-25T08:17:17.494034,bitget,0.55967,0.56006,108.0,108.0
2025-07-25T08:17:17.500908,okx,0.5596,0.5598,191.96,124.16
2025-07-25T08:17:17.552223,blofin,0.55958,0.55965,131.0,329.0
2025-07-25T08:17:17.576103,digifinex,0.5594,0.5601,47.0,36.0
2025-07-25T08:17:17.622602,gateio,0.5599,0.5602,17.0,286.0
2025-07-25T08:17:17.639774,bybit,0.0,0.5602,0.0,7388.0
2025-07-25T08:17:17.649514,bitget,0.55967,0.56006,108.0,308.0
2025-07-25T08:17:17.650986,gateio,0.5599,0.5602,17.0,287.0
2025-07-25T08:17:17.777044,digifinex,0.5588,0.5596,73.0,27.0
2025-07-25T08:17:17.795269,bitget,0.55967,0.56001,108.0,108.0
2025-07-25T08:17:17.946190,bitmart,0.55821,0.56089,438.0,3745.0
2025-07-25T08:17:17.998518,bingx,0.5597,0.5599,652.77,123.84
2025-07-25T08:17:18.037438,bybit,0.0,0.5602,0.0,7379.0
2025-07-25T08:17:18.051774,blofin,0.55954,0.55956,133.0,189.0
2025-07-25T08:17:18.230606,gateio,0.5599,0.5602,17.0,294.0
2025-07-25T08:17:18.526496,gateio,0.5599,0.5602,17.0,293.0
2025-07-25T08:17:18.545192,bitget,0.55967,0.56001,108.0,108.0
2025-07-25T08:17:18.572037,blofin,0.55954,0.55956,133.0,189.0
2025-07-25T08:17:18.626469,gateio,0.5599,0.5602,24.0,287.0
2025-07-25T08:17:18.696540,gateio,0.5599,0.5602,17.0,287.0
2025-07-25T08:17:18.710140,huobi,0.5598,0.5605,234.9,234.9
2025-07-25T08:17:18.778473,gateio,0.5599,0.5602,17.0,294.0
2025-07-25T08:17:18.826939,bitmex,0.5428,0.568,4.0,4.0
2025-07-25T08:17:18.849312,bitget,0.55967,0.56001,108.0,108.0
2025-07-25T08:17:18.856549,bingx,0.5597,0.5599,652.77,123.84
2025-07-25T08:17:18.860361,bitmex,0.5427,0.568,4.0,4.0
2025-07-25T08:17:18.902221,mexc,0.5595,0.5598,1728288.0,1728288.0
2025-07-25T08:17:18.902817,gateio,0.5599,0.5602,17.0,287.0
2025-07-25T08:17:18.952379,lbank,0.5596,0.5597,1042.6,14.8
2025-07-25T08:17:19.008527,bitmart,0.55821,0.56089,438.0,3745.0
2025-07-25T08:17:19.038033,bybit,0.0,0.5602,0.0,7736.0
2025-07-25T08:17:19.057099,blofin,0.5595,0.55954,230.0,189.0
2025-07-25T08:17:19.155213,gateio,0.5599,0.5602,24.0,287.0
2025-07-25T08:17:19.159601,bingx,0.5597,0.5599,652.77,123.84
2025-07-25T08:17:19.160988,lbank,0.5596,0.5598,1042.6,803.8
2025-07-25T08:17:19.170713,gateio,0.5599,0.5602,17.0,294.0
2025-07-25T08:17:19.199040,gateio,0.5599,0.5602,17.0,287.0
2025-07-25T08:17:19.226951,gateio,0.5599,0.5602,24.0,26.0
2025-07-25T08:17:19.238939,gateio,0.5599,0.5602,285.0,10.0
2025-07-25T08:17:19.270874,gateio,0.5599,0.5602,285.0,1.0
2025-07-25T08:17:19.328209,gateio,0.5599,0.5603,285.0,41.0
2025-07-25T08:17:19.337630,bybit,0.0,0.5602,0.0,6665.0
2025-07-25T08:17:19.376660,digifinex,0.5595,0.5596,58.0,27.0
2025-07-25T08:17:19.439020,bybit,0.0,0.5602,0.0,6243.0
2025-07-25T08:17:19.450958,bitget,0.55967,0.56001,108.0,108.0
2025-07-25T08:17:19.452560,gateio,0.5599,0.5603,285.0,939.0
2025-07-25T08:17:19.463671,okx,0.5597,0.5599,202.46,1022.74
2025-07-25T08:17:19.526486,gateio,0.5599,0.5603,285.0,940.0
2025-07-25T08:17:19.537266,bybit,0.0,0.5602,0.0,4905.0
2025-07-25T08:17:19.541019,gateio,0.5599,0.5603,278.0,940.0
2025-07-25T08:17:19.558099,blofin,0.5595,0.55954,230.0,189.0
2025-07-25T08:17:19.589838,okx,0.5597,0.5599,124.16,124.12
2025-07-25T08:17:19.595244,bitget,0.55967,0.56001,384.0,108.0
2025-07-25T08:17:19.638502,bybit,0.0,0.5602,0.0,5260.0
2025-07-25T08:17:19.692988,okx,0.5597,0.56,124.16,3729.38
2025-07-25T08:17:19.737807,bybit,0.0,0.5602,0.0,5620.0
2025-07-25T08:17:19.749997,bitget,0.55972,0.56001,108.0,108.0
2025-07-25T08:17:19.800081,okx,0.5597,0.56,124.16,3351.16
2025-07-25T08:17:19.943129,bitmart,0.55821,0.56089,438.0,3745.0
2025-07-25T08:17:19.958434,gateio,0.5599,0.5603,278.0,969.0
2025-07-25T08:17:20.057037,bingx,0.5597,0.5599,652.77,123.84
2025-07-25T08:17:20.067195,blofin,0.5595,0.55954,230.0,5.0
2025-07-25T08:17:20.146114,binance,0.5598,0.5598,0.0,0.0
2025-07-25T08:17:20.294995,gateio,0.5599,0.5603,278.0,940.0
2025-07-25T08:17:20.337328,bybit,0.0,0.5602,0.0,5440.0
2025-07-25T08:17:20.366763,gateio,0.5599,0.5603,278.0,42.0
2025-07-25T08:17:20.375157,digifinex,0.5595,0.5602,58.0,57.0
2025-07-25T08:17:20.380570,gateio,0.56,0.5603,261.0,42.0
2025-07-25T08:17:20.392372,gateio,0.56,0.5603,284.0,42.0
2025-07-25T08:17:20.426516,gateio,0.56,0.5603,284.0,41.0
2025-07-25T08:17:20.437945,bybit,0.56,0.5602,6640.0,4782.0
2025-07-25T08:17:20.480815,digifinex,0.5596,0.5597,30.0,12.0
2025-07-25T08:17:20.495347,gateio,0.5601,0.5603,17.0,41.0
2025-07-25T08:17:20.496219,okx,0.5598,0.56,78.3,3351.16
2025-07-25T08:17:20.497734,bitget,0.55972,0.56001,380.0,108.0
2025-07-25T08:17:20.514764,gateio,0.5601,0.5603,24.0,41.0
2025-07-25T08:17:20.537439,bybit,0.56,0.5602,6620.0,3711.0
2025-07-25T08:17:20.547054,gateio,0.5601,0.5603,17.0,41.0
2025-07-25T08:17:20.564530,blofin,0.5595,0.55954,230.0,5.0
2025-07-25T08:17:20.578994,gateio,0.5601,0.5603,8.0,41.0
2025-07-25T08:17:20.596357,gateio,0.56,0.5603,33.0,70.0
2025-07-25T08:17:20.637554,bybit,0.56,0.5602,6589.0,3265.0
2025-07-25T08:17:20.638562,okx,0.5597,0.5599,194.62,124.16
2025-07-25T08:17:20.640645,gateio,0.56,0.5603,24.0,70.0
2025-07-25T08:17:20.647885,bitget,0.55977,0.56011,108.0,200.0
2025-07-25T08:17:20.656758,gateio,0.56,0.5603,17.0,354.0
2025-07-25T08:17:20.678854,gateio,0.56,0.5603,8.0,354.0
2025-07-25T08:17:20.727002,gateio,0.5599,0.5603,17.0,355.0
2025-07-25T08:17:20.737238,bybit,0.0,0.5602,0.0,4056.0
2025-07-25T08:17:20.754751,okx,0.5597,0.5599,121.5,202.46
2025-07-25T08:17:20.797154,bitget,0.55957,0.55998,108.0,108.0
2025-07-25T08:17:20.802050,digifinex,0.5589,0.5597,22.0,12.0
2025-07-25T08:17:20.837333,bybit,0.0,0.5602,0.0,4236.0
2025-07-25T08:17:20.876873,gateio,0.5602,0.5606,355.0,1166.0
2025-07-25T08:17:20.895801,gateio,0.5601,0.5605,372.0,20.0
2025-07-25T08:17:20.906242,gateio,0.5601,0.5604,388.0,20.0
2025-07-25T08:17:20.909510,huobi,0.56,0.5605,234.9,234.9
2025-07-25T08:17:20.916498,gateio,0.5601,0.5604,395.0,29.0
2025-07-25T08:17:20.936532,gateio,0.5601,0.5604,388.0,29.0
2025-07-25T08:17:20.937485,bybit,0.5602,0.5603,408.0,10.0
2025-07-25T08:17:20.946196,bitget,0.55998,0.5603,108.0,251.0
2025-07-25T08:17:20.955284,bitmart,0.55821,0.56089,438.0,3745.0
2025-07-25T08:17:20.969904,lbank,0.5597,0.5598,10.0,803.8
2025-07-25T08:17:20.975258,bingx,0.5597,0.5599,652.77,123.84
2025-07-25T08:17:20.982918,digifinex,0.5588,0.5597,73.0,12.0
2025-07-25T08:17:20.992768,okx,0.56,0.5602,156.87,124.16
2025-07-25T08:17:20.997668,gateio,0.5601,0.5603,388.0,55.0
2025-07-25T08:17:21.006012,gateio,0.5601,0.5602,388.0,20.0
2025-07-25T08:17:21.012080,huobi,0.56,0.5609,234.9,234.9
2025-07-25T08:17:21.017030,gateio,0.5601,0.5602,17.0,20.0
2025-07-25T08:17:21.037292,bybit,0.5602,0.5603,110.0,179.0
2025-07-25T08:17:21.063277,blofin,0.5595,0.55953,225.0,18.0
2025-07-25T08:17:21.094533,gateio,0.5599,0.5602,278.0,20.0
2025-07-25T08:17:21.099219,okx,0.5599,0.5601,351.49,210.5
2025-07-25T08:17:21.100186,bitget,0.55998,0.5603,156.0,108.0
2025-07-25T08:17:21.106575,gateio,0.5599,0.5601,285.0,20.0
2025-07-25T08:17:21.109541,huobi,0.56,0.5608,234.9,234.9
2025-07-25T08:17:21.137324,bybit,0.0,0.0,0.0,0.0
2025-07-25T08:17:21.146405,binance,0.5603,0.5603,0.0,0.0
2025-07-25T08:17:21.162853,gateio,0.5599,0.5601,24.0,20.0
2025-07-25T08:17:21.170127,lbank,0.5596,0.5598,1042.6,803.8
2025-07-25T08:17:21.176179,digifinex,0.5598,0.5599,12.0,21.0
2025-07-25T08:17:21.221401,gateio,0.5599,0.5601,17.0,20.0
2025-07-25T08:17:21.246272,okx,0.5598,0.56,355.78,210.78
2025-07-25T08:17:21.247349,bitget,0.55998,0.56039,108.0,1776.0
2025-07-25T08:17:21.276830,digifinex,0.5589,0.5598,23.0,18.0
2025-07-25T08:17:21.293998,mexc,0.5598,0.56,1728288.0,1728288.0
2025-07-25T08:17:21.323218,huobi,0.56,0.5608,234.9,255.1584
2025-07-25T08:17:21.407885,bitget,0.55998,0.56039,108.0,1776.0
2025-07-25T08:17:21.413331,huobi,0.56,0.5607,234.9,234.9
2025-07-25T08:17:21.437639,bybit,0.56,0.5603,6776.0,1476.0
2025-07-25T08:17:21.474824,gateio,0.5599,0.5602,24.0,510.0
2025-07-25T08:17:21.477582,digifinex,0.5596,0.5604,34.0,37.0
2025-07-25T08:17:21.494681,gateio,0.5599,0.5602,24.0,20.0
2025-07-25T08:17:21.546599,bitget,0.55986,0.56039,108.0,2314.0
2025-07-25T08:17:21.555375,blofin,0.5595,0.55953,225.0,18.0
2025-07-25T08:17:21.566035,bingx,0.5598,0.5601,1158.93,996.39
2025-07-25T08:17:21.588885,digifinex,0.5596,0.5597,34.0,69.0
2025-07-25T08:17:21.657890,lbank,0.5599,0.5602,1050.0,593.2
2025-07-25T08:17:21.696880,bitget,0.55958,0.56039,200.0,11519.0
2025-07-25T08:17:21.837266,bybit,0.0,0.5603,0.0,1387.0
2025-07-25T08:17:21.852957,bitget,0.55963,0.56039,308.0,11971.0
2025-07-25T08:17:21.937220,bybit,0.0,0.5603,0.0,1833.0
2025-07-25T08:17:21.947011,bitmart,0.55853,0.56098,213.0,6864.0
2025-07-25T08:17:21.997188,bitget,0.55968,0.56039,108.0,12875.0
2025-07-25T08:17:22.037512,bybit,0.0,0.0,0.0,0.0
2025-07-25T08:17:22.068870,blofin,0.55976,0.55985,73.0,112.0
2025-07-25T08:17:22.146380,binance,0.5603,0.5603,0.0,0.0
2025-07-25T08:17:22.152450,bitget,0.55973,0.56039,108.0,12875.0
2025-07-25T08:17:22.299229,bitget,0.55973,0.56039,108.0,12875.0
2025-07-25T08:17:22.396128,bitmex,0.5428,0.568,4.0,4.0
2025-07-25T08:17:22.399671,bitmex,0.5428,0.5681,4.0,4.0
2025-07-25T08:17:22.448051,bitget,0.55973,0.56039,108.0,11519.0
2025-07-25T08:17:22.470384,bingx,0.5598,0.5601,1158.93,996.39
2025-07-25T08:17:22.546690,bybit,0.0,0.5603,0.0,1851.0
2025-07-25T08:17:22.552253,blofin,0.55976,0.55985,73.0,112.0
2025-07-25T08:17:22.604978,bitget,0.55973,0.56039,1596.0,11999.0
2025-07-25T08:17:22.748099,bitget,0.55978,0.56039,108.0,11999.0
2025-07-25T08:17:22.957076,bitmart,0.55834,0.56098,4047.0,6864.0
2025-07-25T08:17:23.018158,lbank,0.5599,0.56,1050.0,15.4
2025-07-25T08:17:23.048173,bitget,0.55978,0.56039,108.0,11999.0
2025-07-25T08:17:23.060212,blofin,0.5596,0.55971,186.0,226.0
2025-07-25T08:17:23.159354,lbank,0.5599,0.5602,1050.0,593.2
2025-07-25T08:17:23.348217,bitget,0.55978,0.56039,108.0,11999.0
2025-07-25T08:17:23.375955,bingx,0.5598,0.5601,1158.93,996.39
2025-07-25T08:17:23.439081,bybit,0.0,0.5602,0.0,808.0
2025-07-25T08:17:23.500728,bitget,0.55978,0.56039,108.0,11999.0
2025-07-25T08:17:23.565456,blofin,0.5596,0.55971,186.0,226.0
2025-07-25T08:17:23.674974,digifinex,0.5596,0.5597,34.0,69.0
2025-07-25T08:17:23.690468,mexc,0.5598,0.56,1728288.0,1728288.0
2025-07-25T08:17:23.737267,bybit,0.0,0.0,0.0,0.0
2025-07-25T08:17:23.937493,bybit,0.56,0.5602,6807.0,728.0
2025-07-25T08:17:23.947903,bitget,0.55978,0.56039,108.0,11999.0
2025-07-25T08:17:23.992650,digifinex,0.5596,0.5597,34.0,60.0
2025-07-25T08:17:24.004019,bitmart,0.55834,0.56098,4047.0,6864.0
2025-07-25T08:17:24.044295,blofin,0.5596,0.55971,186.0,226.0
2025-07-25T08:17:24.108908,huobi,0.56,0.5605,234.9,234.9
2025-07-25T08:17:24.146961,binance,0.5603,0.5603,0.0,0.0
2025-07-25T08:17:24.238295,bybit,0.56,0.0,6776.0,0.0
2025-07-25T08:17:24.278636,bingx,0.5598,0.5601,1158.93,996.39
2025-07-25T08:17:24.310931,huobi,0.56,0.5607,234.9,234.9
2025-07-25T08:17:24.400299,bitget,0.55978,0.56039,108.0,11999.0
2025-07-25T08:17:24.537121,bybit,0.56,0.0,6807.0,0.0
2025-07-25T08:17:24.550140,bitget,0.55978,0.56039,108.0,11999.0
2025-07-25T08:17:24.556976,blofin,0.55961,0.55963,186.0,80.0
2025-07-25T08:17:24.698191,bitget,0.55978,0.56039,108.0,11999.0
2025-07-25T08:17:24.850035,bitget,0.55978,0.56039,108.0,11999.0
2025-07-25T08:17:24.963408,lbank,0.56,0.5602,22.9,593.2
2025-07-25T08:17:25.006109,bitmart,0.55834,0.56098,4047.0,6864.0
2025-07-25T08:17:25.037506,bybit,0.56,0.0,6776.0,0.0
2025-07-25T08:17:25.053767,blofin,0.55961,0.55963,186.0,80.0
2025-07-25T08:17:25.137306,bybit,0.0,0.5602,0.0,808.0
2025-07-25T08:17:25.186704,bingx,0.5598,0.5601,1158.93,996.39
2025-07-25T08:17:25.212302,lbank,0.5599,0.5602,1050.0,593.2
2025-07-25T08:17:25.237584,bybit,0.0,0.5602,0.0,788.0
2025-07-25T08:17:25.300463,bitget,0.55978,0.56039,108.0,11999.0
2025-07-25T08:17:25.304807,gateio,0.5599,0.5602,17.0,20.0
2025-07-25T08:17:25.438117,bybit,0.56,0.5602,6807.0,728.0
2025-07-25T08:17:25.476702,gateio,0.5599,0.5602,24.0,20.0
2025-07-25T08:17:25.556082,blofin,0.55961,0.55963,187.0,198.0
2025-07-25T08:17:25.728492,gateio,0.5599,0.5602,17.0,20.0
2025-07-25T08:17:25.754932,bitget,0.55978,0.56039,108.0,11999.0
2025-07-25T08:17:25.943550,bitmart,0.55834,0.56098,4047.0,6864.0
2025-07-25T08:17:26.058035,blofin,0.55961,0.55963,187.0,198.0
2025-07-25T08:17:26.061201,mexc,0.5598,0.56,1728288.0,1728288.0
2025-07-25T08:17:26.086172,bingx,0.5598,0.5601,1158.93,996.39
2025-07-25T08:17:26.237309,bybit,0.0,0.5602,0.0,788.0
2025-07-25T08:17:26.437964,bybit,0.0,0.5602,0.0,728.0
2025-07-25T08:17:26.537930,bybit,0.0,0.5602,0.0,788.0
2025-07-25T08:17:26.542671,blofin,0.55961,0.55963,187.0,194.0
2025-07-25T08:17:26.595654,gateio,0.5599,0.5602,17.0,282.0
2025-07-25T08:17:26.614503,gateio,0.5599,0.5601,17.0,90.0
2025-07-25T08:17:26.637429,bybit,0.56,0.5602,6776.0,808.0
2025-07-25T08:17:26.649697,bitget,0.55978,0.56039,108.0,11999.0
2025-07-25T08:17:26.737436,bybit,0.56,0.0,6599.0,0.0
2025-07-25T08:17:26.755125,okx,0.5597,0.5599,70.46,86.34
2025-07-25T08:17:26.775348,digifinex,0.5589,0.5597,23.0,60.0
2025-07-25T08:17:26.801281,bitget,0.55964,0.5603,200.0,220.0
2025-07-25T08:17:26.812656,huobi,0.5596,0.5607,234.9,234.9
2025-07-25T08:17:26.851195,okx,0.5596,0.5598,194.62,86.34
2025-07-25T08:17:26.898455,digifinex,0.5588,0.5597,73.0,60.0
2025-07-25T08:17:26.914930,huobi,0.5596,0.5606,234.9,234.9
2025-07-25T08:17:26.938000,bybit,0.56,0.0,6630.0,0.0
2025-07-25T08:17:26.950156,bitget,0.55964,0.5603,200.0,1273.0
2025-07-25T08:17:26.966396,bitmart,0.55834,0.56098,4047.0,6864.0
2025-07-25T08:17:26.984071,digifinex,0.5588,0.5596,73.0,12.0
2025-07-25T08:17:26.993002,bingx,0.5598,0.5601,1158.93,996.39
2025-07-25T08:17:27.043765,lbank,0.56,0.5602,14.5,593.2
2025-07-25T08:17:27.051160,blofin,0.55961,0.55963,187.0,194.0
2025-07-25T08:17:27.077057,gateio,0.5599,0.5601,24.0,90.0
2025-07-25T08:17:27.101571,bitget,0.55969,0.5603,105.0,1273.0
2025-07-25T08:17:27.103364,okx,0.5597,0.5599,78.3,124.48
2025-07-25T08:17:27.115064,gateio,0.5599,0.5602,24.0,510.0
2025-07-25T08:17:27.134923,gateio,0.5599,0.5602,24.0,20.0
2025-07-25T08:17:27.137882,bybit,0.56,0.5602,6650.0,728.0
2025-07-25T08:17:27.146508,binance,0.5599,0.5599,0.0,0.0
2025-07-25T08:17:27.160294,lbank,0.5599,0.5602,1050.0,593.2
2025-07-25T08:17:27.185933,digifinex,0.5595,0.5596,10.0,12.0
2025-07-25T08:17:27.212570,huobi,0.5598,0.5606,234.9,234.9
2025-07-25T08:17:27.250271,bitget,0.55969,0.5603,105.0,657.0
2025-07-25T08:17:27.253245,okx,0.5597,0.56,202.8,124.44
2025-07-25T08:17:27.401411,bitget,0.55969,0.5603,105.0,231.0
2025-07-25T08:17:27.481915,digifinex,0.5595,0.5596,10.0,12.0
2025-07-25T08:17:27.548534,blofin,0.55961,0.55963,188.0,237.0
2025-07-25T08:17:27.549866,bitget,0.55969,0.5603,153.0,231.0
2025-07-25T08:17:27.659455,lbank,0.5597,0.5599,837.6,740.0
2025-07-25T08:17:27.701246,bitget,0.55974,0.5603,105.0,213.0
2025-07-25T08:17:27.764936,gateio,0.5599,0.5603,24.0,510.0
2025-07-25T08:17:27.814744,gateio,0.5599,0.5604,286.0,262.0
2025-07-25T08:17:27.819463,okx,0.5598,0.5601,245.98,124.16
2025-07-25T08:17:27.837603,bybit,0.56,0.0,6710.0,0.0
2025-07-25T08:17:27.851189,bitget,0.55974,0.5603,105.0,213.0
2025-07-25T08:17:27.889596,bingx,0.5598,0.5601,1158.93,996.39
2025-07-25T08:17:27.891672,digifinex,0.5595,0.5597,10.0,18.0
2025-07-25T08:17:27.937313,bybit,0.0,0.5602,0.0,267.0
2025-07-25T08:17:27.946366,bitmart,0.55834,0.56098,4047.0,6864.0
2025-07-25T08:17:27.976542,digifinex,0.5596,0.5597,42.0,18.0
2025-07-25T08:17:28.002614,bitget,0.55974,0.5603,475.0,213.0
2025-07-25T08:17:28.010933,huobi,0.5598,0.5606,234.9,234.9
2025-07-25T08:17:28.057197,blofin,0.55961,0.55963,188.0,237.0
2025-07-25T08:17:28.146160,binance,0.5599,0.5599,0.0,0.0
2025-07-25T08:17:28.154889,bitget,0.55979,0.5603,105.0,105.0
2025-07-25T08:17:28.367123,gateio,0.56,0.5604,262.0,262.0
2025-07-25T08:17:28.377028,gateio,0.56,0.5603,262.0,20.0
2025-07-25T08:17:28.404739,gateio,0.56,0.5603,278.0,20.0
2025-07-25T08:17:28.416008,okx,0.5599,0.5601,199.8,124.16
2025-07-25T08:17:28.437578,bybit,0.5602,0.5603,316.0,723.0
2025-07-25T08:17:28.440585,mexc,0.5596,0.5597,1728288.0,1728288.0
2025-07-25T08:17:28.451281,bitget,0.55979,0.5603,105.0,105.0
2025-07-25T08:17:28.477302,gateio,0.5601,0.5603,262.0,20.0
2025-07-25T08:17:28.492560,gateio,0.5601,0.5604,278.0,255.0
2025-07-25T08:17:28.502495,gateio,0.5601,0.5605,286.0,1165.0
2025-07-25T08:17:28.514684,huobi,0.5598,0.5607,234.9,234.9
2025-07-25T08:17:28.514926,gateio,0.5601,0.5606,286.0,258.0
2025-07-25T08:17:28.537384,bybit,0.5602,0.5603,347.0,10.0
2025-07-25T08:17:28.563682,blofin,0.55951,0.55961,189.0,336.0
2025-07-25T08:17:28.576512,digifinex,0.5597,0.5604,68.0,37.0
2025-07-25T08:17:28.602399,bitget,0.55979,0.5603,657.0,105.0
2025-07-25T08:17:28.613319,huobi,0.56,0.5607,234.9,234.9
2025-07-25T08:17:28.613778,gateio,0.5601,0.5606,641.0,258.0
2025-07-25T08:17:28.666129,okx,0.56,0.5603,202.76,124.46
2025-07-25T08:17:28.676698,digifinex,0.5598,0.5599,83.0,75.0
2025-07-25T08:17:28.719141,huobi,0.5598,0.5609,234.9,234.9
2025-07-25T08:17:28.726815,gateio,0.5602,0.5606,262.0,258.0
2025-07-25T08:17:28.742615,gateio,0.5602,0.5605,278.0,20.0
2025-07-25T08:17:28.758928,bitget,0.5599,0.56039,105.0,1776.0
2025-07-25T08:17:28.801412,bingx,0.5598,0.5601,1158.93,996.39
2025-07-25T08:17:28.811974,huobi,0.56,0.5609,234.9,234.9
2025-07-25T08:17:28.837620,bybit,0.5602,0.0,407.0,0.0
2025-07-25T08:17:28.843197,gateio,0.5602,0.5606,278.0,255.0
2025-07-25T08:17:28.856242,gateio,0.5602,0.5607,278.0,272.0
2025-07-25T08:17:28.898472,okx,0.5601,0.5604,245.92,202.76
2025-07-25T08:17:28.934807,bitget,0.5599,0.56048,305.0,32257.0
2025-07-25T08:17:28.947580,lbank,0.56,0.5602,25.6,593.2
2025-07-25T08:17:28.984638,digifinex,0.5599,0.5605,14.0,20.0
2025-07-25T08:17:29.051425,bitget,0.55995,0.56048,105.0,32257.0
2025-07-25T08:17:29.059081,bitmart,0.55853,0.56124,4005.0,8470.0
2025-07-25T08:17:29.074379,blofin,0.55951,0.55961,189.0,336.0
2025-07-25T08:17:29.075825,digifinex,0.5599,0.56,14.0,66.0
2025-07-25T08:17:29.096187,bingx,0.5599,0.5602,1158.93,996.39
2025-07-25T08:17:29.146589,binance,0.5601,0.5601,0.0,0.0
2025-07-25T08:17:29.166214,lbank,0.5599,0.5602,870.6,593.2
2025-07-25T08:17:29.203262,bitget,0.56,0.56048,105.0,32257.0
2025-07-25T08:17:29.265561,okx,0.5601,0.5604,245.92,909.76
2025-07-25T08:17:29.269021,gateio,0.5603,0.5607,262.0,272.0
2025-07-25T08:17:29.287861,gateio,0.5603,0.5606,269.0,110.0
2025-07-25T08:17:29.312914,gateio,0.5603,0.5605,24.0,20.0
2025-07-25T08:17:29.335327,gateio,0.5603,0.5606,24.0,345.0
2025-07-25T08:17:29.351110,bitget,0.56,0.56048,153.0,32257.0
2025-07-25T08:17:29.368890,gateio,0.5603,0.5606,24.0,110.0
2025-07-25T08:17:29.374635,okx,0.5602,0.5604,121.5,202.76
2025-07-25T08:17:29.392129,bingx,0.5601,0.5603,938.88,16.11
2025-07-25T08:17:29.411912,huobi,0.5602,0.5609,234.9,234.9
2025-07-25T08:17:29.437468,bybit,0.5602,0.0,347.0,0.0
2025-07-25T08:17:29.475507,digifinex,0.5599,0.56,14.0,66.0
2025-07-25T08:17:29.501127,okx,0.5602,0.5604,121.5,124.46
2025-07-25T08:17:29.503425,bitget,0.56005,0.56048,105.0,32257.0
2025-07-25T08:17:29.511009,huobi,0.56,0.5609,234.9,234.9
2025-07-25T08:17:29.562588,blofin,0.55968,0.55969,184.0,13.0
2025-07-25T08:17:29.598766,gateio,0.5603,0.5606,7.0,110.0
2025-07-25T08:17:29.599628,okx,0.5601,0.5604,124.42,664.71
2025-07-25T08:17:29.651409,bitget,0.56005,0.56048,105.0,32257.0
2025-07-25T08:17:29.737546,bybit,0.5602,0.0,407.0,0.0
2025-07-25T08:17:29.751425,okx,0.5601,0.5604,124.42,848.46
2025-07-25T08:17:29.837796,bybit,0.0,0.0,0.0,0.0
2025-07-25T08:17:29.875146,digifinex,0.5599,0.56,14.0,75.0
2025-07-25T08:17:29.885146,okx,0.5601,0.5604,124.42,124.46
2025-07-25T08:17:29.937425,bybit,0.5602,0.0,347.0,0.0
2025-07-25T08:17:29.943361,bitmart,0.55853,0.56124,4005.0,8470.0
2025-07-25T08:17:30.053396,blofin,0.55968,0.55969,184.0,13.0
2025-07-25T08:17:30.137434,bybit,0.0,0.0,0.0,0.0
2025-07-25T08:17:30.146116,binance,0.5601,0.5601,0.0,0.0
2025-07-25T08:17:30.298542,bingx,0.5601,0.5603,938.88,16.11
2025-07-25T08:17:30.402070,bitget,0.56005,0.56048,105.0,32257.0
2025-07-25T08:17:30.489972,okx,0.5601,0.5604,124.42,304.46
2025-07-25T08:17:30.547612,blofin,0.55989,0.55996,8.0,98.0
2025-07-25T08:17:30.584872,bitmex,0.5431,0.5681,4.0,4.0
2025-07-25T08:17:30.599044,bitmex,0.5431,0.5684,4.0,4.0
2025-07-25T08:17:30.696773,okx,0.5601,0.5604,124.42,124.46
2025-07-25T08:17:30.818505,mexc,0.5598,0.56,1728288.0,1728288.0
2025-07-25T08:17:30.937579,bybit,0.5603,0.5604,439.0,10.0
2025-07-25T08:17:30.986096,lbank,0.5599,0.5601,870.6,23.2
2025-07-25T08:17:31.038160,bybit,0.0,0.0,0.0,0.0
2025-07-25T08:17:31.053240,bitmart,0.55853,0.56124,4005.0,8470.0
2025-07-25T08:17:31.057356,okx,0.5602,0.5603,124.48,86.34
2025-07-25T08:17:31.065630,blofin,0.55989,0.55996,8.0,98.0
2025-07-25T08:17:31.146075,binance,0.5601,0.5601,0.0,0.0
2025-07-25T08:17:31.165597,lbank,0.5599,0.5602,870.6,593.2
2025-07-25T08:17:31.167379,okx,0.5602,0.5605,124.48,1778.29
2025-07-25T08:17:31.212218,bingx,0.5601,0.5603,938.88,16.11
2025-07-25T08:17:31.312907,bitget,0.56005,0.56048,105.0,107.0
2025-07-25T08:17:31.396046,okx,0.5602,0.5605,124.48,1234.29
2025-07-25T08:17:31.437379,bybit,0.5603,0.0,419.0,0.0
2025-07-25T08:17:31.453239,bitget,0.56005,0.56059,105.0,9738.0
2025-07-25T08:17:31.501286,okx,0.5602,0.5603,124.48,86.34
2025-07-25T08:17:31.560472,blofin,0.55989,0.55994,8.0,11.0
2025-07-25T08:17:31.569873,gateio,0.5603,0.5606,7.0,372.0
2025-07-25T08:17:31.579555,digifinex,0.5599,0.5606,14.0,33.0
2025-07-25T08:17:31.594491,gateio,0.5603,0.5605,7.0,90.0
2025-07-25T08:17:31.604596,bitget,0.56005,0.56059,327.0,9738.0
2025-07-25T08:17:31.676440,digifinex,0.5599,0.56,14.0,85.0
2025-07-25T08:17:31.706911,okx,0.5601,0.5603,438.16,86.34
2025-07-25T08:17:31.737250,bybit,0.5603,0.5604,388.0,366.0
2025-07-25T08:17:31.755602,gateio,0.5603,0.5604,7.0,90.0
2025-07-25T08:17:31.762637,bitget,0.5601,0.56059,105.0,9738.0
2025-07-25T08:17:31.838041,bybit,0.5603,0.0,408.0,0.0
2025-07-25T08:17:31.872876,gateio,0.5603,0.5605,7.0,508.0
2025-07-25T08:17:31.904637,bitget,0.5601,0.56059,105.0,9738.0
2025-07-25T08:17:31.910719,gateio,0.5603,0.5605,7.0,90.0
2025-07-25T08:17:31.937685,bybit,0.0,0.5604,0.0,10.0
2025-07-25T08:17:31.960137,bitmart,0.55853,0.56124,4005.0,8470.0
2025-07-25T08:17:32.037196,bybit,0.5603,0.0,439.0,0.0
2025-07-25T08:17:32.053070,bitget,0.5601,0.56059,105.0,9738.0
2025-07-25T08:17:32.056414,blofin,0.55989,0.55994,8.0,11.0
2025-07-25T08:17:32.102321,bingx,0.5601,0.5603,938.88,16.11
2025-07-25T08:17:32.133317,gateio,0.5603,0.5606,7.0,770.0
2025-07-25T08:17:32.137297,bybit,0.5603,0.0,499.0,0.0
2025-07-25T08:17:32.146369,binance,0.5601,0.5601,0.0,0.0
2025-07-25T08:17:32.154602,gateio,0.5603,0.5607,7.0,1157.0
2025-07-25T08:17:32.170669,gateio,0.5603,0.5607,7.0,1164.0
2025-07-25T08:17:32.213069,bitget,0.5601,0.56059,105.0,9738.0
2025-07-25T08:17:32.237194,bybit,0.5603,0.0,439.0,0.0
2025-07-25T08:17:32.277178,digifinex,0.5599,0.5606,14.0,33.0
2025-07-25T08:17:32.353225,bitget,0.5601,0.56059,327.0,9738.0
2025-07-25T08:17:32.505759,bitget,0.56015,0.56059,105.0,9738.0
2025-07-25T08:17:32.561424,blofin,0.55989,0.55994,8.0,11.0
2025-07-25T08:17:32.673318,gateio,0.5603,0.5606,7.0,20.0
2025-07-25T08:17:32.686510,gateio,0.5603,0.5605,7.0,20.0
2025-07-25T08:17:32.737076,bybit,0.0,0.0,0.0,0.0
2025-07-25T08:17:32.806979,bitget,0.56015,0.56059,105.0,9738.0
2025-07-25T08:17:32.941551,bitmart,0.55853,0.56124,4005.0,8470.0
2025-07-25T08:17:33.009314,bingx,0.5601,0.5603,938.88,16.11
2025-07-25T08:17:33.040370,bybit,0.0,0.5604,0.0,20.0
2025-07-25T08:17:33.046124,lbank,0.5601,0.5602,12.4,593.2
2025-07-25T08:17:33.051775,blofin,0.5599,0.55992,20.0,9.0
2025-07-25T08:17:33.146537,binance,0.5601,0.5601,0.0,0.0
2025-07-25T08:17:33.159411,lbank,0.5599,0.5602,870.6,593.2
2025-07-25T08:17:33.187494,mexc,0.5598,0.56,1728288.0,1728288.0
2025-07-25T08:17:33.237249,bybit,0.5603,0.0,419.0,0.0
2025-07-25T08:17:33.405178,bitget,0.56015,0.56059,105.0,9738.0
2025-07-25T08:17:33.437154,bybit,0.5603,0.0,388.0,0.0
2025-07-25T08:17:33.576322,digifinex,0.5599,0.56,14.0,22.0
2025-07-25T08:17:33.577619,blofin,0.5599,0.55992,20.0,9.0
2025-07-25T08:17:33.754991,gateio,0.5603,0.5604,7.0,90.0
2025-07-25T08:17:33.862613,okx,0.5601,0.5603,313.74,210.82
2025-07-25T08:17:33.899709,digifinex,0.5592,0.56,28.0,22.0
2025-07-25T08:17:33.903194,bingx,0.5601,0.5603,938.88,16.11
2025-07-25T08:17:33.904878,gateio,0.5603,0.5605,7.0,508.0
2025-07-25T08:17:33.914732,gateio,0.5603,0.5605,7.0,20.0
2025-07-25T08:17:33.937299,bybit,0.5603,0.0,439.0,0.0
2025-07-25T08:17:33.961683,bitmart,0.55853,0.56124,4005.0,8470.0
2025-07-25T08:17:34.005608,bitget,0.56015,0.56059,105.0,9738.0
2025-07-25T08:17:34.072538,blofin,0.5599,0.55992,23.0,13.0
2025-07-25T08:17:34.146104,binance,0.5601,0.5601,0.0,0.0
2025-07-25T08:17:34.237131,bybit,0.5603,0.0,419.0,0.0
2025-07-25T08:17:34.276177,digifinex,0.5599,0.56,25.0,22.0
2025-07-25T08:17:34.475261,gateio,0.5603,0.5606,7.0,254.0
2025-07-25T08:17:34.494738,gateio,0.5603,0.5607,7.0,1418.0
2025-07-25T08:17:34.537178,bybit,0.5603,0.0,439.0,0.0
2025-07-25T08:17:34.543340,blofin,0.5599,0.55992,23.0,13.0
2025-07-25T08:17:34.575112,digifinex,0.5599,0.5606,25.0,33.0
2025-07-25T08:17:34.579061,gateio,0.5603,0.5607,7.0,1164.0
2025-07-25T08:17:34.608130,bitget,0.56015,0.56059,105.0,9738.0
2025-07-25T08:17:34.807023,bingx,0.5601,0.5603,938.88,16.11
2025-07-25T08:17:34.937435,bybit,0.0,0.0,0.0,0.0
2025-07-25T08:17:34.955717,bitmart,0.55853,0.56124,4005.0,8470.0
2025-07-25T08:17:34.988768,lbank,0.5601,0.5602,13.2,593.2
2025-07-25T08:17:35.037364,bybit,0.5603,0.0,419.0,0.0
2025-07-25T08:17:35.054581,blofin,0.5599,0.55992,23.0,11.0
2025-07-25T08:17:35.075768,digifinex,0.5599,0.56,25.0,92.0
2025-07-25T08:17:35.146801,binance,0.5601,0.5601,0.0,0.0
2025-07-25T08:17:35.161322,lbank,0.5599,0.5602,870.6,593.2
2025-07-25T08:17:35.237733,bybit,0.5603,0.0,439.0,0.0
2025-07-25T08:17:35.411183,gateio,0.5603,0.5607,273.0,1164.0
2025-07-25T08:17:35.422984,gateio,0.5603,0.5607,273.0,902.0
2025-07-25T08:17:35.433740,gateio,0.5603,0.5607,273.0,895.0
2025-07-25T08:17:35.437438,bybit,0.5604,0.5605,439.0,16.0
2025-07-25T08:17:35.476677,digifinex,0.5599,0.5606,25.0,33.0
2025-07-25T08:17:35.494812,gateio,0.5604,0.5607,355.0,895.0
2025-07-25T08:17:35.500160,okx,0.5602,0.5605,558.56,1054.29
2025-07-25T08:17:35.515928,huobi,0.5602,0.5609,234.9,234.9
2025-07-25T08:17:35.516826,gateio,0.5604,0.5607,371.0,895.0
2025-07-25T08:17:35.537429,bybit,0.5604,0.0,499.0,0.0
2025-07-25T08:17:35.548353,blofin,0.5599,0.55992,23.0,11.0
2025-07-25T08:17:35.569082,mexc,0.5599,0.56,1728288.0,1728288.0
2025-07-25T08:17:35.582414,digifinex,0.5592,0.5602,28.0,56.0
2025-07-25T08:17:35.656162,bitget,0.5602,0.56059,109.0,9738.0
2025-07-25T08:17:35.682630,gateio,0.5605,0.5607,17.0,895.0
2025-07-25T08:17:35.702309,digifinex,0.5601,0.5602,27.0,55.0
2025-07-25T08:17:35.713399,bingx,0.5601,0.5603,938.88,16.11
2025-07-25T08:17:35.880601,okx,0.5602,0.5605,558.56,10.48
2025-07-25T08:17:35.937508,bybit,0.5604,0.0,439.0,0.0
2025-07-25T08:17:35.954765,bitget,0.5602,0.5606,109.0,107.0
2025-07-25T08:17:35.965168,bitmart,0.55878,0.56124,3141.0,8470.0
2025-07-25T08:17:36.037063,bybit,0.5604,0.0,288.0,0.0
2025-07-25T08:17:36.062718,blofin,0.55989,0.55991,3.0,20.0
2025-07-25T08:17:36.065188,gateio,0.5605,0.5606,17.0,20.0
2025-07-25T08:17:36.104841,bitget,0.56025,0.56066,109.0,109.0
2025-07-25T08:17:36.107713,okx,0.5602,0.5604,480.26,86.34
2025-07-25T08:17:36.137036,bybit,0.5604,0.0,110.0,0.0
2025-07-25T08:17:36.146239,binance,0.5602,0.5602,0.0,0.0
2025-07-25T08:17:36.164599,lbank,0.5599,0.5602,3458.7,593.2
2025-07-25T08:17:36.194252,okx,0.5602,0.5604,355.78,86.34
2025-07-25T08:17:36.206500,digifinex,0.56,0.5601,16.0,14.0
2025-07-25T08:17:36.237382,bybit,0.5604,0.0,130.0,0.0
2025-07-25T08:17:36.255422,bitget,0.56025,0.56066,109.0,109.0
2025-07-25T08:17:36.326070,bitmex,0.5431,0.5685,4.0,4.0
2025-07-25T08:17:36.374589,bitmex,0.5432,0.5685,4.0,4.0
2025-07-25T08:17:36.401075,okx,0.5602,0.5604,480.28,86.34
2025-07-25T08:17:36.405021,bitget,0.56025,0.56066,109.0,109.0
2025-07-25T08:17:36.537018,bybit,0.5604,0.0,110.0,0.0
2025-07-25T08:17:36.543690,blofin,0.55989,0.55991,3.0,20.0
2025-07-25T08:17:36.555604,bitget,0.56025,0.56066,109.0,109.0
2025-07-25T08:17:36.614084,bingx,0.5602,0.5605,938.88,16.11
2025-07-25T08:17:36.638140,bybit,0.5604,0.0,130.0,0.0
2025-07-25T08:17:36.657767,lbank,0.5601,0.5604,821.8,787.9
2025-07-25T08:17:36.840153,bybit,0.5604,0.0,190.0,0.0
2025-07-25T08:17:36.940079,bybit,0.5604,0.0,170.0,0.0
2025-07-25T08:17:36.974277,bitmart,0.55878,0.56124,3141.0,8470.0
2025-07-25T08:17:36.983870,lbank,0.5601,0.5602,821.8,10.7
2025-07-25T08:17:37.008323,bitget,0.56025,0.56066,109.0,109.0
2025-07-25T08:17:37.040196,bybit,0.5604,0.5605,110.0,199.0
2025-07-25T08:17:37.058176,blofin,0.55989,0.55991,3.0,20.0
2025-07-25T08:17:37.079647,digifinex,0.5593,0.5601,77.0,14.0
2025-07-25T08:17:37.140851,bybit,0.0,0.5605,0.0,382.0
2025-07-25T08:17:37.146052,binance,0.5602,0.5602,0.0,0.0
2025-07-25T08:17:37.155455,okx,0.5602,0.5604,355.78,86.34
2025-07-25T08:17:37.156746,bitget,0.56025,0.56066,109.0,109.0
2025-07-25T08:17:37.158341,lbank,0.5601,0.5604,821.8,787.9
2025-07-25T08:17:37.521928,bingx,0.5602,0.5605,938.88,16.11
2025-07-25T08:17:37.553740,blofin,0.56004,0.56006,5.0,52.0
2025-07-25T08:17:37.607766,bitget,0.56025,0.56066,109.0,109.0
2025-07-25T08:17:37.637239,bybit,0.0,0.5605,0.0,16.0
2025-07-25T08:17:37.737094,bybit,0.5604,0.0,347.0,0.0
2025-07-25T08:17:37.814736,gateio,0.5605,0.5607,17.0,1403.0
2025-07-25T08:17:37.834556,gateio,0.5605,0.5607,17.0,895.0
2025-07-25T08:17:37.837151,bybit,0.5604,0.0,407.0,0.0
2025-07-25T08:17:37.911748,bitget,0.56025,0.56066,109.0,109.0
2025-07-25T08:17:37.951464,mexc,0.5599,0.56,1728288.0,1728288.0
2025-07-25T08:17:37.952334,okx,0.5602,0.5605,480.26,1206.52
2025-07-25T08:17:37.956471,bitmart,0.55878,0.56124,3141.0,8470.0
2025-07-25T08:17:37.979885,gateio,0.5605,0.5607,8.0,895.0
2025-07-25T08:17:37.994740,gateio,0.5604,0.5607,388.0,895.0
2025-07-25T08:17:38.014537,gateio,0.5604,0.5606,395.0,90.0
2025-07-25T08:17:38.057835,bitget,0.56025,0.56066,109.0,109.0
2025-07-25T08:17:38.059154,blofin,0.56004,0.56006,5.0,52.0
2025-07-25T08:17:38.079350,gateio,0.5604,0.5606,387.0,90.0
2025-07-25T08:17:38.138322,bybit,0.5604,0.0,327.0,0.0
2025-07-25T08:17:38.146326,binance,0.5602,0.5602,0.0,0.0
2025-07-25T08:17:38.207276,bitget,0.56025,0.56066,109.0,109.0
2025-07-25T08:17:38.337347,bybit,0.5604,0.0,407.0,0.0
2025-07-25T08:17:38.370544,gateio,0.5604,0.5606,378.0,90.0
2025-07-25T08:17:38.437557,bybit,0.5604,0.0,347.0,0.0
2025-07-25T08:17:38.438204,bingx,0.5602,0.5605,938.88,16.11
2025-07-25T08:17:38.440414,gateio,0.5604,0.5606,371.0,90.0
2025-07-25T08:17:38.512041,bitget,0.56025,0.56066,109.0,109.0
