timestamp,exchange,bid,ask,bid_vol,ask_vol
2025-07-25T08:16:26.144064,bybit,287.04,287.05,6.66,1.45
2025-07-25T08:16:26.144091,bybit,287.04,0.0,5.0,0.0
2025-07-25T08:16:26.144109,bybit,287.04,0.0,5.97,0.0
2025-07-25T08:16:26.320553,bybit,287.04,287.05,6.66,3.02
2025-07-25T08:16:26.563487,digifinex,286.99,287.0,20.0,152.0
2025-07-25T08:16:26.632316,bybit,0.0,287.05,0.0,1.45
2025-07-25T08:16:26.681443,bitget,287.18,287.19,0.7,0.8
2025-07-25T08:16:26.684901,okx,287.12,287.16,0.89,0.3
2025-07-25T08:16:26.685870,okx,287.13,287.16,0.81,0.3
2025-07-25T08:16:26.754706,bitget,287.18,287.19,2.0,0.5
2025-07-25T08:16:26.832034,bybit,0.0,287.05,0.0,3.22
2025-07-25T08:16:26.845001,bitget,287.18,287.19,1.4,0.8
2025-07-25T08:16:26.890488,okx,287.12,287.16,0.08,1.11
2025-07-25T08:16:26.931587,bybit,0.0,287.05,0.0,3.02
2025-07-25T08:16:26.988854,okx,287.12,287.16,0.89,0.3
2025-07-25T08:16:26.996232,bitget,287.18,287.19,0.7,1.3
2025-07-25T08:16:27.013759,huobi,287.0799,287.2533,0.486,0.486
2025-07-25T08:16:27.013808,huobi,287.0799,287.2532,0.486,0.2579
2025-07-25T08:16:27.013905,huobi,287.0799,287.2245,0.486,0.486
2025-07-25T08:16:27.013993,huobi,287.0799,287.2533,0.486,0.486
2025-07-25T08:16:27.016366,huobi,287.0799,287.2533,0.486,0.486
2025-07-25T08:16:27.102677,binance,287.13,287.13,0.0,0.0
2025-07-25T08:16:27.146895,bitget,287.18,287.19,1.1,0.8
2025-07-25T08:16:27.244292,okx,287.15,287.16,0.34294,0.3
2025-07-25T08:16:27.295222,bitmex,286.99,287.34,166.0,1.0
2025-07-25T08:16:27.305389,bitget,287.18,287.19,1.6,0.8
2025-07-25T08:16:27.309671,huobi,287.0799,287.2234,0.486,0.486
2025-07-25T08:16:27.320776,bingx,287.13,287.14,0.0839,0.0205
2025-07-25T08:16:27.331590,bybit,287.04,287.05,0.97,3.12
2025-07-25T08:16:27.362328,okx,287.12,287.16,0.08,1.11
2025-07-25T08:16:27.432013,bybit,0.0,287.05,0.0,1.55
2025-07-25T08:16:27.447845,bitget,287.18,287.19,0.7,1.1
2025-07-25T08:16:27.487923,okx,287.12,287.16,0.08,0.3
2025-07-25T08:16:27.489049,digifinex,286.99,287.0,20.0,152.0
2025-07-25T08:16:27.513979,huobi,287.0799,287.1946,0.486,0.486
2025-07-25T08:16:27.531411,bybit,287.04,287.05,1.66,3.12
2025-07-25T08:16:27.554372,bitmart,286.99,287.0,12.0,29.0
2025-07-25T08:16:27.590876,okx,287.13,287.16,0.895291,0.3
2025-07-25T08:16:27.596330,bitget,287.18,287.19,0.7,0.8
2025-07-25T08:16:27.627494,bitmex,286.96,287.34,587.0,1.0
2025-07-25T08:16:27.632694,bitmex,287.15,287.34,166.0,1.0
2025-07-25T08:16:27.675964,bingx,287.13,287.14,0.0839,0.0205
2025-07-25T08:16:27.714065,huobi,287.0799,287.1658,0.486,0.486
2025-07-25T08:16:27.748196,okx,287.15,287.16,0.34294,0.3
2025-07-25T08:16:27.753799,bitget,287.18,287.19,0.7,0.8
2025-07-25T08:16:27.812451,huobi,287.0799,287.2234,0.486,0.486
2025-07-25T08:16:27.885027,okx,287.14,287.16,0.34294,0.3
2025-07-25T08:16:27.895700,bitget,287.18,287.19,0.7,0.5
2025-07-25T08:16:28.009678,huobi,287.0799,287.1383,0.486,0.486
2025-07-25T08:16:28.011579,lbank,287.13,287.2,5.944,11.046
2025-07-25T08:16:28.011608,lbank,287.16,287.2,0.192,11.046
2025-07-25T08:16:28.011667,lbank,287.13,287.2,5.944,11.046
2025-07-25T08:16:28.011698,lbank,287.13,287.2,5.944,11.046
2025-07-25T08:16:28.014366,lbank,287.13,287.2,5.944,11.046
2025-07-25T08:16:28.021847,lbank,287.13,287.2,5.944,11.046
2025-07-25T08:16:28.046694,bitget,287.18,287.19,0.7,0.8
2025-07-25T08:16:28.079227,digifinex,286.99,287.0,20.0,151.0
2025-07-25T08:16:28.411237,huobi,287.0799,287.1518,0.486,2.3362
2025-07-25T08:16:28.431183,bybit,287.04,0.0,2.1,0.0
2025-07-25T08:16:28.447908,gateio,287.07,287.13,18.0,139.0
2025-07-25T08:16:28.448030,gateio,287.06,287.13,20.0,139.0
2025-07-25T08:16:28.448103,gateio,287.08,287.13,20.0,139.0
2025-07-25T08:16:28.448125,gateio,287.05,287.13,10.0,139.0
2025-07-25T08:16:28.448166,gateio,287.06,287.13,20.0,139.0
2025-07-25T08:16:28.454530,gateio,287.07,287.13,18.0,139.0
2025-07-25T08:16:28.456038,gateio,287.08,287.13,38.0,139.0
2025-07-25T08:16:28.470922,okx,287.15,287.16,0.81,0.3
2025-07-25T08:16:28.496569,bitget,287.18,287.19,1.2,0.5
2025-07-25T08:16:28.515036,huobi,287.0799,287.1513,0.486,0.486
2025-07-25T08:16:28.524392,lbank,287.13,287.2,5.944,11.046
2025-07-25T08:16:28.550102,bitmart,286.99,287.0,42.0,29.0
2025-07-25T08:16:28.579185,bingx,287.13,287.14,0.0839,0.0205
2025-07-25T08:16:28.591629,okx,287.15,287.16,0.34294,0.3
2025-07-25T08:16:28.594628,blofin,286.86,286.88,8.0,209.0
2025-07-25T08:16:28.594773,blofin,286.86,286.88,12.0,92.0
2025-07-25T08:16:28.596768,blofin,286.86,286.88,12.0,90.0
2025-07-25T08:16:28.597249,blofin,286.86,286.88,12.0,90.0
2025-07-25T08:16:28.610490,huobi,287.0799,287.1518,0.486,2.3362
2025-07-25T08:16:28.646683,bitget,287.18,287.19,2.5,0.5
2025-07-25T08:16:28.710601,huobi,287.0799,287.1517,0.486,0.486
2025-07-25T08:16:28.763005,gateio,287.08,287.11,38.0,766.0
2025-07-25T08:16:28.778810,gateio,287.08,287.14,18.0,652.0
2025-07-25T08:16:28.795530,bitget,287.18,287.19,2.4,0.5
2025-07-25T08:16:28.810292,huobi,287.0799,287.2234,0.486,0.486
2025-07-25T08:16:28.894853,gateio,287.08,287.13,18.0,74.0
2025-07-25T08:16:28.931425,bybit,0.0,287.05,0.0,1.45
2025-07-25T08:16:28.948332,bitget,287.18,287.19,1.4,0.8
2025-07-25T08:16:28.970020,mexc,286.99,287.0,5056176.0,5056176.0
2025-07-25T08:16:28.974186,gateio,287.09,287.13,20.0,74.0
2025-07-25T08:16:29.001094,gateio,287.09,287.13,30.0,74.0
2025-07-25T08:16:29.013085,gateio,287.09,287.13,10.0,74.0
2025-07-25T08:16:29.026849,lbank,287.13,287.2,5.944,11.046
2025-07-25T08:16:29.031382,bybit,0.0,287.05,0.0,1.85
2025-07-25T08:16:29.089658,blofin,286.86,286.88,12.0,221.0
2025-07-25T08:16:29.093596,okx,287.15,287.16,1.15294,0.3
2025-07-25T08:16:29.096311,bitget,287.18,287.19,1.4,0.5
2025-07-25T08:16:29.102734,binance,287.13,287.13,0.0,0.0
2025-07-25T08:16:29.116036,huobi,287.0799,287.2234,0.486,0.486
2025-07-25T08:16:29.131188,bybit,287.04,0.0,1.41,0.0
2025-07-25T08:16:29.182302,bingx,287.13,287.14,0.0839,0.0205
2025-07-25T08:16:29.194736,gateio,287.1,287.13,20.0,74.0
2025-07-25T08:16:29.204192,okx,287.15,287.16,0.34294,0.3
2025-07-25T08:16:29.231375,bybit,287.04,0.0,3.49,0.0
2025-07-25T08:16:29.248853,bitget,287.18,287.19,1.4,0.5
2025-07-25T08:16:29.249186,gateio,287.09,287.13,10.0,74.0
2025-07-25T08:16:29.263186,gateio,287.09,287.13,30.0,74.0
2025-07-25T08:16:29.331311,bybit,287.05,287.06,22.97,0.02
2025-07-25T08:16:29.332720,okx,287.15,287.16,0.34294,0.3
2025-07-25T08:16:29.397599,bitget,287.18,287.21,3.7,2.4
2025-07-25T08:16:29.432123,bybit,0.0,0.0,0.0,0.0
2025-07-25T08:16:29.448602,okx,287.15,287.16,1.15294,0.3
2025-07-25T08:16:29.483382,bingx,287.13,287.14,0.0839,0.0205
2025-07-25T08:16:29.531350,lbank,287.13,287.2,5.944,11.046
2025-07-25T08:16:29.547745,bitget,287.2,287.21,0.9,0.5
2025-07-25T08:16:29.562123,bitmart,286.99,287.0,42.0,29.0
2025-07-25T08:16:29.564371,blofin,286.86,286.88,12.0,209.0
2025-07-25T08:16:29.613228,huobi,287.0799,287.2234,0.486,0.486
2025-07-25T08:16:29.697500,bitget,287.2,287.21,0.9,0.5
2025-07-25T08:16:29.789825,digifinex,286.99,287.0,20.0,150.0
2025-07-25T08:16:29.813005,gateio,287.1,287.13,18.0,74.0
2025-07-25T08:16:29.831595,bybit,287.07,287.08,11.01,0.02
2025-07-25T08:16:29.833119,gateio,287.12,287.13,18.0,74.0
2025-07-25T08:16:29.843354,gateio,287.12,287.14,18.0,791.0
2025-07-25T08:16:29.846996,bitget,287.2,287.22,6.5,0.5
2025-07-25T08:16:29.855005,gateio,287.13,287.14,18.0,791.0
2025-07-25T08:16:29.866206,lbank,287.16,287.2,0.212,11.046
2025-07-25T08:16:29.866917,gateio,287.13,287.15,48.0,1819.0
2025-07-25T08:16:29.879410,gateio,287.14,287.15,18.0,1819.0
2025-07-25T08:16:29.915093,huobi,287.1087,287.3403,0.486,0.486
2025-07-25T08:16:29.919378,gateio,287.14,287.17,18.0,10.0
2025-07-25T08:16:29.932195,bybit,287.09,287.1,8.39,0.04
2025-07-25T08:16:29.933973,gateio,287.16,287.17,18.0,10.0
2025-07-25T08:16:29.939947,lbank,287.13,287.2,5.944,11.046
2025-07-25T08:16:29.963543,okx,287.21,287.22,0.25713,0.025
2025-07-25T08:16:29.975848,digifinex,286.99,287.01,20.0,125.0
2025-07-25T08:16:29.984298,gateio,287.13,287.17,10.0,10.0
2025-07-25T08:16:29.997706,bitget,287.23,287.26,1.6,2.5
2025-07-25T08:16:29.998015,gateio,287.13,287.17,30.0,10.0
2025-07-25T08:16:30.020605,huobi,287.1375,287.2966,0.486,0.486
2025-07-25T08:16:30.031431,bybit,287.09,0.0,7.48,0.0
2025-07-25T08:16:30.062952,blofin,286.86,286.88,12.0,209.0
2025-07-25T08:16:30.087518,okx,287.21,287.22,0.25713,0.01
2025-07-25T08:16:30.102861,binance,287.18,287.18,0.0,0.0
2025-07-25T08:16:30.131999,bybit,287.1,287.11,16.55,0.19
2025-07-25T08:16:30.147774,bitget,287.25,287.29,5.5,68.4
2025-07-25T08:16:30.189044,okx,287.21,287.22,0.34294,0.01
2025-07-25T08:16:30.213526,huobi,287.1375,287.2966,0.486,0.486
2025-07-25T08:16:30.232024,bybit,0.0,287.11,0.0,1.76
2025-07-25T08:16:30.276128,digifinex,287.05,287.1,84.0,11.0
2025-07-25T08:16:30.278398,ascendex,286.68,287.79,41.9,1.6
2025-07-25T08:16:30.294685,okx,287.21,287.22,1.35294,0.01
2025-07-25T08:16:30.304127,bitget,287.26,287.27,1.2,0.3
2025-07-25T08:16:30.309651,lbank,287.19,287.2,0.053,11.046
2025-07-25T08:16:30.314099,huobi,287.1663,287.2966,0.486,0.486
2025-07-25T08:16:30.331428,bybit,287.11,287.12,15.22,0.04
2025-07-25T08:16:30.340520,lbank,287.13,287.2,5.944,11.046
2025-07-25T08:16:30.431400,bybit,0.0,287.12,0.0,1.61
2025-07-25T08:16:30.440029,bingx,287.14,287.16,0.1186,0.0925
2025-07-25T08:16:30.450636,bitget,287.26,287.29,4.2,2.9
2025-07-25T08:16:30.471812,gateio,287.13,287.17,131.0,10.0
2025-07-25T08:16:30.482932,gateio,287.16,287.17,18.0,10.0
2025-07-25T08:16:30.493956,gateio,287.16,287.17,36.0,10.0
2025-07-25T08:16:30.514678,huobi,287.08,287.3403,2.3493,0.486
2025-07-25T08:16:30.518950,bitmart,287.04,287.06,115.0,1.0
2025-07-25T08:16:30.531621,bybit,287.13,287.14,15.0,0.02
2025-07-25T08:16:30.535488,blofin,286.86,286.88,12.0,209.0
2025-07-25T08:16:30.542021,lbank,287.18,287.26,13.612,3.32
2025-07-25T08:16:30.559046,okx,287.21,287.28,1.35294,0.025
2025-07-25T08:16:30.567755,lbank,287.19,287.26,0.038,3.32
2025-07-25T08:16:30.576274,digifinex,287.06,287.1,22.0,11.0
2025-07-25T08:16:30.587152,ascendex,286.23,287.38,0.0,0.0
2025-07-25T08:16:30.597187,bitget,287.3,287.31,1.6,0.3
2025-07-25T08:16:30.621918,huobi,287.1087,287.3403,0.486,0.486
2025-07-25T08:16:30.632088,bybit,0.0,0.0,0.0,0.0
2025-07-25T08:16:30.643104,lbank,287.18,287.26,13.612,3.32
2025-07-25T08:16:30.687107,bingx,287.17,287.18,0.103,0.0903
2025-07-25T08:16:30.694308,okx,287.27,287.28,0.51441,0.025
2025-07-25T08:16:30.731374,bybit,287.13,287.14,0.82,1.59
2025-07-25T08:16:30.746438,bitget,287.3,287.31,1.6,0.8
2025-07-25T08:16:30.781509,digifinex,287.07,287.15,12.0,129.0
2025-07-25T08:16:30.793252,okx,287.23,287.28,0.098681,0.835
2025-07-25T08:16:30.898288,bitget,287.29,287.31,0.2,1.1
2025-07-25T08:16:30.928731,gateio,287.13,287.17,10.0,10.0
2025-07-25T08:16:30.931408,bybit,287.12,287.13,0.34,2.69
2025-07-25T08:16:30.935944,bitmex,287.15,287.4,166.0,1.0
2025-07-25T08:16:30.942694,gateio,287.13,287.17,30.0,10.0
2025-07-25T08:16:30.953272,gateio,287.13,287.17,10.0,10.0
2025-07-25T08:16:30.987644,bingx,287.2,287.21,0.0373,0.0587
2025-07-25T08:16:31.001636,gateio,287.13,287.17,30.0,10.0
2025-07-25T08:16:31.015236,huobi,287.1375,287.3113,0.486,0.486
2025-07-25T08:16:31.031831,bybit,287.12,0.0,0.97,0.0
2025-07-25T08:16:31.045352,lbank,287.19,287.22,13.906,18.037
2025-07-25T08:16:31.047106,bitget,287.27,287.28,0.3,3.6
2025-07-25T08:16:31.069486,blofin,286.89,286.91,182.0,1.0
2025-07-25T08:16:31.076093,digifinex,287.07,287.15,12.0,129.0
2025-07-25T08:16:31.086481,okx,287.22,287.28,0.01,0.835
2025-07-25T08:16:31.103131,binance,287.2,287.2,0.0,0.0
2025-07-25T08:16:31.110209,huobi,287.1375,287.3113,0.486,0.486
2025-07-25T08:16:31.131405,bybit,287.12,287.13,1.19,1.57
2025-07-25T08:16:31.137159,gateio,287.14,287.17,18.0,10.0
2025-07-25T08:16:31.154857,gateio,287.16,287.17,18.0,10.0
2025-07-25T08:16:31.170668,gateio,287.16,287.17,36.0,10.0
2025-07-25T08:16:31.192458,okx,287.22,287.27,0.01,1.11
2025-07-25T08:16:31.197087,bitget,287.27,287.28,0.3,2.7
2025-07-25T08:16:31.213097,ascendex,286.68,287.74,83.8,0.0
2025-07-25T08:16:31.291501,okx,287.22,287.27,0.82,1.11
2025-07-25T08:16:31.342840,gateio,287.16,287.17,18.0,10.0
2025-07-25T08:16:31.347850,bitget,287.27,287.28,0.3,2.7
2025-07-25T08:16:31.371142,mexc,287.05,287.06,5056176.0,5056176.0
2025-07-25T08:16:31.432516,okx,287.22,287.27,0.01,1.11
2025-07-25T08:16:31.497957,bitget,287.27,287.28,0.3,2.7
2025-07-25T08:16:31.531966,bybit,287.13,287.14,0.34,0.02
2025-07-25T08:16:31.533506,ascendex,286.5,0.0,0.0,0.0
2025-07-25T08:16:31.548278,lbank,287.21,287.31,12.012,7.468
2025-07-25T08:16:31.549659,bitmart,287.06,287.07,29.0,52.0
2025-07-25T08:16:31.549695,blofin,286.94,286.95,31.0,71.0
2025-07-25T08:16:31.551383,okx,287.23,287.27,0.265102,1.11
2025-07-25T08:16:31.576924,digifinex,287.06,287.07,22.0,10.0
2025-07-25T08:16:31.589204,bingx,287.2,287.21,0.0373,0.0587
2025-07-25T08:16:31.631307,bybit,287.13,287.14,1.31,1.59
2025-07-25T08:16:31.650075,bitget,287.27,287.28,2.8,0.5
2025-07-25T08:16:31.694943,okx,287.23,287.26,0.17142,0.3
2025-07-25T08:16:31.761037,gateio,287.16,287.17,18.0,108.0
2025-07-25T08:16:31.797911,bitget,287.26,287.28,0.2,1.7
2025-07-25T08:16:31.809315,gateio,287.13,287.17,10.0,108.0
2025-07-25T08:16:31.819157,gateio,287.08,287.17,10.0,108.0
2025-07-25T08:16:31.830942,gateio,287.09,287.17,20.0,108.0
2025-07-25T08:16:31.831929,bybit,287.1,287.12,2.48,11.39
2025-07-25T08:16:31.847305,okx,287.22,287.26,0.01,1.11
2025-07-25T08:16:31.869223,gateio,287.05,287.16,94.0,68.0
2025-07-25T08:16:31.880751,gateio,287.06,287.16,38.0,175.0
2025-07-25T08:16:31.890760,gateio,287.06,287.16,39.0,175.0
2025-07-25T08:16:31.901132,gateio,287.06,287.16,39.0,98.0
2025-07-25T08:16:31.911294,gateio,287.06,287.15,39.0,68.0
2025-07-25T08:16:31.916848,huobi,287.0799,287.1805,0.486,2.5855
2025-07-25T08:16:31.932062,bybit,287.1,287.11,0.02,7.9
2025-07-25T08:16:31.933281,gateio,287.07,287.15,18.0,166.0
2025-07-25T08:16:31.945312,lbank,287.23,287.31,0.041,7.468
2025-07-25T08:16:31.949043,gateio,287.08,287.15,20.0,166.0
2025-07-25T08:16:31.951057,bitget,287.22,287.26,9.1,175.3
2025-07-25T08:16:31.953688,lbank,287.21,287.31,12.012,7.468
2025-07-25T08:16:31.957073,okx,287.22,287.23,0.01,1.287176
2025-07-25T08:16:31.976213,digifinex,287.05,287.07,84.0,10.0
2025-07-25T08:16:31.986805,gateio,287.09,287.15,1.0,166.0
2025-07-25T08:16:32.015050,gateio,287.1,287.15,20.0,98.0
2025-07-25T08:16:32.016295,huobi,287.0799,287.2825,0.486,0.486
2025-07-25T08:16:32.033086,bybit,0.0,287.11,0.0,7.57
2025-07-25T08:16:32.034935,gateio,287.11,287.17,18.0,159.0
2025-07-25T08:16:32.055206,lbank,287.2,287.26,7.682,2.296
2025-07-25T08:16:32.069777,gateio,287.12,287.17,18.0,159.0
2025-07-25T08:16:32.078411,blofin,286.94,286.95,31.0,54.0
2025-07-25T08:16:32.079125,digifinex,286.99,287.03,20.0,15.0
2025-07-25T08:16:32.081142,gateio,287.13,287.17,1.0,149.0
2025-07-25T08:16:32.098808,bitget,287.22,287.23,3.6,0.5
2025-07-25T08:16:32.101716,binance,287.2,287.2,0.0,0.0
2025-07-25T08:16:32.131346,bybit,0.0,0.0,0.0,0.0
2025-07-25T08:16:32.156729,ascendex,286.32,287.42,35.4,52.2
2025-07-25T08:16:32.251119,okx,287.22,287.23,0.01,2.849656
2025-07-25T08:16:32.252730,bitget,287.22,287.23,2.4,1.4
2025-07-25T08:16:32.359360,gateio,287.13,287.16,1.0,68.0
2025-07-25T08:16:32.363714,bitmex,287.15,287.41,166.0,1.0
2025-07-25T08:16:32.374578,gateio,287.13,287.15,1.0,70.0
2025-07-25T08:16:32.376296,digifinex,287.0,287.03,27.0,15.0
2025-07-25T08:16:32.393163,gateio,287.13,287.15,1.0,166.0
2025-07-25T08:16:32.399184,bitget,287.22,287.23,2.4,0.8
2025-07-25T08:16:32.408840,gateio,287.13,287.14,1.0,68.0
2025-07-25T08:16:32.431501,bybit,0.0,0.0,0.0,0.0
2025-07-25T08:16:32.459167,gateio,287.13,287.14,1.0,166.0
2025-07-25T08:16:32.478043,ascendex,286.41,288.48,0.0,3.6
2025-07-25T08:16:32.478083,digifinex,286.99,287.03,10.0,15.0
2025-07-25T08:16:32.493814,bingx,287.18,287.19,0.135,0.1245
2025-07-25T08:16:32.515752,huobi,287.0799,287.2537,0.486,0.486
2025-07-25T08:16:32.523880,gateio,287.05,287.14,108.0,166.0
2025-07-25T08:16:32.532464,bybit,287.05,287.06,1.04,8.53
2025-07-25T08:16:32.534997,gateio,287.09,287.13,1.0,135.0
2025-07-25T08:16:32.545882,gateio,287.09,287.13,1.0,233.0
2025-07-25T08:16:32.548163,bitmart,287.02,287.07,22.0,45.0
2025-07-25T08:16:32.553499,blofin,286.94,286.95,31.0,54.0
2025-07-25T08:16:32.556844,bitget,287.19,287.2,0.3,3.3
2025-07-25T08:16:32.557270,lbank,287.19,287.2,7.87,0.293
2025-07-25T08:16:32.563129,gateio,287.09,287.11,1.0,67.0
2025-07-25T08:16:32.573526,gateio,287.09,287.11,1.0,165.0
2025-07-25T08:16:32.579299,digifinex,286.97,287.03,24.0,15.0
2025-07-25T08:16:32.586707,okx,287.16,287.22,0.01,2.300041
2025-07-25T08:16:32.594115,gateio,287.02,287.11,20.0,165.0
2025-07-25T08:16:32.613013,gateio,287.03,287.11,36.0,165.0
2025-07-25T08:16:32.622974,gateio,287.04,287.11,20.0,165.0
2025-07-25T08:16:32.631913,bybit,0.0,287.06,0.0,1.91
2025-07-25T08:16:32.660644,gateio,287.04,287.11,20.0,98.0
2025-07-25T08:16:32.679831,digifinex,286.96,287.0,63.0,19.0
2025-07-25T08:16:32.690920,okx,287.16,287.18,0.01,0.78124
2025-07-25T08:16:32.699267,bitget,287.19,287.2,0.3,3.6
2025-07-25T08:16:32.714115,huobi,287.0799,287.1309,0.486,0.486
2025-07-25T08:16:32.732709,bybit,0.0,287.06,0.0,7.76
2025-07-25T08:16:32.736800,gateio,287.06,287.11,20.0,98.0
2025-07-25T08:16:32.778845,gateio,287.07,287.11,1.0,98.0
2025-07-25T08:16:32.786326,ascendex,0.0,287.76,0.0,32.9
2025-07-25T08:16:32.792487,bingx,287.16,287.17,0.0874,0.0825
2025-07-25T08:16:32.792529,okx,287.16,287.18,0.01,1.08124
2025-07-25T08:16:32.813215,huobi,287.0799,287.2395,0.486,0.486
2025-07-25T08:16:32.844950,gateio,287.07,287.11,21.0,98.0
2025-07-25T08:16:32.849562,bitget,287.19,287.2,0.3,3.6
2025-07-25T08:16:32.875058,gateio,287.07,287.11,1.0,98.0
2025-07-25T08:16:32.892906,gateio,287.03,287.11,11.0,98.0
2025-07-25T08:16:32.908961,gateio,287.04,287.11,20.0,98.0
2025-07-25T08:16:32.934692,gateio,287.05,287.16,18.0,135.0
2025-07-25T08:16:32.946852,gateio,287.05,287.13,18.0,98.0
2025-07-25T08:16:32.957178,gateio,287.05,287.12,18.0,68.0
2025-07-25T08:16:32.967671,gateio,287.05,287.11,18.0,68.0
2025-07-25T08:16:32.977455,gateio,287.05,287.11,18.0,166.0
2025-07-25T08:16:32.993150,gateio,287.06,287.1,1.0,135.0
2025-07-25T08:16:32.998753,bitget,287.19,287.2,0.3,3.6
2025-07-25T08:16:33.001586,okx,287.13,287.18,0.34294,1.08124
2025-07-25T08:16:33.016542,gateio,287.06,287.09,1.0,68.0
2025-07-25T08:16:33.016867,huobi,287.0773,287.2107,5.903,0.486
2025-07-25T08:16:33.029758,gateio,287.06,287.08,1.0,68.0
2025-07-25T08:16:33.031860,bybit,287.02,287.03,0.02,8.22
2025-07-25T08:16:33.039701,gateio,287.06,287.07,1.0,68.0
2025-07-25T08:16:33.056569,lbank,287.15,287.16,35.171,10.932
2025-07-25T08:16:33.067257,gateio,287.06,287.07,1.0,166.0
2025-07-25T08:16:33.075199,blofin,286.89,286.91,4.0,173.0
2025-07-25T08:16:33.076070,digifinex,286.96,287.0,63.0,19.0
2025-07-25T08:16:33.095029,gateio,287.01,287.07,1.0,166.0
2025-07-25T08:16:33.102114,binance,287.13,287.13,0.0,0.0
2025-07-25T08:16:33.104965,gateio,287.01,287.06,21.0,166.0
2025-07-25T08:16:33.105460,ascendex,286.68,0.0,41.9,0.0
2025-07-25T08:16:33.112291,okx,287.1,287.18,0.01,1.378184
2025-07-25T08:16:33.114222,huobi,286.9647,287.1673,0.486,0.486
2025-07-25T08:16:33.115011,gateio,287.01,287.05,1.0,98.0
2025-07-25T08:16:33.131962,bybit,0.0,0.0,0.0,0.0
2025-07-25T08:16:33.158920,bitget,287.16,287.18,5.4,2.7
2025-07-25T08:16:33.176222,digifinex,286.94,286.99,116.0,16.0
2025-07-25T08:16:33.180938,gateio,286.94,287.05,1.0,98.0
2025-07-25T08:16:33.192300,gateio,286.95,287.05,20.0,98.0
2025-07-25T08:16:33.210956,gateio,286.96,287.05,36.0,98.0
2025-07-25T08:16:33.231994,bybit,286.98,286.99,0.02,7.03
2025-07-25T08:16:33.235070,gateio,286.97,287.05,38.0,98.0
2025-07-25T08:16:33.255277,gateio,286.97,287.03,38.0,98.0
2025-07-25T08:16:33.264829,gateio,286.97,287.03,38.0,165.0
2025-07-25T08:16:33.266120,okx,287.1,287.14,0.01,1.17186
2025-07-25T08:16:33.275187,gateio,286.97,287.02,38.0,98.0
2025-07-25T08:16:33.276866,digifinex,286.92,286.96,113.0,137.0
2025-07-25T08:16:33.285062,gateio,286.98,287.02,1.0,98.0
2025-07-25T08:16:33.299399,bitget,287.13,287.16,0.3,5.4
2025-07-25T08:16:33.316524,huobi,286.9359,287.1673,0.486,0.486
2025-07-25T08:16:33.331313,gateio,286.98,287.01,1.0,68.0
2025-07-25T08:16:33.331615,bybit,286.96,286.97,0.04,8.66
2025-07-25T08:16:33.352975,gateio,286.98,287.0,1.0,98.0
2025-07-25T08:16:33.366368,okx,287.1,287.11,0.01,2.263892
2025-07-25T08:16:33.371900,bitmex,286.96,287.41,587.0,1.0
2025-07-25T08:16:33.376681,digifinex,286.89,286.94,34.0,10.0
2025-07-25T08:16:33.385176,gateio,286.95,287.0,10.0,98.0
2025-07-25T08:16:33.396709,gateio,286.95,287.0,30.0,98.0
2025-07-25T08:16:33.398349,bingx,287.13,287.14,0.085,0.0886
2025-07-25T08:16:33.413914,huobi,286.8665,287.1357,0.486,0.486
2025-07-25T08:16:33.414407,ascendex,286.58,287.32,8.7,52.2
2025-07-25T08:16:33.433038,bybit,286.96,286.97,0.02,8.99
2025-07-25T08:16:33.449300,bitget,287.08,287.11,9.1,0.3
2025-07-25T08:16:33.484075,digifinex,286.87,286.91,23.0,14.0
2025-07-25T08:16:33.493158,gateio,286.96,287.02,1.0,98.0
2025-07-25T08:16:33.498350,bitmex,286.96,287.31,587.0,1.0
2025-07-25T08:16:33.513505,gateio,286.96,287.01,1.0,67.0
2025-07-25T08:16:33.514692,huobi,286.9877,287.1357,0.486,0.486
2025-07-25T08:16:33.531401,bybit,286.96,0.0,1.98,0.0
2025-07-25T08:16:33.547827,blofin,286.81,286.85,493.0,204.0
2025-07-25T08:16:33.560990,lbank,287.11,287.12,0.024,8.492
2025-07-25T08:16:33.562988,bitmart,286.9,286.97,142.0,104.0
2025-07-25T08:16:33.564681,gateio,286.96,287.0,1.0,98.0
2025-07-25T08:16:33.577806,bitmex,287.04,287.31,166.0,1.0
2025-07-25T08:16:33.583958,gateio,286.91,287.0,1.0,98.0
2025-07-25T08:16:33.608758,bitget,287.07,287.09,25.8,3.5
2025-07-25T08:16:33.609222,gateio,286.92,287.0,20.0,98.0
2025-07-25T08:16:33.632760,bybit,286.94,286.95,0.02,7.03
2025-07-25T08:16:33.687706,digifinex,286.87,286.89,23.0,131.0
2025-07-25T08:16:33.688527,okx,287.04,287.11,0.01,6.695493
2025-07-25T08:16:33.693179,gateio,286.93,287.0,1.0,98.0
2025-07-25T08:16:33.696511,bingx,287.1,287.11,0.0917,0.0415
2025-07-25T08:16:33.703283,gateio,286.94,287.02,20.0,98.0
2025-07-25T08:16:33.717054,gateio,286.94,287.01,20.0,68.0
2025-07-25T08:16:33.731813,bybit,286.94,286.95,0.36,2.41
2025-07-25T08:16:33.732961,gateio,286.94,287.0,20.0,98.0
2025-07-25T08:16:33.734017,ascendex,286.68,287.54,0.0,0.0
2025-07-25T08:16:33.748974,bitget,287.06,287.08,0.1,0.6
2025-07-25T08:16:33.771189,mexc,287.05,287.06,5058030.0,5058030.0
2025-07-25T08:16:33.774760,gateio,286.94,287.02,20.0,98.0
2025-07-25T08:16:33.787983,okx,287.04,287.09,0.01,1.264276
2025-07-25T08:16:33.794518,gateio,286.95,287.02,19.0,98.0
2025-07-25T08:16:33.812893,gateio,286.96,287.02,20.0,98.0
2025-07-25T08:16:33.831754,bybit,286.94,286.95,2.05,1.57
2025-07-25T08:16:33.892964,gateio,286.97,287.02,1.0,98.0
2025-07-25T08:16:33.897291,okx,287.04,287.08,0.01,1.56248
2025-07-25T08:16:33.899941,bitget,287.06,287.07,3.8,0.5
2025-07-25T08:16:33.902923,gateio,286.97,287.02,21.0,98.0
2025-07-25T08:16:33.913089,huobi,287.0612,287.1357,2.3325,0.486
2025-07-25T08:16:33.931468,bybit,0.0,0.0,0.0,0.0
2025-07-25T08:16:33.996678,bingx,287.06,287.11,0.0418,0.1285
2025-07-25T08:16:34.012755,huobi,286.9877,287.1357,0.486,0.486
2025-07-25T08:16:34.020804,digifinex,286.88,286.89,169.0,131.0
2025-07-25T08:16:34.051482,bitget,287.06,287.09,5.1,2.4
2025-07-25T08:16:34.052501,ascendex,286.5,288.56,0.0,0.0
2025-07-25T08:16:34.053422,blofin,286.81,286.85,493.0,204.0
2025-07-25T08:16:34.065098,lbank,287.05,287.06,0.024,4.668
2025-07-25T08:16:34.102988,binance,287.07,287.07,0.0,0.0
2025-07-25T08:16:34.198886,bitget,287.08,287.09,0.5,2.4
2025-07-25T08:16:34.211116,huobi,286.9877,287.1357,0.486,0.486
2025-07-25T08:16:34.275886,digifinex,286.88,286.89,169.0,118.0
2025-07-25T08:16:34.349218,bitget,287.08,287.09,0.9,0.9
2025-07-25T08:16:34.361737,ascendex,286.12,0.0,42.0,0.0
2025-07-25T08:16:34.380845,okx,287.04,287.07,0.01,0.3
2025-07-25T08:16:34.441073,gateio,286.97,287.04,21.0,94.0
2025-07-25T08:16:34.451464,gateio,286.98,287.04,116.0,94.0
2025-07-25T08:16:34.461615,gateio,286.99,287.04,56.0,233.0
2025-07-25T08:16:34.471332,gateio,287.0,287.03,36.0,70.0
2025-07-25T08:16:34.494964,gateio,287.01,287.03,38.0,70.0
2025-07-25T08:16:34.499420,bitget,287.08,287.09,0.9,0.9
2025-07-25T08:16:34.507604,gateio,287.02,287.03,18.0,70.0
2025-07-25T08:16:34.518000,gateio,287.03,287.08,38.0,192.0
2025-07-25T08:16:34.523371,huobi,286.9877,287.1673,0.486,0.486
2025-07-25T08:16:34.531446,bybit,286.99,287.0,10.57,0.02
2025-07-25T08:16:34.534994,gateio,287.03,287.09,38.0,50.0
2025-07-25T08:16:34.553873,gateio,287.04,287.09,18.0,50.0
2025-07-25T08:16:34.555907,blofin,286.74,286.75,122.0,225.0
2025-07-25T08:16:34.558895,bitmart,286.88,286.89,27.0,50.0
2025-07-25T08:16:34.565398,lbank,287.05,287.06,0.024,4.668
2025-07-25T08:16:34.568860,gateio,287.04,287.09,18.0,148.0
2025-07-25T08:16:34.576846,digifinex,286.88,286.89,169.0,118.0
2025-07-25T08:16:34.580957,gateio,287.05,287.09,19.0,148.0
2025-07-25T08:16:34.599460,okx,287.06,287.1,0.81,0.01
2025-07-25T08:16:34.600294,bingx,287.06,287.07,0.0885,0.0535
2025-07-25T08:16:34.613372,huobi,287.0165,287.1673,0.486,0.486
2025-07-25T08:16:34.613409,gateio,287.05,287.08,19.0,98.0
2025-07-25T08:16:34.631640,bybit,286.99,0.0,9.07,0.0
2025-07-25T08:16:34.650028,bitget,287.11,287.16,0.6,8.8
2025-07-25T08:16:34.676988,digifinex,286.92,286.94,16.0,10.0
2025-07-25T08:16:34.697026,gateio,287.05,287.08,18.0,98.0
2025-07-25T08:16:34.751309,okx,287.09,287.1,1.32441,0.01
2025-07-25T08:16:34.764911,gateio,287.05,287.07,18.0,634.0
2025-07-25T08:16:34.777037,digifinex,286.93,286.97,185.0,22.0
2025-07-25T08:16:34.779230,gateio,286.98,287.08,225.0,98.0
2025-07-25T08:16:34.799929,bitget,287.15,287.16,0.9,0.5
2025-07-25T08:16:34.805183,gateio,287.06,287.08,1.0,98.0
2025-07-25T08:16:34.811516,huobi,287.0453,287.2257,0.486,0.6683
2025-07-25T08:16:34.831345,bybit,286.99,287.0,6.88,1.57
2025-07-25T08:16:34.888802,gateio,286.98,287.08,11.0,98.0
2025-07-25T08:16:34.902871,gateio,286.99,287.08,20.0,98.0
2025-07-25T08:16:34.911628,huobi,287.0453,287.197,0.486,0.486
2025-07-25T08:16:34.913014,gateio,287.0,287.08,18.0,98.0
2025-07-25T08:16:34.922703,bitmex,287.04,287.23,166.0,1.0
2025-07-25T08:16:34.930810,gateio,287.01,287.08,38.0,98.0
2025-07-25T08:16:34.950992,bitget,287.13,287.16,0.7,1.7
2025-07-25T08:16:34.952975,gateio,287.02,287.08,18.0,98.0
2025-07-25T08:16:34.972919,gateio,287.03,287.09,38.0,50.0
2025-07-25T08:16:34.975481,digifinex,286.93,286.94,185.0,52.0
2025-07-25T08:16:34.986681,ascendex,286.12,0.0,0.0,0.0
2025-07-25T08:16:34.989071,gateio,287.04,287.09,19.0,50.0
2025-07-25T08:16:35.001718,gateio,287.05,287.09,38.0,50.0
2025-07-25T08:16:35.013044,gateio,287.06,287.09,36.0,50.0
2025-07-25T08:16:35.031472,bybit,287.02,287.03,7.75,1.57
2025-07-25T08:16:35.033052,gateio,287.07,287.09,18.0,50.0
2025-07-25T08:16:35.057182,okx,287.12,287.13,0.51441,0.015
2025-07-25T08:16:35.072245,lbank,287.07,287.12,11.921,7.334
2025-07-25T08:16:35.076848,digifinex,286.93,286.98,185.0,17.0
2025-07-25T08:16:35.082729,blofin,286.77,286.82,257.0,86.0
2025-07-25T08:16:35.102444,binance,287.07,287.07,0.0,0.0
2025-07-25T08:16:35.107247,gateio,287.07,287.1,18.0,50.0
2025-07-25T08:16:35.109609,bitget,287.13,287.14,11.3,0.5
2025-07-25T08:16:35.111858,huobi,287.0453,287.1214,0.486,2.5768
2025-07-25T08:16:35.132003,bybit,287.02,0.0,12.1,0.0
2025-07-25T08:16:35.139062,gateio,287.07,287.11,18.0,98.0
2025-07-25T08:16:35.154913,gateio,287.08,287.11,20.0,98.0
2025-07-25T08:16:35.156469,okx,287.14,287.15,0.34294,0.3
2025-07-25T08:16:35.167655,gateio,287.03,287.11,10.0,98.0
2025-07-25T08:16:35.176423,digifinex,286.93,286.99,185.0,74.0
2025-07-25T08:16:35.189235,gateio,287.05,287.11,1.0,98.0
2025-07-25T08:16:35.202457,bingx,287.09,287.11,0.1147,0.1062
2025-07-25T08:16:35.202533,gateio,287.06,287.11,20.0,98.0
2025-07-25T08:16:35.212960,huobi,287.0453,287.197,0.486,0.486
2025-07-25T08:16:35.231537,bybit,287.03,287.04,9.03,1.61
2025-07-25T08:16:35.250036,bitget,287.16,287.2,1.6,15.5
2025-07-25T08:16:35.276207,digifinex,286.95,287.01,195.0,75.0
2025-07-25T08:16:35.293124,gateio,287.07,287.11,1.0,98.0
2025-07-25T08:16:35.305186,ascendex,286.53,0.0,41.9,0.0
2025-07-25T08:16:35.331269,bybit,287.03,0.0,9.13,0.0
2025-07-25T08:16:35.378729,gateio,287.03,287.11,10.0,98.0
2025-07-25T08:16:35.394673,gateio,287.04,287.12,20.0,188.0
2025-07-25T08:16:35.400498,bitget,287.17,287.19,3.6,0.4
2025-07-25T08:16:35.412896,gateio,287.06,287.12,20.0,188.0
2025-07-25T08:16:35.431882,bybit,287.03,0.0,6.29,0.0
2025-07-25T08:16:35.437498,gateio,287.07,287.12,18.0,188.0
2025-07-25T08:16:35.460806,gateio,287.07,287.12,18.0,327.0
2025-07-25T08:16:35.472885,gateio,287.07,287.11,18.0,196.0
2025-07-25T08:16:35.487758,gateio,287.08,287.11,1.0,196.0
2025-07-25T08:16:35.503284,bingx,287.09,287.11,0.1147,0.1062
2025-07-25T08:16:35.536167,gateio,287.09,287.11,20.0,196.0
2025-07-25T08:16:35.538079,bitmart,286.93,286.96,56.0,1.0
2025-07-25T08:16:35.540858,blofin,286.77,286.82,257.0,86.0
2025-07-25T08:16:35.549029,gateio,287.09,287.11,20.0,98.0
2025-07-25T08:16:35.551755,bitget,287.17,287.18,0.7,0.5
2025-07-25T08:16:35.559367,gateio,287.1,287.12,36.0,139.0
2025-07-25T08:16:35.571434,gateio,287.11,287.12,38.0,139.0
2025-07-25T08:16:35.575778,lbank,287.1,287.18,7.87,7.479
2025-07-25T08:16:35.576573,digifinex,286.95,287.01,195.0,75.0
2025-07-25T08:16:35.583249,gateio,287.11,287.14,18.0,683.0
2025-07-25T08:16:35.593915,gateio,287.13,287.14,18.0,683.0
2025-07-25T08:16:35.605075,gateio,287.13,287.15,18.0,1818.0
2025-07-25T08:16:35.616403,huobi,287.0741,287.239,0.486,0.486
2025-07-25T08:16:35.632652,bybit,287.07,287.08,3.8,0.02
2025-07-25T08:16:35.645274,gateio,287.13,287.17,18.0,10.0
2025-07-25T08:16:35.664585,okx,287.15,287.16,0.784995,0.01
2025-07-25T08:16:35.676296,digifinex,286.95,287.02,195.0,199.0
2025-07-25T08:16:35.691247,gateio,287.14,287.17,1.0,10.0
2025-07-25T08:16:35.701832,bitget,287.18,287.23,1.6,23.4
2025-07-25T08:16:35.718700,huobi,287.1029,287.239,0.486,0.486
2025-07-25T08:16:35.724635,gateio,287.14,287.17,1.0,108.0
2025-07-25T08:16:35.731389,bybit,287.07,0.0,5.83,0.0
2025-07-25T08:16:35.764929,gateio,287.14,287.17,1.0,10.0
2025-07-25T08:16:35.774444,okx,287.15,287.16,0.984995,0.01
2025-07-25T08:16:35.774898,gateio,287.14,287.16,1.0,98.0
2025-07-25T08:16:35.779959,digifinex,287.0,287.06,35.0,40.0
2025-07-25T08:16:35.791103,gateio,287.11,287.16,10.0,98.0
2025-07-25T08:16:35.805134,gateio,287.12,287.17,20.0,10.0
2025-07-25T08:16:35.814582,huobi,287.1029,287.2965,0.486,0.486
2025-07-25T08:16:35.827023,gateio,287.14,287.17,18.0,10.0
2025-07-25T08:16:35.851312,bitget,287.22,287.26,6.0,8.6
2025-07-25T08:16:35.853151,gateio,287.15,287.17,18.0,10.0
2025-07-25T08:16:35.876410,digifinex,287.03,287.04,43.0,20.0
2025-07-25T08:16:35.883678,okx,287.15,287.16,1.333227,0.01
2025-07-25T08:16:35.914615,huobi,287.1029,287.2965,0.486,0.486
2025-07-25T08:16:35.919366,gateio,287.16,287.17,38.0,10.0
2025-07-25T08:16:35.927390,lbank,287.15,287.18,0.902,7.479
2025-07-25T08:16:35.931714,bybit,287.13,287.14,9.73,0.02
2025-07-25T08:16:35.934766,ascendex,0.0,287.32,0.0,0.0
2025-07-25T08:16:35.959764,gateio,287.16,287.17,18.0,10.0
2025-07-25T08:16:35.983561,lbank,287.1,287.18,7.87,7.479
2025-07-25T08:16:35.984702,okx,287.21,287.22,0.34294,0.01
2025-07-25T08:16:36.001352,bitget,287.24,287.29,7.1,3.5
2025-07-25T08:16:36.012278,gateio,287.16,287.19,116.0,557.0
2025-07-25T08:16:36.016453,huobi,287.1317,287.2965,0.486,0.486
2025-07-25T08:16:36.030078,gateio,287.18,287.19,38.0,5.0
2025-07-25T08:16:36.031464,bybit,287.13,0.0,14.23,0.0
2025-07-25T08:16:36.035946,bitmex,286.96,287.23,587.0,1.0
2025-07-25T08:16:36.055127,bitmex,287.2,287.23,166.0,1.0
2025-07-25T08:16:36.065144,gateio,287.18,287.19,18.0,5.0
2025-07-25T08:16:36.065847,blofin,286.81,286.84,73.0,13.0
2025-07-25T08:16:36.079461,lbank,287.1,287.18,7.87,0.24
2025-07-25T08:16:36.087963,okx,287.21,287.28,1.35294,0.025
2025-07-25T08:16:36.103422,binance,287.22,287.22,0.0,0.0
2025-07-25T08:16:36.104408,bingx,287.14,287.16,0.0973,0.0368
2025-07-25T08:16:36.117142,huobi,287.1317,287.3403,0.486,0.486
2025-07-25T08:16:36.117561,gateio,287.18,287.19,36.0,5.0
2025-07-25T08:16:36.138389,bitmex,287.2,287.38,166.0,1.0
2025-07-25T08:16:36.152300,bitget,287.26,287.28,26.2,0.5
2025-07-25T08:16:36.184190,digifinex,287.06,287.08,152.0,58.0
2025-07-25T08:16:36.184757,mexc,286.93,286.95,5076816.0,5076816.0
2025-07-25T08:16:36.194280,okx,287.27,287.28,0.34294,0.025
2025-07-25T08:16:36.215604,huobi,287.2607,287.3403,0.486,0.486
2025-07-25T08:16:36.231877,bybit,287.15,287.16,10.62,0.02
2025-07-25T08:16:36.245345,ascendex,286.72,287.63,41.9,0.4
2025-07-25T08:16:36.277469,digifinex,287.08,287.14,18.0,193.0
2025-07-25T08:16:36.299500,okx,287.27,287.28,0.34294,0.01
2025-07-25T08:16:36.306804,bitget,287.27,287.28,7.4,0.5
2025-07-25T08:16:36.331331,bybit,0.0,0.0,0.0,0.0
2025-07-25T08:16:36.376967,digifinex,287.08,287.14,198.0,193.0
2025-07-25T08:16:36.405211,bingx,287.17,287.18,0.0982,0.0928
2025-07-25T08:16:36.413020,huobi,287.2607,287.3403,0.486,0.486
2025-07-25T08:16:36.431697,bybit,287.15,0.0,10.22,0.0
2025-07-25T08:16:36.451372,bitget,287.27,287.28,7.6,0.5
2025-07-25T08:16:36.476245,digifinex,287.08,287.14,184.0,193.0
2025-07-25T08:16:36.531844,bybit,287.15,0.0,10.61,0.0
2025-07-25T08:16:36.548839,blofin,286.93,286.96,102.0,90.0
2025-07-25T08:16:36.562405,bitmart,287.08,287.09,127.0,97.0
2025-07-25T08:16:36.568276,ascendex,0.0,287.61,0.0,0.0
2025-07-25T08:16:36.579976,digifinex,287.07,287.14,19.0,193.0
2025-07-25T08:16:36.585470,lbank,287.23,287.27,2.998,9.96
2025-07-25T08:16:36.601384,bitget,287.27,287.28,7.6,0.5
2025-07-25T08:16:36.676140,digifinex,287.09,287.14,187.0,193.0
2025-07-25T08:16:36.723904,bingx,287.17,287.18,0.0982,0.0928
2025-07-25T08:16:36.750978,bitget,287.3,287.34,27.8,0.9
2025-07-25T08:16:36.820351,gateio,287.18,287.19,134.0,5.0
2025-07-25T08:16:36.831458,bybit,287.17,287.18,18.08,0.06
2025-07-25T08:16:36.837040,gateio,287.18,287.19,144.0,5.0
2025-07-25T08:16:36.906588,bitget,287.33,287.34,0.4,3.2
2025-07-25T08:16:36.932023,bybit,287.19,287.2,12.88,0.06
2025-07-25T08:16:36.981646,digifinex,287.11,287.14,159.0,193.0
2025-07-25T08:16:37.009054,bingx,287.17,287.18,0.0982,0.0928
2025-07-25T08:16:37.013500,huobi,287.2607,287.3917,0.486,0.486
2025-07-25T08:16:37.017226,gateio,287.23,287.24,27.0,10.0
2025-07-25T08:16:37.031451,bybit,287.19,0.0,14.17,0.0
2025-07-25T08:16:37.052029,bitget,287.33,287.34,4.3,0.5
2025-07-25T08:16:37.056347,okx,287.27,287.28,1.35294,0.01
2025-07-25T08:16:37.065067,blofin,286.93,286.96,102.0,90.0
2025-07-25T08:16:37.077055,digifinex,287.12,287.19,48.0,62.0
2025-07-25T08:16:37.087320,lbank,287.26,287.32,9.366,15.454
2025-07-25T08:16:37.104344,binance,287.25,287.25,0.0,0.0
2025-07-25T08:16:37.196863,ascendex,286.73,0.0,41.9,0.0
2025-07-25T08:16:37.204888,bitget,287.33,287.34,4.3,0.5
2025-07-25T08:16:37.232451,bybit,0.0,0.0,0.0,0.0
2025-07-25T08:16:37.311867,bingx,287.25,287.26,0.0716,0.0031
2025-07-25T08:16:37.331711,bybit,287.19,0.0,19.46,0.0
2025-07-25T08:16:37.348578,gateio,287.23,287.24,125.0,10.0
2025-07-25T08:16:37.350418,bitget,287.33,287.34,4.3,0.5
2025-07-25T08:16:37.375980,digifinex,287.13,287.19,162.0,62.0
2025-07-25T08:16:37.394166,okx,287.27,287.34,1.35294,0.025
2025-07-25T08:16:37.432489,bybit,287.21,287.22,18.35,0.02
2025-07-25T08:16:37.475685,digifinex,287.15,287.18,192.0,126.0
2025-07-25T08:16:37.498692,gateio,287.23,287.24,27.0,10.0
2025-07-25T08:16:37.499636,okx,287.33,287.34,0.51441,0.025
2025-07-25T08:16:37.503311,bitget,287.35,287.39,1.7,42.5
2025-07-25T08:16:37.503471,ascendex,0.0,287.43,0.0,0.0
2025-07-25T08:16:37.513359,huobi,287.2607,287.3917,0.486,0.486
2025-07-25T08:16:37.531707,bybit,287.21,0.0,16.95,0.0
2025-07-25T08:16:37.549724,blofin,286.95,286.96,61.0,90.0
2025-07-25T08:16:37.559930,bitmart,287.13,287.16,111.0,76.0
2025-07-25T08:16:37.573040,bitmex,287.2,287.48,166.0,1.0
2025-07-25T08:16:37.575968,digifinex,287.15,287.16,192.0,129.0
2025-07-25T08:16:37.590981,lbank,287.26,287.32,9.366,3.03
2025-07-25T08:16:37.632083,bybit,287.21,0.0,18.54,0.0
2025-07-25T08:16:37.649028,okx,287.33,287.34,0.51441,0.01
2025-07-25T08:16:37.653135,bitget,287.38,287.39,0.4,22.4
2025-07-25T08:16:37.763011,okx,287.33,287.34,1.32441,0.01
2025-07-25T08:16:37.767034,gateio,287.23,287.24,125.0,674.0
2025-07-25T08:16:37.777634,digifinex,287.15,287.16,192.0,127.0
2025-07-25T08:16:37.803009,bitget,287.38,287.41,2.1,0.2
2025-07-25T08:16:37.816027,gateio,287.23,287.24,125.0,10.0
2025-07-25T08:16:37.827153,gateio,287.25,287.26,27.0,8.0
2025-07-25T08:16:37.828137,ascendex,286.39,287.52,41.9,52.2
2025-07-25T08:16:37.831505,bybit,287.23,287.24,12.46,0.02
2025-07-25T08:16:37.839997,lbank,287.29,287.32,0.064,3.03
2025-07-25T08:16:37.843262,gateio,287.25,287.26,47.0,8.0
2025-07-25T08:16:37.854761,gateio,287.25,287.26,145.0,8.0
2025-07-25T08:16:37.892079,lbank,287.26,287.32,9.366,3.03
2025-07-25T08:16:37.912421,huobi,287.2607,287.4287,0.486,0.486
2025-07-25T08:16:37.932050,bybit,287.23,0.0,12.53,0.0
2025-07-25T08:16:37.951622,bitget,287.4,287.41,0.4,1.8
2025-07-25T08:16:37.982618,digifinex,287.15,287.19,192.0,62.0
2025-07-25T08:16:38.013675,gateio,287.25,287.26,125.0,8.0
2025-07-25T08:16:38.025272,gateio,287.25,287.26,27.0,8.0
2025-07-25T08:16:38.031686,bybit,287.23,287.24,2.62,0.34
2025-07-25T08:16:38.073336,blofin,287.0,287.03,349.0,80.0
2025-07-25T08:16:38.077472,digifinex,287.17,287.2,10.0,158.0
2025-07-25T08:16:38.096938,lbank,287.3,287.38,14.35,10.043
2025-07-25T08:16:38.101718,binance,287.3,287.3,0.0,0.0
2025-07-25T08:16:38.103207,bitget,287.4,287.41,2.1,0.9
2025-07-25T08:16:38.132017,bybit,287.23,0.0,2.19,0.0
2025-07-25T08:16:38.139778,ascendex,286.58,287.83,0.0,0.0
2025-07-25T08:16:38.211238,bingx,287.27,287.29,0.0348,0.0031
2025-07-25T08:16:38.242543,okx,287.33,287.34,0.51441,0.01
2025-07-25T08:16:38.253556,bitget,287.4,287.41,0.4,1.2
2025-07-25T08:16:38.275848,digifinex,287.17,287.18,10.0,53.0
2025-07-25T08:16:38.331553,bybit,287.23,287.24,3.2,0.02
2025-07-25T08:16:38.403516,bitget,287.4,287.41,0.4,1.3
2025-07-25T08:16:38.414856,huobi,287.2607,287.4287,0.486,0.486
2025-07-25T08:16:38.428129,gateio,287.25,287.26,125.0,8.0
2025-07-25T08:16:38.431819,bybit,287.23,0.0,11.0,0.0
2025-07-25T08:16:38.458379,ascendex,286.8,288.71,41.9,48.3
2025-07-25T08:16:38.469402,okx,287.33,287.34,1.32441,0.01
2025-07-25T08:16:38.503963,gateio,287.25,287.26,135.0,8.0
2025-07-25T08:16:38.516355,bingx,287.27,287.29,0.0348,0.0031
2025-07-25T08:16:38.531342,bybit,287.27,287.28,0.71,0.02
2025-07-25T08:16:38.552003,bitget,287.4,287.41,0.4,0.5
2025-07-25T08:16:38.553446,mexc,287.05,287.06,5076816.0,5076816.0
2025-07-25T08:16:38.563438,bitmart,287.15,287.18,39.0,10.0
2025-07-25T08:16:38.568074,blofin,287.04,287.06,163.0,186.0
2025-07-25T08:16:38.576122,digifinex,287.17,287.2,10.0,158.0
2025-07-25T08:16:38.631399,bybit,287.27,287.28,1.26,0.36
2025-07-25T08:16:38.676842,digifinex,287.18,287.2,36.0,158.0
2025-07-25T08:16:38.703012,bitget,287.4,287.41,2.9,0.5
2025-07-25T08:16:38.705373,okx,287.33,287.34,1.52441,0.01
2025-07-25T08:16:38.732064,bybit,287.27,287.28,0.71,1.91
2025-07-25T08:16:38.772536,ascendex,285.9,287.73,0.0,0.5
2025-07-25T08:16:38.776894,digifinex,287.18,287.24,36.0,67.0
2025-07-25T08:16:38.812503,bingx,287.27,287.29,0.0348,0.0031
2025-07-25T08:16:38.854028,bitget,287.4,287.41,0.4,0.5
2025-07-25T08:16:38.878696,digifinex,287.18,287.23,36.0,89.0
2025-07-25T08:16:38.931514,bybit,0.0,287.28,0.0,2.23
2025-07-25T08:16:39.004372,bitget,287.4,287.41,0.6,0.5
2025-07-25T08:16:39.006842,lbank,287.31,287.39,13.174,34.617
2025-07-25T08:16:39.031514,bybit,287.27,0.0,0.81,0.0
2025-07-25T08:16:39.047663,blofin,287.04,287.06,163.0,186.0
2025-07-25T08:16:39.064026,bitmex,287.2,287.52,166.0,1.0
2025-07-25T08:16:39.083707,ascendex,0.0,287.63,0.0,0.0
2025-07-25T08:16:39.090586,digifinex,287.18,287.23,36.0,89.0
2025-07-25T08:16:39.103174,binance,287.31,287.31,0.0,0.0
2025-07-25T08:16:39.114272,bingx,287.3,287.31,0.0624,0.0031
2025-07-25T08:16:39.131447,bybit,287.27,0.0,2.4,0.0
2025-07-25T08:16:39.158257,bitget,287.4,287.41,0.6,0.5
2025-07-25T08:16:39.224822,gateio,287.25,287.26,37.0,8.0
2025-07-25T08:16:39.231756,bybit,0.0,287.28,0.0,3.73
2025-07-25T08:16:39.249840,gateio,287.22,287.26,11.0,8.0
2025-07-25T08:16:39.268946,gateio,287.23,287.26,20.0,8.0
2025-07-25T08:16:39.279308,gateio,287.25,287.26,18.0,8.0
2025-07-25T08:16:39.280552,digifinex,287.18,287.23,36.0,55.0
2025-07-25T08:16:39.301849,bitget,287.4,287.41,0.6,1.2
2025-07-25T08:16:39.304288,gateio,287.21,287.26,1.0,8.0
2025-07-25T08:16:39.324228,huobi,287.2607,287.3267,0.486,0.486
2025-07-25T08:16:39.331572,gateio,287.21,287.26,1.0,106.0
2025-07-25T08:16:39.332156,bybit,287.2,287.21,0.04,1.89
2025-07-25T08:16:39.364335,okx,287.31,287.34,0.093682,0.01
2025-07-25T08:16:39.376474,digifinex,287.17,287.23,10.0,55.0
2025-07-25T08:16:39.388777,gateio,287.18,287.26,1.0,106.0
2025-07-25T08:16:39.394479,ascendex,285.69,0.0,0.0,0.0
2025-07-25T08:16:39.407447,gateio,287.19,287.26,20.0,8.0
2025-07-25T08:16:39.431604,bybit,287.2,0.0,0.02,0.0
2025-07-25T08:16:39.453993,bitget,287.33,287.35,5.2,2.7
2025-07-25T08:16:39.468937,okx,287.29,287.33,0.098681,0.81
2025-07-25T08:16:39.476764,digifinex,287.16,287.18,23.0,14.0
2025-07-25T08:16:39.511908,huobi,287.2607,287.3849,0.486,0.486
2025-07-25T08:16:39.514429,lbank,287.31,287.37,13.174,6.354
2025-07-25T08:16:39.514655,gateio,287.2,287.26,18.0,8.0
2025-07-25T08:16:39.531501,bybit,287.21,287.23,0.39,1.87
2025-07-25T08:16:39.532812,gateio,287.21,287.26,56.0,8.0
2025-07-25T08:16:39.542927,gateio,287.22,287.26,18.0,8.0
2025-07-25T08:16:39.553513,bitmart,287.15,287.19,134.0,74.0
2025-07-25T08:16:39.560995,gateio,287.25,287.26,18.0,8.0
2025-07-25T08:16:39.563774,blofin,287.04,287.06,163.0,186.0
2025-07-25T08:16:39.578652,digifinex,287.11,287.14,10.0,19.0
2025-07-25T08:16:39.601384,bitget,287.34,287.35,4.3,0.5
2025-07-25T08:16:39.631456,bybit,287.22,287.24,1.31,1.55
2025-07-25T08:16:39.685504,digifinex,287.13,287.15,128.0,11.0
2025-07-25T08:16:39.711926,huobi,287.2607,287.3849,0.486,0.486
2025-07-25T08:16:39.712841,gateio,287.2,287.26,1.0,8.0
2025-07-25T08:16:39.716012,ascendex,286.72,0.0,0.0,0.0
2025-07-25T08:16:39.723007,gateio,287.25,287.26,18.0,8.0
2025-07-25T08:16:39.732385,bybit,287.22,287.23,0.71,1.89
2025-07-25T08:16:39.732441,okx,287.32,287.34,0.17142,0.01
2025-07-25T08:16:39.736851,lbank,287.31,287.35,13.174,0.279
2025-07-25T08:16:39.749220,gateio,287.25,287.26,36.0,8.0
2025-07-25T08:16:39.751657,bitget,287.34,287.35,0.4,0.5
2025-07-25T08:16:39.760808,gateio,287.25,287.26,18.0,8.0
2025-07-25T08:16:39.776315,digifinex,287.14,287.16,178.0,10.0
2025-07-25T08:16:39.810231,lbank,287.31,287.37,13.174,6.354
2025-07-25T08:16:39.831260,bybit,287.22,287.23,1.85,1.55
2025-07-25T08:16:39.845650,okx,287.32,287.34,0.34294,0.01
2025-07-25T08:16:39.907200,bitget,287.34,287.35,5.1,0.5
2025-07-25T08:16:39.931478,bybit,287.22,0.0,0.71,0.0
2025-07-25T08:16:39.976312,digifinex,287.14,287.15,178.0,12.0
2025-07-25T08:16:39.986966,okx,287.3,287.34,0.098681,0.82
2025-07-25T08:16:40.011014,lbank,287.31,287.4,13.174,17.809
2025-07-25T08:16:40.014339,gateio,287.22,287.26,10.0,8.0
2025-07-25T08:16:40.016664,bingx,287.3,287.31,0.0624,0.0031
2025-07-25T08:16:40.022430,ascendex,286.61,0.0,18.2,0.0
2025-07-25T08:16:40.027505,gateio,287.22,287.25,10.0,18.0
2025-07-25T08:16:40.031462,bybit,0.0,287.23,0.0,1.67
2025-07-25T08:16:40.055233,bitget,287.34,287.35,3.3,0.5
2025-07-25T08:16:40.061541,blofin,286.99,287.02,45.0,62.0
2025-07-25T08:16:40.079961,digifinex,287.15,287.16,62.0,10.0
2025-07-25T08:16:40.092470,okx,287.32,287.33,0.17152,0.3
2025-07-25T08:16:40.101417,binance,287.38,287.38,0.0,0.0
2025-07-25T08:16:40.132743,bybit,287.21,287.22,0.34,1.89
2025-07-25T08:16:40.196137,okx,287.29,287.33,0.270201,0.3
2025-07-25T08:16:40.206283,bitget,287.32,287.33,9.2,0.5
2025-07-25T08:16:40.231827,bybit,287.2,0.0,0.84,0.0
2025-07-25T08:16:40.286853,gateio,287.23,287.26,20.0,8.0
2025-07-25T08:16:40.294073,okx,287.31,287.33,0.34294,0.3
2025-07-25T08:16:40.302943,gateio,287.25,287.26,18.0,8.0
2025-07-25T08:16:40.323074,bingx,287.31,287.34,0.1284,0.0031
2025-07-25T08:16:40.331513,bybit,287.23,287.24,1.26,1.55
2025-07-25T08:16:40.337665,ascendex,0.0,288.48,0.0,0.0
2025-07-25T08:16:40.365377,bitget,287.32,287.33,9.4,0.5
2025-07-25T08:16:40.376199,digifinex,287.14,287.15,178.0,92.0
2025-07-25T08:16:40.423148,bitmex,287.2,287.49,166.0,1.0
2025-07-25T08:16:40.431184,bybit,287.23,0.0,0.71,0.0
2025-07-25T08:16:40.482872,digifinex,287.15,287.16,80.0,12.0
2025-07-25T08:16:40.502608,bitget,287.33,287.35,1.7,0.5
2025-07-25T08:16:40.545133,blofin,286.99,287.02,45.0,62.0
2025-07-25T08:16:40.553487,bitmart,287.15,287.16,48.0,5.0
2025-07-25T08:16:40.563315,okx,287.32,287.34,0.17152,0.01
2025-07-25T08:16:40.618157,bingx,287.31,287.34,0.1284,0.0031
2025-07-25T08:16:40.631998,bybit,287.23,0.0,1.19,0.0
2025-07-25T08:16:40.652369,ascendex,0.0,287.9,0.0,20.8
2025-07-25T08:16:40.654603,bitget,287.34,287.35,26.2,0.5
2025-07-25T08:16:40.658607,okx,287.3,287.32,0.098681,0.3
2025-07-25T08:16:40.712256,huobi,287.2607,287.3849,0.486,0.486
2025-07-25T08:16:40.803600,bitget,287.34,287.35,26.2,0.5
2025-07-25T08:16:40.814369,gateio,287.19,287.26,1.0,8.0
2025-07-25T08:16:40.838847,gateio,287.2,287.26,20.0,8.0
2025-07-25T08:16:40.870029,gateio,287.19,287.25,1.0,98.0
2025-07-25T08:16:40.875875,digifinex,287.14,287.16,178.0,12.0
2025-07-25T08:16:40.883337,gateio,287.16,287.25,94.0,98.0
2025-07-25T08:16:40.894055,gateio,287.17,287.26,21.0,8.0
2025-07-25T08:16:40.913173,gateio,287.19,287.26,20.0,8.0
2025-07-25T08:16:40.914954,huobi,287.1606,287.3849,0.486,0.486
2025-07-25T08:16:40.915596,mexc,287.17,287.18,5076816.0,5076816.0
2025-07-25T08:16:40.931817,bybit,287.2,287.21,0.04,7.69
2025-07-25T08:16:40.933051,gateio,287.19,287.26,18.0,8.0
2025-07-25T08:16:40.951920,okx,287.28,287.31,0.01,1.11
2025-07-25T08:16:40.952352,bitget,287.34,287.35,25.8,1.2
2025-07-25T08:16:40.961951,ascendex,0.0,287.7,0.0,37.4
2025-07-25T08:16:40.976580,digifinex,287.13,287.15,128.0,15.0
2025-07-25T08:16:41.019273,gateio,287.19,287.26,18.0,106.0
2025-07-25T08:16:41.032083,bybit,0.0,0.0,0.0,0.0
2025-07-25T08:16:41.032886,gateio,287.2,287.25,18.0,98.0
2025-07-25T08:16:41.048049,lbank,287.31,287.4,13.174,17.809
2025-07-25T08:16:41.058940,gateio,287.2,287.26,18.0,8.0
2025-07-25T08:16:41.060244,blofin,287.02,287.04,51.0,14.0
2025-07-25T08:16:41.062991,okx,287.29,287.31,0.098681,0.3
2025-07-25T08:16:41.103185,binance,287.38,287.38,0.0,0.0
2025-07-25T08:16:41.103971,bitget,287.32,287.35,1.8,1.2
2025-07-25T08:16:41.171039,gateio,287.2,287.25,18.0,68.0
2025-07-25T08:16:41.175718,digifinex,287.11,287.14,10.0,14.0
2025-07-25T08:16:41.180413,lbank,287.35,287.4,3.559,17.809
2025-07-25T08:16:41.193156,gateio,287.2,287.24,18.0,98.0
2025-07-25T08:16:41.204988,gateio,287.17,287.24,1.0,98.0
2025-07-25T08:16:41.215005,huobi,287.1894,287.3849,0.486,0.486
2025-07-25T08:16:41.222888,bingx,287.3,287.31,0.0969,0.0031
2025-07-25T08:16:41.231508,bybit,287.16,287.17,0.02,0.34
2025-07-25T08:16:41.232988,gateio,287.18,287.25,20.0,166.0
2025-07-25T08:16:41.252113,lbank,287.31,287.4,13.174,17.809
2025-07-25T08:16:41.254508,bitget,287.3,287.32,26.5,1.3
2025-07-25T08:16:41.254768,gateio,287.17,287.24,21.0,68.0
2025-07-25T08:16:41.272947,gateio,287.17,287.25,21.0,98.0
2025-07-25T08:16:41.283022,gateio,287.18,287.26,36.0,143.0
2025-07-25T08:16:41.291560,okx,287.28,287.3,0.01,0.81
2025-07-25T08:16:41.294641,gateio,287.19,287.25,38.0,72.0
2025-07-25T08:16:41.304964,gateio,287.19,287.25,20.0,72.0
2025-07-25T08:16:41.316339,huobi,287.1894,287.3401,0.486,0.486
2025-07-25T08:16:41.316669,gateio,287.16,287.24,38.0,98.0
2025-07-25T08:16:41.331828,bybit,0.0,287.17,0.0,1.89
2025-07-25T08:16:41.383508,digifinex,287.1,287.14,17.0,14.0
2025-07-25T08:16:41.393168,gateio,287.17,287.24,1.0,98.0
2025-07-25T08:16:41.404021,bitget,287.3,287.31,26.5,2.7
2025-07-25T08:16:41.432237,bybit,287.16,287.17,1.51,1.55
2025-07-25T08:16:41.468847,gateio,287.17,287.24,21.0,98.0
2025-07-25T08:16:41.475466,digifinex,287.09,287.13,10.0,24.0
2025-07-25T08:16:41.493080,gateio,287.17,287.24,20.0,98.0
2025-07-25T08:16:41.499824,okx,287.28,287.29,0.01,1.11
2025-07-25T08:16:41.513487,huobi,287.2182,287.2711,0.486,0.486
2025-07-25T08:16:41.526421,bingx,287.3,287.31,0.0969,0.0031
2025-07-25T08:16:41.532127,bybit,287.16,0.0,2.48,0.0
2025-07-25T08:16:41.550368,lbank,287.29,287.3,14.674,8.205
2025-07-25T08:16:41.554452,bitget,287.3,287.31,26.5,2.7
2025-07-25T08:16:41.558058,blofin,287.0,287.01,4.0,180.0
2025-07-25T08:16:41.578384,bitmex,287.2,287.48,166.0,1.0
2025-07-25T08:16:41.592132,bitmart,287.12,287.14,1.0,82.0
2025-07-25T08:16:41.703584,bitget,287.3,287.31,26.5,2.8
2025-07-25T08:16:41.713872,huobi,287.1894,287.3401,0.486,0.486
2025-07-25T08:16:41.731669,bybit,0.0,0.0,0.0,0.0
2025-07-25T08:16:41.827624,bingx,287.27,287.31,0.0694,0.0031
2025-07-25T08:16:41.832032,bybit,287.16,0.0,1.72,0.0
2025-07-25T08:16:41.856014,bitget,287.3,287.31,26.5,2.8
2025-07-25T08:16:41.971614,gateio,287.17,287.26,20.0,106.0
2025-07-25T08:16:41.990980,gateio,287.18,287.26,36.0,106.0
2025-07-25T08:16:42.004881,bitget,287.3,287.31,26.5,0.5
2025-07-25T08:16:42.012831,gateio,287.19,287.26,38.0,106.0
2025-07-25T08:16:42.026665,gateio,287.2,287.25,18.0,101.0
2025-07-25T08:16:42.031519,bybit,287.18,287.19,1.25,1.55
2025-07-25T08:16:42.036778,gateio,287.2,287.25,36.0,101.0
2025-07-25T08:16:42.052550,lbank,287.27,287.3,0.168,8.205
2025-07-25T08:16:42.058773,okx,287.26,287.29,0.908681,0.3
2025-07-25T08:16:42.075469,blofin,287.0,287.01,4.0,180.0
2025-07-25T08:16:42.092670,gateio,287.21,287.26,1.0,106.0
2025-07-25T08:16:42.103063,gateio,287.22,287.26,18.0,106.0
2025-07-25T08:16:42.103376,binance,287.3,287.3,0.0,0.0
2025-07-25T08:16:42.131414,bybit,287.18,0.0,3.45,0.0
2025-07-25T08:16:42.157983,okx,287.28,287.29,0.34294,0.3
2025-07-25T08:16:42.158436,bitget,287.3,287.31,29.2,0.5
2025-07-25T08:16:42.312690,bitget,287.3,287.31,29.2,0.5
2025-07-25T08:16:42.331357,bybit,287.18,0.0,0.71,0.0
2025-07-25T08:16:42.361219,gateio,287.19,287.25,20.0,101.0
2025-07-25T08:16:42.373091,gateio,287.18,287.25,1.0,101.0
2025-07-25T08:16:42.392980,gateio,287.15,287.25,1.0,178.0
2025-07-25T08:16:42.410699,huobi,287.1894,287.3401,0.486,0.486
2025-07-25T08:16:42.412945,gateio,287.16,287.24,20.0,101.0
2025-07-25T08:16:42.436833,gateio,287.17,287.24,18.0,101.0
2025-07-25T08:16:42.455833,bitget,287.3,287.31,26.0,1.8
2025-07-25T08:16:42.475951,digifinex,287.1,287.13,177.0,24.0
2025-07-25T08:16:42.504713,okx,287.24,287.28,0.103681,0.81
2025-07-25T08:16:42.531725,bybit,0.0,287.19,0.0,1.59
2025-07-25T08:16:42.548988,gateio,287.17,287.24,19.0,101.0
2025-07-25T08:16:42.554604,lbank,287.27,287.3,0.168,8.205
2025-07-25T08:16:42.557926,blofin,286.99,287.0,1.0,157.0
2025-07-25T08:16:42.577451,digifinex,287.09,287.11,10.0,107.0
2025-07-25T08:16:42.596472,bitmart,287.1,287.13,2.0,38.0
2025-07-25T08:16:42.603990,bitget,287.3,287.31,25.8,1.8
2025-07-25T08:16:42.651043,gateio,287.17,287.25,29.0,77.0
2025-07-25T08:16:42.671029,gateio,287.18,287.25,56.0,77.0
2025-07-25T08:16:42.676342,digifinex,287.09,287.12,10.0,72.0
2025-07-25T08:16:42.684874,gateio,287.19,287.26,19.0,106.0
2025-07-25T08:16:42.700937,gateio,287.21,287.25,18.0,101.0
2025-07-25T08:16:42.712654,gateio,287.22,287.25,18.0,101.0
2025-07-25T08:16:42.721396,huobi,287.2182,287.3401,0.486,0.486
2025-07-25T08:16:42.727030,bingx,287.27,287.31,0.0694,0.0031
2025-07-25T08:16:42.732168,bybit,287.18,287.19,3.65,1.55
2025-07-25T08:16:42.757951,bitget,287.3,287.31,25.8,1.8
2025-07-25T08:16:42.770587,bitmex,287.2,287.45,166.0,1.0
2025-07-25T08:16:42.788949,okx,287.28,287.29,0.34294,0.3
2025-07-25T08:16:42.878774,digifinex,287.12,287.13,109.0,113.0
2025-07-25T08:16:42.902677,bitget,287.31,287.33,12.8,0.5
2025-07-25T08:16:42.911509,huobi,287.1606,287.3401,0.486,0.486
2025-07-25T08:16:42.931303,bybit,287.18,0.0,0.71,0.0
2025-07-25T08:16:42.956960,gateio,287.21,287.25,1.0,101.0
2025-07-25T08:16:43.035725,bingx,287.27,287.31,0.0694,0.0031
2025-07-25T08:16:43.049592,gateio,287.21,287.24,1.0,72.0
2025-07-25T08:16:43.049637,gateio,287.21,287.24,1.0,101.0
2025-07-25T08:16:43.049915,gateio,287.19,287.23,20.0,101.0
2025-07-25T08:16:43.049951,gateio,287.19,287.23,38.0,101.0
2025-07-25T08:16:43.051158,gateio,287.19,287.23,18.0,101.0
2025-07-25T08:16:43.053911,okx,287.24,287.29,0.103681,1.11
2025-07-25T08:16:43.054307,bitget,287.3,287.32,25.8,0.7
2025-07-25T08:16:43.056704,lbank,287.25,287.28,0.168,9.199
2025-07-25T08:16:43.067280,blofin,286.99,287.0,1.0,311.0
2025-07-25T08:16:43.102707,binance,287.3,287.3,0.0,0.0
2025-07-25T08:16:43.178703,okx,287.28,287.29,0.17152,0.3
2025-07-25T08:16:43.206008,bitget,287.3,287.31,25.8,1.2
2025-07-25T08:16:43.301106,okx,287.24,287.29,0.103681,1.11
2025-07-25T08:16:43.305036,mexc,287.1,287.11,5076816.0,5076816.0
2025-07-25T08:16:43.312208,huobi,287.1894,287.3401,0.486,0.486
2025-07-25T08:16:43.316972,gateio,287.19,287.26,18.0,8.0
2025-07-25T08:16:43.331406,bybit,287.18,0.0,1.05,0.0
2025-07-25T08:16:43.334605,gateio,287.2,287.25,56.0,101.0
2025-07-25T08:16:43.345092,gateio,287.21,287.25,36.0,240.0
2025-07-25T08:16:43.354548,bitget,287.3,287.31,25.8,1.2
2025-07-25T08:16:43.358637,gateio,287.22,287.24,18.0,72.0
2025-07-25T08:16:43.372745,gateio,287.22,287.25,18.0,101.0
2025-07-25T08:16:43.449209,okx,287.28,287.29,0.34294,0.3
2025-07-25T08:16:43.476165,digifinex,287.11,287.12,149.0,155.0
2025-07-25T08:16:43.504331,bitget,287.3,287.31,29.5,0.5
2025-07-25T08:16:43.511458,huobi,287.1894,287.3401,0.486,0.486
2025-07-25T08:16:43.531721,bybit,287.19,287.2,0.89,0.06
2025-07-25T08:16:43.557409,blofin,286.99,287.0,1.0,311.0
2025-07-25T08:16:43.565828,lbank,287.25,287.28,0.168,9.199
2025-07-25T08:16:43.595072,bitmart,287.1,287.11,25.0,49.0
2025-07-25T08:16:43.631550,bybit,287.19,287.2,0.99,1.59
2025-07-25T08:16:43.634850,gateio,287.23,287.26,18.0,8.0
2025-07-25T08:16:43.654762,gateio,287.24,287.26,18.0,8.0
2025-07-25T08:16:43.655621,bitget,287.3,287.31,29.7,0.5
2025-07-25T08:16:43.676167,digifinex,287.11,287.13,149.0,113.0
2025-07-25T08:16:43.707270,gateio,287.24,287.26,18.0,109.0
2025-07-25T08:16:43.731371,bybit,287.19,0.0,3.61,0.0
2025-07-25T08:16:43.762379,okx,287.28,287.29,1.15294,0.3
2025-07-25T08:16:43.762849,gateio,287.24,287.26,18.0,777.0
2025-07-25T08:16:43.774508,gateio,287.24,287.26,18.0,109.0
2025-07-25T08:16:43.782614,digifinex,287.12,287.13,36.0,113.0
2025-07-25T08:16:43.805294,bitget,287.31,287.33,1.7,0.5
2025-07-25T08:16:43.812112,huobi,287.1895,287.34,2.3493,0.09
2025-07-25T08:16:43.831737,bybit,287.19,0.0,1.51,0.0
2025-07-25T08:16:43.890502,okx,287.28,287.29,0.34294,0.3
2025-07-25T08:16:43.913081,huobi,287.2182,287.3113,0.486,0.486
2025-07-25T08:16:43.927370,bingx,287.27,287.31,0.0694,0.0031
2025-07-25T08:16:43.932463,bybit,287.19,287.2,0.89,1.57
2025-07-25T08:16:43.954970,bitget,287.32,287.33,1.3,0.5
2025-07-25T08:16:44.006691,gateio,287.18,287.26,225.0,109.0
2025-07-25T08:16:44.011253,huobi,287.1606,287.3401,0.486,0.486
2025-07-25T08:16:44.024960,gateio,287.18,287.25,11.0,101.0
2025-07-25T08:16:44.031762,bybit,287.18,0.0,5.02,0.0
2025-07-25T08:16:44.036975,gateio,287.19,287.25,18.0,101.0
2025-07-25T08:16:44.061130,blofin,286.97,287.0,57.0,62.0
2025-07-25T08:16:44.064876,lbank,287.27,287.31,8.038,17.515
2025-07-25T08:16:44.075807,bitmex,287.2,287.47,166.0,1.0
2025-07-25T08:16:44.103664,binance,287.3,287.3,0.0,0.0
2025-07-25T08:16:44.107082,bitget,287.32,287.33,0.4,0.8
2025-07-25T08:16:44.113088,huobi,287.1606,287.3401,0.486,0.486
2025-07-25T08:16:44.131456,bybit,287.18,287.19,0.34,1.55
2025-07-25T08:16:44.155554,okx,287.24,287.29,0.913681,1.11
2025-07-25T08:16:44.162740,gateio,287.19,287.25,18.0,240.0
2025-07-25T08:16:44.172697,gateio,287.19,287.24,18.0,101.0
2025-07-25T08:16:44.203344,digifinex,287.11,287.13,149.0,113.0
2025-07-25T08:16:44.210486,huobi,287.1606,287.3113,0.486,0.486
2025-07-25T08:16:44.231509,bybit,287.17,287.18,0.94,1.89
2025-07-25T08:16:44.255744,bitget,287.3,287.33,28.8,1.2
2025-07-25T08:16:44.275955,digifinex,287.1,287.12,35.0,17.0
2025-07-25T08:16:44.282269,okx,287.25,287.29,0.103681,0.3
2025-07-25T08:16:44.310100,huobi,287.1894,287.3113,0.486,0.486
2025-07-25T08:16:44.331968,bybit,0.0,287.18,0.0,1.55
2025-07-25T08:16:44.396526,okx,287.25,287.29,0.103681,1.11
2025-07-25T08:16:44.407210,bitget,287.3,287.31,29.2,0.5
2025-07-25T08:16:44.410854,huobi,287.2508,287.3401,0.486,0.486
2025-07-25T08:16:44.507485,okx,287.26,287.29,0.098682,0.3
2025-07-25T08:16:44.531645,bybit,287.17,0.0,1.42,0.0
2025-07-25T08:16:44.556066,bitget,287.3,287.31,29.2,0.5
2025-07-25T08:16:44.562526,lbank,287.27,287.31,8.038,17.515
2025-07-25T08:16:44.563593,blofin,286.97,287.0,57.0,62.0
2025-07-25T08:16:44.580004,digifinex,287.1,287.11,35.0,157.0
2025-07-25T08:16:44.602692,bitmart,287.1,287.11,60.0,24.0
2025-07-25T08:16:44.624067,okx,287.26,287.28,0.098682,0.3
2025-07-25T08:16:44.704891,bitget,287.3,287.31,31.4,0.5
2025-07-25T08:16:44.751062,ascendex,286.07,0.0,0.0,0.0
2025-07-25T08:16:44.751434,okx,287.27,287.28,0.34294,0.3
2025-07-25T08:16:44.779662,digifinex,287.1,287.12,35.0,17.0
2025-07-25T08:16:44.831659,bybit,287.17,0.0,0.94,0.0
2025-07-25T08:16:44.832577,bingx,287.27,287.31,0.0694,0.0031
2025-07-25T08:16:44.856940,bitget,287.3,287.31,28.4,0.5
2025-07-25T08:16:44.876400,digifinex,287.1,287.11,35.0,112.0
2025-07-25T08:16:44.910836,huobi,287.2504,287.3401,2.3817,0.486
2025-07-25T08:16:44.996933,gateio,287.21,287.26,18.0,109.0
2025-07-25T08:16:45.006591,bitget,287.3,287.31,28.2,0.9
2025-07-25T08:16:45.006931,gateio,287.21,287.26,18.0,8.0
2025-07-25T08:16:45.012213,huobi,287.2515,287.3401,0.486,0.486
2025-07-25T08:16:45.031066,gateio,287.21,287.25,18.0,101.0
2025-07-25T08:16:45.031417,bybit,287.17,0.0,9.99,0.0
2025-07-25T08:16:45.063999,blofin,286.98,287.0,48.0,48.0
2025-07-25T08:16:45.065499,lbank,287.27,287.29,8.038,1.519
2025-07-25T08:16:45.091401,okx,287.25,287.28,0.103681,0.3
2025-07-25T08:16:45.104113,binance,287.3,287.3,0.0,0.0
2025-07-25T08:16:45.131412,bybit,287.17,0.0,0.94,0.0
2025-07-25T08:16:45.136122,bingx,287.27,287.31,0.0694,0.0031
2025-07-25T08:16:45.155480,bitget,287.3,287.31,30.2,0.5
2025-07-25T08:16:45.262291,huobi,287.2504,287.3401,2.3817,0.486
2025-07-25T08:16:45.272492,gateio,287.16,287.25,1.0,101.0
2025-07-25T08:16:45.276620,digifinex,287.1,287.11,35.0,26.0
2025-07-25T08:16:45.292730,gateio,287.17,287.24,20.0,72.0
2025-07-25T08:16:45.306233,bitget,287.3,287.31,27.7,0.5
2025-07-25T08:16:45.314468,gateio,287.18,287.24,18.0,72.0
2025-07-25T08:16:45.358938,gateio,287.18,287.23,18.0,101.0
2025-07-25T08:16:45.360052,okx,287.24,287.28,0.103681,0.31
2025-07-25T08:16:45.404938,bitmex,287.2,287.45,166.0,1.0
2025-07-25T08:16:45.410505,huobi,287.2504,287.3401,2.3817,0.486
2025-07-25T08:16:45.439877,bingx,287.27,287.31,0.0694,0.0031
2025-07-25T08:16:45.456565,bitget,287.3,287.31,25.8,0.9
2025-07-25T08:16:45.456778,gateio,287.18,287.23,19.0,101.0
2025-07-25T08:16:45.472988,gateio,287.18,287.25,19.0,101.0
2025-07-25T08:16:45.483140,gateio,287.19,287.25,18.0,240.0
2025-07-25T08:16:45.491108,okx,287.24,287.27,0.103681,0.81
2025-07-25T08:16:45.497446,gateio,287.19,287.24,18.0,101.0
2025-07-25T08:16:45.510100,huobi,287.2508,287.3401,0.486,0.486
2025-07-25T08:16:45.560472,bitmart,287.1,287.11,29.0,31.0
2025-07-25T08:16:45.561745,blofin,286.98,287.0,48.0,48.0
2025-07-25T08:16:45.567390,lbank,287.27,287.29,8.038,1.519
2025-07-25T08:16:45.606175,bitget,287.3,287.31,25.8,0.9
2025-07-25T08:16:45.631432,bybit,287.17,0.0,2.1,0.0
2025-07-25T08:16:45.635501,okx,287.26,287.27,0.446621,0.3
2025-07-25T08:16:45.672773,gateio,287.2,287.24,20.0,101.0
2025-07-25T08:16:45.685037,gateio,287.24,287.25,27.0,139.0
2025-07-25T08:16:45.690105,mexc,287.1,287.11,5076816.0,5076816.0
2025-07-25T08:16:45.731174,bybit,287.19,287.2,0.71,1.59
2025-07-25T08:16:45.735007,gateio,287.24,287.26,27.0,109.0
2025-07-25T08:16:45.755393,bitget,287.3,287.31,25.8,0.5
2025-07-25T08:16:45.776169,digifinex,287.1,287.13,35.0,113.0
2025-07-25T08:16:45.800762,gateio,287.24,287.26,27.0,248.0
2025-07-25T08:16:45.844905,gateio,287.24,287.25,27.0,101.0
2025-07-25T08:16:45.858409,okx,287.26,287.27,1.15294,0.3
2025-07-25T08:16:45.905673,bitget,287.3,287.31,28.3,0.5
2025-07-25T08:16:45.931734,bybit,0.0,287.2,0.0,1.57
2025-07-25T08:16:46.039846,bingx,287.27,287.31,0.0694,0.0031
2025-07-25T08:16:46.050894,gateio,287.24,287.26,27.0,147.0
2025-07-25T08:16:46.056453,bitget,287.3,287.33,28.5,0.5
2025-07-25T08:16:46.060694,gateio,287.24,287.26,27.0,8.0
2025-07-25T08:16:46.072257,lbank,287.25,287.29,0.168,18.839
2025-07-25T08:16:46.073075,blofin,286.98,287.0,3.0,193.0
2025-07-25T08:16:46.132048,bybit,287.19,287.2,1.26,1.61
2025-07-25T08:16:46.161520,gateio,287.18,287.25,235.0,101.0
2025-07-25T08:16:46.174949,gateio,287.19,287.25,20.0,101.0
2025-07-25T08:16:46.176006,digifinex,287.12,287.13,187.0,113.0
2025-07-25T08:16:46.206431,bitget,287.32,287.33,4.5,0.5
2025-07-25T08:16:46.211105,huobi,287.2508,287.3401,0.486,0.486
2025-07-25T08:16:46.212958,gateio,287.2,287.25,18.0,101.0
2025-07-25T08:16:46.231773,bybit,287.19,0.0,0.71,0.0
2025-07-25T08:16:46.245544,okx,287.26,287.27,0.34294,0.3
2025-07-25T08:16:46.292717,gateio,287.2,287.25,19.0,101.0
2025-07-25T08:16:46.348518,gateio,287.2,287.25,1.0,101.0
2025-07-25T08:16:46.355279,bitget,287.32,287.33,0.4,1.5
2025-07-25T08:16:46.383251,gateio,287.2,287.25,20.0,101.0
2025-07-25T08:16:46.431305,bybit,287.19,287.2,1.53,1.59
2025-07-25T08:16:46.449884,okx,287.26,287.27,1.15294,0.3
2025-07-25T08:16:46.505221,gateio,287.19,287.25,1.0,101.0
2025-07-25T08:16:46.507315,bitget,287.32,287.33,3.6,0.9
2025-07-25T08:16:46.533123,bybit,287.19,0.0,0.71,0.0
2025-07-25T08:16:46.534665,gateio,287.21,287.25,18.0,101.0
2025-07-25T08:16:46.553017,gateio,287.22,287.25,18.0,101.0
2025-07-25T08:16:46.558270,blofin,286.98,287.01,48.0,19.0
2025-07-25T08:16:46.562029,okx,287.27,287.28,0.34294,0.01
2025-07-25T08:16:46.564689,bitmart,287.1,287.11,40.0,96.0
2025-07-25T08:16:46.574505,lbank,287.26,287.29,8.038,1.226
2025-07-25T08:16:46.611217,huobi,287.2506,287.3401,0.486,0.486
2025-07-25T08:16:46.662717,bitget,287.32,287.33,0.4,0.8
2025-07-25T08:16:46.753517,gateio,287.19,287.25,1.0,101.0
2025-07-25T08:16:46.762985,gateio,287.19,287.22,21.0,626.0
2025-07-25T08:16:46.775679,gateio,287.2,287.25,18.0,101.0
2025-07-25T08:16:46.809362,bitget,287.32,287.33,0.4,2.0
2025-07-25T08:16:46.816575,huobi,287.2506,287.3113,0.486,0.486
2025-07-25T08:16:46.831149,bybit,287.18,287.19,5.34,1.93
2025-07-25T08:16:46.877389,digifinex,287.11,287.13,109.0,113.0
2025-07-25T08:16:46.907105,okx,287.26,287.31,0.103681,0.81
2025-07-25T08:16:46.932374,bybit,287.18,287.19,5.53,1.59
2025-07-25T08:16:46.941731,bingx,287.27,287.31,0.0694,0.0031
2025-07-25T08:16:46.961847,bitget,287.32,287.33,0.4,0.9
2025-07-25T08:16:46.982896,digifinex,287.12,287.13,14.0,113.0
2025-07-25T08:16:47.017626,huobi,287.2506,287.3401,0.486,0.486
2025-07-25T08:16:47.017675,okx,287.27,287.3,0.34294,1.11
2025-07-25T08:16:47.019245,lbank,287.26,287.28,8.038,0.062
2025-07-25T08:16:47.071905,blofin,286.98,287.01,48.0,19.0
2025-07-25T08:16:47.078258,gateio,287.21,287.26,20.0,8.0
2025-07-25T08:16:47.083301,lbank,287.26,287.29,8.038,1.226
2025-07-25T08:16:47.090692,gateio,287.22,287.26,18.0,109.0
2025-07-25T08:16:47.103622,binance,287.29,287.29,0.0,0.0
2025-07-25T08:16:47.110420,bitget,287.32,287.35,2.5,0.5
2025-07-25T08:16:47.115200,bitmex,287.2,287.47,166.0,1.0
2025-07-25T08:16:47.118885,huobi,287.295,287.3401,2.2651,0.486
2025-07-25T08:16:47.131734,bybit,287.19,287.2,9.32,1.63
2025-07-25T08:16:47.139176,gateio,287.23,287.26,36.0,109.0
2025-07-25T08:16:47.161479,okx,287.27,287.3,0.103681,0.3
2025-07-25T08:16:47.217931,huobi,287.2506,287.3401,0.486,0.486
2025-07-25T08:16:47.231820,bybit,287.19,0.0,8.96,0.0
2025-07-25T08:16:47.259966,bitget,287.34,287.35,0.4,0.5
2025-07-25T08:16:47.273254,gateio,287.23,287.26,36.0,8.0
2025-07-25T08:16:47.276652,digifinex,287.12,287.13,14.0,113.0
2025-07-25T08:16:47.294978,okx,287.29,287.3,0.34294,0.3
2025-07-25T08:16:47.377290,digifinex,287.12,287.13,7.0,113.0
2025-07-25T08:16:47.408000,bitget,287.34,287.35,0.9,0.9
2025-07-25T08:16:47.432590,bybit,0.0,287.2,0.0,1.61
2025-07-25T08:16:47.548479,bingx,287.27,287.31,0.0694,0.0031
2025-07-25T08:16:47.549292,blofin,286.98,287.01,48.0,19.0
2025-07-25T08:16:47.555990,bitget,287.34,287.35,0.9,0.9
2025-07-25T08:16:47.561439,bitmart,287.12,287.13,100.0,7.0
2025-07-25T08:16:47.571081,gateio,287.24,287.26,20.0,8.0
2025-07-25T08:16:47.584299,lbank,287.26,287.29,8.038,1.226
2025-07-25T08:16:47.615912,gateio,287.23,287.26,20.0,8.0
2025-07-25T08:16:47.634265,gateio,287.22,287.26,10.0,8.0
2025-07-25T08:16:47.700681,gateio,287.22,287.26,30.0,8.0
2025-07-25T08:16:47.705850,bitget,287.34,287.35,0.9,0.5
2025-07-25T08:16:47.731864,bybit,287.19,0.0,9.15,0.0
2025-07-25T08:16:47.751338,gateio,287.22,287.26,30.0,109.0
2025-07-25T08:16:47.774885,gateio,287.22,287.26,10.0,109.0
2025-07-25T08:16:47.786681,gateio,287.21,287.25,10.0,101.0
2025-07-25T08:16:47.816987,gateio,287.22,287.25,18.0,101.0
2025-07-25T08:16:47.832252,bybit,287.19,0.0,8.01,0.0
2025-07-25T08:16:47.858112,bitget,287.34,287.35,0.6,1.2
2025-07-25T08:16:47.910930,huobi,287.2506,287.3401,0.486,0.486
2025-07-25T08:16:47.931163,bybit,287.19,287.2,6.38,1.59
2025-07-25T08:16:47.995523,okx,287.29,287.3,0.17152,0.3
2025-07-25T08:16:48.009269,bitget,287.34,287.35,0.4,1.2
2025-07-25T08:16:48.029168,gateio,287.22,287.26,18.0,8.0
2025-07-25T08:16:48.031815,bybit,0.0,287.2,0.0,0.81
2025-07-25T08:16:48.043094,gateio,287.25,287.26,18.0,8.0
2025-07-25T08:16:48.051335,blofin,286.97,287.0,51.0,30.0
2025-07-25T08:16:48.059675,mexc,287.1,287.11,5076816.0,5076816.0
2025-07-25T08:16:48.083926,lbank,287.26,287.29,8.038,1.226
2025-07-25T08:16:48.113542,huobi,287.2506,287.3849,0.486,0.486
2025-07-25T08:16:48.131146,bybit,0.0,287.22,0.0,1.59
2025-07-25T08:16:48.143595,bingx,287.27,287.31,0.0694,0.0031
2025-07-25T08:16:48.151134,okx,287.29,287.3,0.98152,0.3
2025-07-25T08:16:48.157967,bitget,287.34,287.35,0.9,0.5
2025-07-25T08:16:48.176703,digifinex,287.13,287.17,67.0,187.0
2025-07-25T08:16:48.232372,bybit,287.21,287.22,0.71,1.55
2025-07-25T08:16:48.290544,okx,287.29,287.3,0.17152,0.3
2025-07-25T08:16:48.308970,bitget,287.34,287.35,2.1,0.9
2025-07-25T08:16:48.380020,digifinex,287.13,287.14,67.0,187.0
2025-07-25T08:16:48.399037,okx,287.29,287.3,0.98152,0.3
2025-07-25T08:16:48.432081,bybit,287.21,0.0,1.05,0.0
2025-07-25T08:16:48.450550,bingx,287.27,287.31,0.0694,0.0031
2025-07-25T08:16:48.458078,bitget,287.34,287.35,2.7,0.5
2025-07-25T08:16:48.503598,ascendex,286.07,0.0,41.6,0.0
2025-07-25T08:16:48.531658,bybit,287.21,0.0,1.24,0.0
2025-07-25T08:16:48.543713,bitmart,287.12,287.13,140.0,96.0
2025-07-25T08:16:48.545664,blofin,286.97,287.0,51.0,17.0
2025-07-25T08:16:48.581809,digifinex,287.13,287.17,67.0,187.0
2025-07-25T08:16:48.586365,lbank,287.29,287.3,8.038,19.097
2025-07-25T08:16:48.603487,okx,287.31,287.33,0.34294,0.415
2025-07-25T08:16:48.607636,bitget,287.34,287.35,2.7,0.5
2025-07-25T08:16:48.612710,huobi,287.3179,287.3849,2.4032,0.486
2025-07-25T08:16:48.631306,bybit,287.21,0.0,7.66,0.0
2025-07-25T08:16:48.658664,gateio,287.25,287.26,36.0,8.0
2025-07-25T08:16:48.712626,huobi,287.1894,287.4287,0.486,0.486
2025-07-25T08:16:48.731602,bybit,287.25,287.26,8.4,1.59
2025-07-25T08:16:48.758289,bitget,287.34,287.39,5.4,12.8
2025-07-25T08:16:48.798411,okx,287.33,287.34,0.55842,0.01
2025-07-25T08:16:48.811430,huobi,287.2182,287.4287,0.486,0.486
2025-07-25T08:16:48.831413,bybit,287.25,0.0,6.04,0.0
2025-07-25T08:16:48.880976,digifinex,287.17,287.24,142.0,42.0
2025-07-25T08:16:48.898439,okx,287.33,287.37,0.55842,0.015
2025-07-25T08:16:48.909837,bitget,287.37,287.38,4.4,0.5
2025-07-25T08:16:48.952254,gateio,287.25,287.26,36.0,4.0
2025-07-25T08:16:48.968495,gateio,287.26,287.36,47.0,694.0
2025-07-25T08:16:48.976431,digifinex,287.18,287.19,159.0,146.0
2025-07-25T08:16:48.979054,gateio,287.27,287.36,18.0,1031.0
2025-07-25T08:16:48.992715,gateio,287.28,287.35,38.0,131.0
2025-07-25T08:16:49.005194,gateio,287.29,287.35,18.0,131.0
2025-07-25T08:16:49.015118,huobi,287.2183,287.4287,2.3493,0.486
2025-07-25T08:16:49.024988,gateio,287.31,287.35,36.0,131.0
2025-07-25T08:16:49.031831,bybit,287.27,287.28,8.95,0.04
2025-07-25T08:16:49.035017,gateio,287.32,287.35,18.0,131.0
2025-07-25T08:16:49.045845,gateio,287.34,287.35,18.0,131.0
2025-07-25T08:16:49.057930,gateio,287.34,287.36,18.0,596.0
2025-07-25T08:16:49.060524,bitget,287.37,287.42,5.3,0.7
2025-07-25T08:16:49.061666,okx,287.36,287.4,0.81,0.025
2025-07-25T08:16:49.074401,gateio,287.35,287.36,18.0,596.0
2025-07-25T08:16:49.077381,digifinex,287.18,287.2,159.0,180.0
2025-07-25T08:16:49.084746,blofin,286.97,287.0,51.0,17.0
2025-07-25T08:16:49.086931,gateio,287.35,287.37,18.0,1841.0
2025-07-25T08:16:49.088034,lbank,287.32,287.38,14.572,0.185
2025-07-25T08:16:49.093251,gateio,287.36,287.37,18.0,1824.0
2025-07-25T08:16:49.104334,binance,287.36,287.36,0.0,0.0
2025-07-25T08:16:49.107329,gateio,287.36,287.37,18.0,1818.0
2025-07-25T08:16:49.117572,huobi,287.247,287.432,0.486,0.486
2025-07-25T08:16:49.131519,bybit,287.29,287.3,3.01,0.02
2025-07-25T08:16:49.147676,ascendex,0.0,287.9,0.0,0.0
2025-07-25T08:16:49.189654,okx,287.39,287.4,0.34294,0.01
2025-07-25T08:16:49.194221,digifinex,287.18,287.24,159.0,42.0
2025-07-25T08:16:49.209386,bitget,287.43,287.45,0.4,0.5
2025-07-25T08:16:49.218499,huobi,287.2758,287.432,0.486,0.486
2025-07-25T08:16:49.232677,bybit,287.32,287.34,9.75,0.04
2025-07-25T08:16:49.277255,digifinex,287.21,287.24,165.0,42.0
2025-07-25T08:16:49.278935,gateio,287.37,287.41,18.0,23.0
2025-07-25T08:16:49.317174,huobi,287.3046,287.5177,0.486,0.486
2025-07-25T08:16:49.331583,bybit,287.35,287.36,0.71,0.36
2025-07-25T08:16:49.346877,bingx,287.35,287.36,0.1303,0.0843
2025-07-25T08:16:49.353037,gateio,287.4,287.41,18.0,23.0
2025-07-25T08:16:49.360034,bitget,287.45,287.46,1.7,0.5
2025-07-25T08:16:49.371170,gateio,287.4,287.41,36.0,23.0
2025-07-25T08:16:49.376445,digifinex,287.22,287.26,100.0,105.0
2025-07-25T08:16:49.396050,bitmex,286.96,287.47,587.0,1.0
2025-07-25T08:16:49.397044,okx,287.39,287.45,1.35294,0.015
2025-07-25T08:16:49.403063,bitmex,287.38,287.47,166.0,1.0
2025-07-25T08:16:49.403587,gateio,287.4,287.41,18.0,23.0
2025-07-25T08:16:49.414183,huobi,287.3334,287.5177,0.486,0.486
2025-07-25T08:16:49.431633,bybit,0.0,287.36,0.0,1.95
2025-07-25T08:16:49.463390,ascendex,286.61,287.42,0.0,0.0
2025-07-25T08:16:49.478171,digifinex,287.24,287.33,131.0,51.0
2025-07-25T08:16:49.501405,okx,287.44,287.45,0.51441,0.015
2025-07-25T08:16:49.510499,bitget,287.48,287.5,1.8,0.4
2025-07-25T08:16:49.531821,bybit,0.0,0.0,0.0,0.0
2025-07-25T08:16:49.567930,blofin,287.01,287.03,190.0,8.0
2025-07-25T08:16:49.571254,bitmart,287.2,287.25,23.0,1.0
2025-07-25T08:16:49.579043,digifinex,287.24,287.3,131.0,83.0
2025-07-25T08:16:49.595471,lbank,287.42,287.5,6.17,6.05
2025-07-25T08:16:49.613034,huobi,287.4322,287.5177,0.486,0.486
2025-07-25T08:16:49.643912,gateio,287.4,287.43,18.0,94.0
2025-07-25T08:16:49.648990,bingx,287.37,287.38,0.0693,0.1381
2025-07-25T08:16:49.653963,gateio,287.42,287.43,18.0,94.0
2025-07-25T08:16:49.659229,bitget,287.49,287.5,2.1,2.9
2025-07-25T08:16:49.665522,gateio,287.42,287.43,36.0,94.0
2025-07-25T08:16:49.704892,gateio,287.42,287.45,36.0,606.0
2025-07-25T08:16:49.714912,gateio,287.42,287.44,36.0,101.0
2025-07-25T08:16:49.716769,huobi,287.247,287.5177,0.486,0.486
2025-07-25T08:16:49.731421,bybit,287.35,287.36,13.13,0.02
2025-07-25T08:16:49.776655,digifinex,287.27,287.3,159.0,83.0
2025-07-25T08:16:49.782538,ascendex,286.9,287.64,41.8,4.1
2025-07-25T08:16:49.805013,gateio,287.42,287.44,18.0,101.0
2025-07-25T08:16:49.807074,bitget,287.49,287.52,3.1,2.9
2025-07-25T08:16:49.813127,huobi,287.2758,287.5177,0.486,0.486
2025-07-25T08:16:49.831702,bybit,287.35,0.0,10.59,0.0
2025-07-25T08:16:49.849889,okx,287.45,287.46,0.55842,0.01
2025-07-25T08:16:49.851341,gateio,287.36,287.44,214.0,101.0
2025-07-25T08:16:49.871150,gateio,287.37,287.44,20.0,101.0
2025-07-25T08:16:49.879041,bitmex,287.38,287.57,166.0,1.0
2025-07-25T08:16:49.881279,gateio,287.38,287.44,18.0,101.0
2025-07-25T08:16:49.882705,digifinex,287.27,287.33,159.0,51.0
2025-07-25T08:16:49.892737,gateio,287.39,287.44,18.0,101.0
2025-07-25T08:16:49.904941,gateio,287.4,287.44,18.0,101.0
2025-07-25T08:16:49.931995,bybit,287.35,287.36,7.11,1.95
2025-07-25T08:16:49.957492,bitget,287.49,287.5,5.2,0.5
2025-07-25T08:16:49.962372,bingx,287.39,287.41,0.0354,0.0861
2025-07-25T08:16:49.976887,digifinex,287.27,287.28,159.0,67.0
2025-07-25T08:16:50.031753,bybit,287.35,0.0,0.71,0.0
2025-07-25T08:16:50.059369,blofin,287.14,287.15,143.0,90.0
2025-07-25T08:16:50.101908,digifinex,287.27,287.28,159.0,63.0
2025-07-25T08:16:50.102641,binance,287.42,287.42,0.0,0.0
2025-07-25T08:16:50.104722,ascendex,0.0,287.68,0.0,48.0
2025-07-25T08:16:50.112404,bitget,287.49,287.5,4.0,0.8
2025-07-25T08:16:50.131826,bybit,287.35,287.36,1.24,1.61
2025-07-25T08:16:50.249216,bingx,287.42,287.43,0.1333,0.0383
2025-07-25T08:16:50.259623,bitget,287.49,287.5,3.0,0.5
2025-07-25T08:16:50.278629,lbank,287.44,287.51,9.216,8.8
2025-07-25T08:16:50.312912,huobi,287.3046,287.5177,0.486,0.486
2025-07-25T08:16:50.400880,gateio,287.4,287.44,18.0,240.0
2025-07-25T08:16:50.410908,huobi,287.3046,287.5177,0.486,0.486
2025-07-25T08:16:50.411939,bitget,287.49,287.5,4.0,0.5
2025-07-25T08:16:50.421551,ascendex,0.0,287.82,0.0,48.0
2025-07-25T08:16:50.431383,bybit,0.0,0.0,0.0,0.0
2025-07-25T08:16:50.436334,mexc,287.12,287.13,5076816.0,5076816.0
2025-07-25T08:16:50.447042,gateio,287.4,287.43,18.0,72.0
2025-07-25T08:16:50.508536,bitmart,287.24,287.25,73.0,96.0
2025-07-25T08:16:50.511770,gateio,287.4,287.44,18.0,139.0
2025-07-25T08:16:50.531827,bybit,287.35,287.36,9.86,0.02
2025-07-25T08:16:50.550598,blofin,287.14,287.15,143.0,90.0
2025-07-25T08:16:50.558208,bitget,287.49,287.5,3.0,0.5
2025-07-25T08:16:50.572989,gateio,287.4,287.43,18.0,101.0
2025-07-25T08:16:50.588630,lbank,287.44,287.51,9.216,8.8
2025-07-25T08:16:50.593330,gateio,287.41,287.44,18.0,139.0
2025-07-25T08:16:50.614455,gateio,287.43,287.44,27.0,139.0
2025-07-25T08:16:50.631354,bybit,287.35,0.0,3.1,0.0
2025-07-25T08:16:50.709873,bitget,287.49,287.5,3.2,0.5
2025-07-25T08:16:50.711066,huobi,287.3047,287.5177,2.3493,0.486
2025-07-25T08:16:50.731894,bybit,0.0,0.0,0.0,0.0
2025-07-25T08:16:50.743966,ascendex,284.88,287.64,0.0,0.0
2025-07-25T08:16:50.777598,gateio,287.35,287.44,325.0,139.0
2025-07-25T08:16:50.792891,gateio,287.36,287.44,20.0,139.0
2025-07-25T08:16:50.812364,huobi,287.3334,287.5177,0.486,0.486
2025-07-25T08:16:50.824940,gateio,287.37,287.44,119.0,139.0
2025-07-25T08:16:50.831606,bybit,287.35,0.0,10.13,0.0
2025-07-25T08:16:50.853941,gateio,287.39,287.44,36.0,139.0
2025-07-25T08:16:50.860320,bitget,287.49,287.5,1.5,0.5
2025-07-25T08:16:50.866693,gateio,287.4,287.45,38.0,583.0
2025-07-25T08:16:50.875882,gateio,287.41,287.45,18.0,583.0
2025-07-25T08:16:50.913957,okx,287.45,287.46,1.36842,0.01
2025-07-25T08:16:50.915559,huobi,287.3622,287.5177,0.486,0.486
2025-07-25T08:16:50.919501,gateio,287.42,287.45,18.0,583.0
2025-07-25T08:16:50.931452,bybit,287.37,287.38,10.22,0.05
2025-07-25T08:16:50.976742,digifinex,287.27,287.32,159.0,15.0
2025-07-25T08:16:51.009900,bitget,287.51,287.52,2.4,2.9
2025-07-25T08:16:51.014229,gateio,287.42,287.44,18.0,101.0
2025-07-25T08:16:51.031582,bybit,287.37,0.0,5.01,0.0
2025-07-25T08:16:51.041731,gateio,287.42,287.45,18.0,583.0
2025-07-25T08:16:51.055364,gateio,287.43,287.45,18.0,583.0
2025-07-25T08:16:51.059759,blofin,287.14,287.15,57.0,90.0
2025-07-25T08:16:51.061649,ascendex,0.0,288.47,0.0,0.0
2025-07-25T08:16:51.076377,digifinex,287.29,287.3,35.0,151.0
2025-07-25T08:16:51.090496,lbank,287.44,287.51,9.216,8.8
2025-07-25T08:16:51.092945,gateio,287.36,287.45,224.0,583.0
2025-07-25T08:16:51.101695,binance,287.42,287.42,0.0,0.0
2025-07-25T08:16:51.111256,gateio,287.38,287.45,20.0,583.0
2025-07-25T08:16:51.112716,huobi,287.391,287.5177,0.486,0.486
2025-07-25T08:16:51.133316,gateio,287.39,287.45,18.0,583.0
2025-07-25T08:16:51.153165,gateio,287.4,287.45,56.0,583.0
2025-07-25T08:16:51.154068,bingx,287.42,287.43,0.1333,0.0383
2025-07-25T08:16:51.159380,bitget,287.51,287.52,0.5,1.2
2025-07-25T08:16:51.172753,gateio,287.41,287.45,36.0,583.0
2025-07-25T08:16:51.176543,digifinex,287.29,287.31,35.0,1.0
2025-07-25T08:16:51.213392,huobi,287.3622,287.5177,0.486,0.486
2025-07-25T08:16:51.240637,bitmex,287.38,287.62,166.0,1.0
2025-07-25T08:16:51.278093,digifinex,287.3,287.33,82.0,51.0
2025-07-25T08:16:51.308288,bitget,287.51,287.52,0.9,1.2
2025-07-25T08:16:51.310662,huobi,287.3552,287.5177,0.486,0.486
2025-07-25T08:16:51.323077,gateio,287.41,287.45,36.0,5.0
2025-07-25T08:16:51.331506,bybit,0.0,0.0,0.0,0.0
2025-07-25T08:16:51.334925,gateio,287.42,287.45,18.0,5.0
2025-07-25T08:16:51.369284,gateio,287.36,287.45,117.0,174.0
2025-07-25T08:16:51.376468,digifinex,287.3,287.31,82.0,122.0
2025-07-25T08:16:51.382992,gateio,287.36,287.44,10.0,236.0
2025-07-25T08:16:51.386107,ascendex,286.54,0.0,15.4,0.0
2025-07-25T08:16:51.394818,gateio,287.37,287.43,18.0,101.0
2025-07-25T08:16:51.404926,gateio,287.37,287.42,18.0,101.0
2025-07-25T08:16:51.416159,huobi,287.3046,287.5177,0.486,0.486
2025-07-25T08:16:51.431331,bybit,287.35,287.36,0.2,8.5
2025-07-25T08:16:51.444910,gateio,287.32,287.42,10.0,101.0
2025-07-25T08:16:51.454018,bingx,287.42,287.43,0.1333,0.0383
2025-07-25T08:16:51.454905,gateio,287.33,287.42,20.0,101.0
2025-07-25T08:16:51.460109,bitget,287.48,287.52,25.8,1.9
2025-07-25T08:16:51.476899,digifinex,287.28,287.31,11.0,122.0
2025-07-25T08:16:51.494568,gateio,287.33,287.4,20.0,101.0
2025-07-25T08:16:51.513396,huobi,287.384,287.5177,0.486,0.486
2025-07-25T08:16:51.522380,okx,287.45,287.46,0.21548,0.82
2025-07-25T08:16:51.558337,blofin,287.17,287.19,200.0,36.0
2025-07-25T08:16:51.575906,digifinex,287.24,287.28,131.0,10.0
2025-07-25T08:16:51.593007,bitmart,287.27,287.3,19.0,77.0
2025-07-25T08:16:51.593058,lbank,287.44,287.51,9.216,8.8
2025-07-25T08:16:51.611748,bitget,287.46,287.49,9.0,3.8
2025-07-25T08:16:51.613658,huobi,287.384,287.5177,0.486,0.486
2025-07-25T08:16:51.656641,okx,287.42,287.46,0.34294,0.01
2025-07-25T08:16:51.695177,digifinex,287.24,287.27,131.0,17.0
2025-07-25T08:16:51.705005,ascendex,286.54,0.0,0.0,0.0
2025-07-25T08:16:51.713098,huobi,287.3334,287.5177,0.486,0.486
2025-07-25T08:16:51.759774,bitget,287.45,287.47,26.5,2.7
2025-07-25T08:16:51.777964,okx,287.42,287.44,0.34294,0.3
2025-07-25T08:16:51.894107,okx,287.42,287.44,0.34294,1.11
2025-07-25T08:16:51.908209,bitget,287.46,287.47,0.8,2.7
2025-07-25T08:16:51.910897,huobi,287.3334,287.5177,0.486,0.486
2025-07-25T08:16:51.932551,bybit,287.35,0.0,0.3,0.0
2025-07-25T08:16:52.056110,bingx,287.42,287.43,0.1333,0.0383
2025-07-25T08:16:52.057933,blofin,287.17,287.19,200.0,36.0
2025-07-25T08:16:52.061697,bitget,287.46,287.47,0.8,2.7
2025-07-25T08:16:52.062909,gateio,287.33,287.41,20.0,68.0
2025-07-25T08:16:52.072845,gateio,287.34,287.41,36.0,139.0
2025-07-25T08:16:52.092884,gateio,287.35,287.41,56.0,139.0
2025-07-25T08:16:52.094275,lbank,287.43,287.44,6.447,0.252
2025-07-25T08:16:52.103323,binance,287.42,287.42,0.0,0.0
2025-07-25T08:16:52.104162,okx,287.42,287.44,1.15294,0.3
2025-07-25T08:16:52.106934,gateio,287.36,287.41,36.0,139.0
2025-07-25T08:16:52.116894,gateio,287.37,287.41,56.0,139.0
2025-07-25T08:16:52.131641,bybit,0.0,287.36,0.0,1.93
2025-07-25T08:16:52.132893,gateio,287.37,287.43,56.0,98.0
2025-07-25T08:16:52.145081,gateio,287.38,287.43,18.0,237.0
2025-07-25T08:16:52.156812,gateio,287.38,287.42,18.0,71.0
2025-07-25T08:16:52.183326,digifinex,287.26,287.27,146.0,17.0
2025-07-25T08:16:52.201508,okx,287.43,287.46,0.34294,0.01
2025-07-25T08:16:52.210204,bitget,287.46,287.47,2.3,0.5
2025-07-25T08:16:52.313289,gateio,287.38,287.42,18.0,98.0
2025-07-25T08:16:52.321762,ascendex,286.0,288.42,0.0,0.0
2025-07-25T08:16:52.331837,bybit,287.35,0.0,9.26,0.0
2025-07-25T08:16:52.334926,gateio,287.39,287.41,20.0,98.0
2025-07-25T08:16:52.344757,gateio,287.42,287.43,54.0,139.0
2025-07-25T08:16:52.355141,gateio,287.42,287.45,54.0,5.0
2025-07-25T08:16:52.361582,bitget,287.46,287.47,2.3,0.5
2025-07-25T08:16:52.368632,gateio,287.44,287.45,18.0,5.0
2025-07-25T08:16:52.417893,huobi,287.3622,287.5177,0.486,0.486
2025-07-25T08:16:52.417931,okx,287.45,287.46,1.15294,0.01
2025-07-25T08:16:52.432163,bybit,287.37,287.38,12.1,0.05
2025-07-25T08:16:52.442996,gateio,287.44,287.45,36.0,5.0
2025-07-25T08:16:52.482386,digifinex,287.26,287.28,146.0,10.0
2025-07-25T08:16:52.508966,bitget,287.51,287.52,3.7,0.5
2025-07-25T08:16:52.509127,gateio,287.44,287.45,18.0,5.0
2025-07-25T08:16:52.528378,bitmex,287.38,287.61,166.0,1.0
2025-07-25T08:16:52.531607,bybit,287.37,0.0,12.3,0.0
2025-07-25T08:16:52.548935,okx,287.45,287.46,1.35294,0.01
2025-07-25T08:16:52.551124,bitmart,287.26,287.32,31.0,84.0
2025-07-25T08:16:52.563008,blofin,287.14,287.16,5.0,62.0
2025-07-25T08:16:52.579919,digifinex,287.32,287.33,182.0,51.0
2025-07-25T08:16:52.601658,lbank,287.44,287.51,16.16,25.584
2025-07-25T08:16:52.631054,huobi,287.391,287.5698,0.486,0.486
2025-07-25T08:16:52.631421,bybit,287.37,0.0,11.94,0.0
2025-07-25T08:16:52.636829,ascendex,286.92,287.82,41.8,0.0
2025-07-25T08:16:52.659882,bingx,287.42,287.43,0.1333,0.0383
2025-07-25T08:16:52.660641,bitget,287.51,287.52,2.6,0.5
2025-07-25T08:16:52.675608,digifinex,287.32,287.33,166.0,51.0
2025-07-25T08:16:52.722274,huobi,287.4892,287.5698,0.486,0.486
2025-07-25T08:16:52.731525,bybit,287.37,0.0,12.4,0.0
2025-07-25T08:16:52.746851,gateio,287.44,287.45,36.0,5.0
2025-07-25T08:16:52.760966,lbank,287.47,287.51,0.06,25.584
2025-07-25T08:16:52.798598,mexc,287.3,287.31,5076820.0,5076820.0
2025-07-25T08:16:52.798905,lbank,287.44,287.51,16.16,25.584
2025-07-25T08:16:52.809712,bitget,287.52,287.56,1.7,2.5
2025-07-25T08:16:52.810754,huobi,287.3622,287.5698,0.486,0.486
2025-07-25T08:16:52.832001,bybit,287.39,287.4,16.29,0.11
2025-07-25T08:16:52.912674,huobi,287.3623,287.5698,2.3493,0.486
2025-07-25T08:16:52.932009,bybit,0.0,287.4,0.0,0.09
2025-07-25T08:16:52.954100,ascendex,0.0,288.09,0.0,37.4
2025-07-25T08:16:52.957475,okx,287.5,287.51,0.34294,0.11
2025-07-25T08:16:52.959256,bitget,287.55,287.57,0.4,0.7
2025-07-25T08:16:52.961204,bingx,287.43,287.45,0.0699,0.0497
2025-07-25T08:16:53.013668,huobi,287.391,287.5698,0.486,0.486
2025-07-25T08:16:53.057324,blofin,287.16,287.19,45.0,29.0
2025-07-25T08:16:53.100135,lbank,287.47,287.53,11.342,4.789
2025-07-25T08:16:53.103281,binance,287.46,287.46,0.0,0.0
2025-07-25T08:16:53.115772,bitget,287.55,287.56,0.4,3.3
2025-07-25T08:16:53.135037,bybit,0.0,0.0,0.0,0.0
2025-07-25T08:16:53.142894,gateio,287.44,287.45,18.0,5.0
2025-07-25T08:16:53.232138,bybit,287.39,287.4,5.7,5.94
2025-07-25T08:16:53.237621,gateio,287.4,287.45,10.0,5.0
2025-07-25T08:16:53.258026,bingx,287.45,287.46,0.1386,0.0819
2025-07-25T08:16:53.260662,bitget,287.55,287.56,0.4,3.7
2025-07-25T08:16:53.299304,okx,287.46,287.5,0.01,0.81
2025-07-25T08:16:53.331524,bybit,287.39,0.0,0.91,0.0
2025-07-25T08:16:53.392847,digifinex,287.31,287.33,10.0,51.0
2025-07-25T08:16:53.407776,okx,287.46,287.5,0.01,0.81
2025-07-25T08:16:53.412493,bitget,287.51,287.56,0.5,3.7
2025-07-25T08:16:53.431369,bybit,0.0,0.0,0.0,0.0
2025-07-25T08:16:53.475838,digifinex,287.3,287.33,192.0,51.0
2025-07-25T08:16:53.476752,gateio,287.4,287.45,30.0,5.0
2025-07-25T08:16:53.494580,gateio,287.42,287.45,18.0,5.0
2025-07-25T08:16:53.501930,lbank,287.47,287.53,11.342,4.789
2025-07-25T08:16:53.514744,gateio,287.43,287.45,18.0,5.0
2025-07-25T08:16:53.526634,gateio,287.44,287.45,18.0,5.0
2025-07-25T08:16:53.531312,bybit,287.39,287.4,13.1,0.09
2025-07-25T08:16:53.544729,gateio,287.44,287.45,36.0,5.0
2025-07-25T08:16:53.555850,blofin,287.17,287.19,267.0,2.0
2025-07-25T08:16:53.560372,bitmart,287.32,287.33,18.0,124.0
2025-07-25T08:16:53.560711,bitget,287.51,287.56,3.9,2.4
2025-07-25T08:16:53.572019,ascendex,286.56,0.0,41.9,0.0
2025-07-25T08:16:53.612885,huobi,287.391,287.5698,0.486,0.486
2025-07-25T08:16:53.675070,okx,287.5,287.51,0.17152,0.41
2025-07-25T08:16:53.713410,huobi,287.4198,287.5698,0.486,0.486
2025-07-25T08:16:53.716514,bitget,287.53,287.56,0.4,2.9
2025-07-25T08:16:53.752913,gateio,287.4,287.45,10.0,5.0
2025-07-25T08:16:53.774870,gateio,287.41,287.45,20.0,5.0
2025-07-25T08:16:53.775989,digifinex,287.32,287.33,158.0,51.0
2025-07-25T08:16:53.829960,bitmex,287.38,287.67,166.0,1.0
2025-07-25T08:16:53.832177,bybit,287.39,0.0,11.92,0.0
2025-07-25T08:16:53.832802,gateio,287.43,287.45,18.0,5.0
2025-07-25T08:16:53.852956,gateio,287.44,287.45,18.0,5.0
2025-07-25T08:16:53.859668,bitget,287.54,287.55,0.5,0.6
2025-07-25T08:16:53.891303,okx,287.46,287.51,0.01,1.22
2025-07-25T08:16:53.892773,ascendex,286.01,0.0,0.0,0.0
2025-07-25T08:16:53.913585,gateio,287.4,287.45,10.0,5.0
2025-07-25T08:16:53.932857,gateio,287.41,287.45,20.0,5.0
2025-07-25T08:16:53.991680,okx,287.48,287.51,0.81,0.41
2025-07-25T08:16:53.995014,gateio,287.43,287.45,18.0,5.0
2025-07-25T08:16:54.004548,lbank,287.47,287.53,11.342,4.789
2025-07-25T08:16:54.011087,bitget,287.52,287.54,0.7,0.8
2025-07-25T08:16:54.076474,blofin,287.17,287.19,270.0,2.0
2025-07-25T08:16:54.088346,okx,287.49,287.51,0.34294,0.41
2025-07-25T08:16:54.102769,binance,287.46,287.46,0.0,0.0
2025-07-25T08:16:54.117110,huobi,287.4198,287.5698,0.486,0.486
2025-07-25T08:16:54.131209,bybit,287.39,0.0,6.14,0.0
2025-07-25T08:16:54.161243,bitget,287.53,287.54,0.4,2.7
2025-07-25T08:16:54.163574,bingx,287.45,287.46,0.1386,0.0819
2025-07-25T08:16:54.231735,bybit,287.39,0.0,5.8,0.0
2025-07-25T08:16:54.253001,gateio,287.44,287.45,20.0,5.0
2025-07-25T08:16:54.272720,gateio,287.4,287.45,10.0,5.0
2025-07-25T08:16:54.295154,gateio,287.42,287.45,18.0,5.0
2025-07-25T08:16:54.300394,okx,287.46,287.5,0.01,1.11
2025-07-25T08:16:54.310986,bitget,287.53,287.54,1.3,2.7
2025-07-25T08:16:54.314987,gateio,287.43,287.45,18.0,5.0
2025-07-25T08:16:54.331393,bybit,287.4,287.41,1.53,1.94
2025-07-25T08:16:54.334810,gateio,287.44,287.45,18.0,5.0
2025-07-25T08:16:54.353021,gateio,287.4,287.45,30.0,5.0
2025-07-25T08:16:54.431145,bybit,287.4,0.0,0.71,0.0
2025-07-25T08:16:54.454837,okx,287.46,287.5,0.01,0.3
2025-07-25T08:16:54.461853,bitget,287.53,287.54,1.3,2.4
2025-07-25T08:16:54.464897,bingx,287.45,287.46,0.1386,0.0819
2025-07-25T08:16:54.505312,lbank,287.47,287.53,11.342,4.789
2025-07-25T08:16:54.508099,bitmart,287.32,287.33,29.0,28.0
2025-07-25T08:16:54.549449,blofin,287.17,287.19,270.0,2.0
2025-07-25T08:16:54.587233,okx,287.49,287.5,0.34294,0.3
2025-07-25T08:16:54.587296,digifinex,287.3,287.33,192.0,51.0
2025-07-25T08:16:54.610628,huobi,287.4948,287.5698,2.6838,0.486
2025-07-25T08:16:54.615076,bitget,287.53,287.54,0.9,2.4
2025-07-25T08:16:54.631487,bybit,0.0,287.41,0.0,2.75
2025-07-25T08:16:54.711261,huobi,287.4198,287.5698,0.486,0.486
2025-07-25T08:16:54.731497,bybit,287.4,287.41,0.91,1.94
2025-07-25T08:16:54.912952,bitget,287.53,287.54,1.3,2.4
2025-07-25T08:16:54.931716,bybit,287.4,287.41,1.35,0.01
2025-07-25T08:16:55.008608,lbank,287.47,287.53,11.342,4.789
2025-07-25T08:16:55.061943,blofin,287.17,287.19,184.0,18.0
2025-07-25T08:16:55.062682,bitget,287.53,287.54,1.5,0.5
2025-07-25T08:16:55.067559,bingx,287.45,287.46,0.1386,0.0819
2025-07-25T08:16:55.075651,digifinex,287.32,287.33,11.0,51.0
2025-07-25T08:16:55.131271,bybit,287.4,287.41,1.01,7.45
2025-07-25T08:16:55.191176,okx,287.46,287.5,0.82,0.3
2025-07-25T08:16:55.210402,bitget,287.53,287.54,0.6,1.4
2025-07-25T08:16:55.219829,mexc,287.3,287.31,5076820.0,5076820.0
2025-07-25T08:16:55.231707,bybit,0.0,0.0,0.0,0.0
2025-07-25T08:16:55.305300,okx,287.49,287.5,0.34294,0.3
2025-07-25T08:16:55.331266,bybit,0.0,287.41,0.0,0.01
2025-07-25T08:16:55.396072,okx,287.49,287.5,0.307574,0.3
2025-07-25T08:16:55.431626,bybit,287.4,0.0,1.35,0.0
2025-07-25T08:16:55.512938,bitget,287.53,287.54,1.5,0.5
2025-07-25T08:16:55.531222,bybit,287.4,0.0,7.2,0.0
2025-07-25T08:16:55.549023,okx,287.49,287.5,1.117574,0.3
2025-07-25T08:16:55.566378,blofin,287.17,287.19,72.0,9.0
2025-07-25T08:16:55.631425,bybit,287.4,0.0,1.35,0.0
2025-07-25T08:16:55.634543,bitmart,287.32,287.33,27.0,124.0
2025-07-25T08:16:55.660887,bitget,287.53,287.54,1.5,0.5
2025-07-25T08:16:55.670846,okx,287.49,287.5,0.307574,0.3
2025-07-25T08:16:55.709441,huobi,287.4198,287.5698,0.486,0.486
2025-07-25T08:16:55.762948,gateio,287.4,287.43,30.0,658.0
2025-07-25T08:16:55.774579,gateio,287.44,287.45,27.0,5.0
2025-07-25T08:16:55.782547,ascendex,0.0,289.1,0.0,21.5
2025-07-25T08:16:55.968052,bingx,287.45,287.46,0.1386,0.0819
2025-07-25T08:16:56.012091,lbank,287.47,287.53,11.342,4.789
2025-07-25T08:16:56.047416,okx,287.49,287.5,1.117574,0.3
2025-07-25T08:16:56.064577,blofin,287.17,287.19,72.0,11.0
2025-07-25T08:16:56.102314,binance,287.46,287.46,0.0,0.0
2025-07-25T08:16:56.196671,okx,287.49,287.5,0.307574,0.3
2025-07-25T08:16:56.262497,bitget,287.53,287.54,1.5,0.5
2025-07-25T08:16:56.293675,okx,287.49,287.5,0.34294,0.3
2025-07-25T08:16:56.332033,bybit,287.4,0.0,11.74,0.0
2025-07-25T08:16:56.338895,lbank,287.47,287.5,11.342,0.043
2025-07-25T08:16:56.395764,okx,287.49,287.5,1.15294,0.3
2025-07-25T08:16:56.411683,bitget,287.54,287.56,1.7,0.5
2025-07-25T08:16:56.415283,lbank,287.47,287.53,11.342,4.789
2025-07-25T08:16:56.420021,huobi,287.4486,287.5698,0.486,0.486
2025-07-25T08:16:56.479365,digifinex,287.32,287.36,11.0,140.0
2025-07-25T08:16:56.493031,bitmart,287.32,287.33,27.0,53.0
2025-07-25T08:16:56.511836,huobi,287.4486,287.6061,0.486,0.486
2025-07-25T08:16:56.514682,lbank,287.47,287.53,1.518,4.789
2025-07-25T08:16:56.550247,blofin,287.18,287.19,188.0,4.0
2025-07-25T08:16:56.561165,bitget,287.55,287.56,4.5,0.5
2025-07-25T08:16:56.576878,digifinex,287.34,287.35,19.0,105.0
2025-07-25T08:16:56.631038,bybit,287.4,0.0,11.39,0.0
2025-07-25T08:16:56.647168,okx,287.49,287.5,0.34294,0.3
2025-07-25T08:16:56.711061,huobi,287.4486,287.6061,0.486,0.486
2025-07-25T08:16:56.711431,bitget,287.55,287.57,2.1,0.7
2025-07-25T08:16:56.731449,bybit,0.0,0.0,0.0,0.0
2025-07-25T08:16:56.733242,ascendex,0.0,288.39,0.0,44.5
2025-07-25T08:16:56.751776,okx,287.49,287.5,1.15294,0.3
2025-07-25T08:16:56.861882,bitget,287.56,287.57,0.8,1.2
2025-07-25T08:16:56.874293,bingx,287.48,287.5,0.0776,0.0446
2025-07-25T08:16:56.893514,okx,287.51,287.52,0.34294,0.01
2025-07-25T08:16:56.931616,bybit,287.43,287.44,8.83,0.07
2025-07-25T08:16:56.975058,digifinex,287.34,287.35,8.0,105.0
2025-07-25T08:16:56.992320,okx,287.53,287.55,0.17152,0.015
2025-07-25T08:16:57.013291,bitget,287.56,287.57,1.3,1.2
2025-07-25T08:16:57.016453,lbank,287.47,287.53,1.518,4.789
2025-07-25T08:16:57.031965,bybit,287.43,287.44,8.24,0.05
2025-07-25T08:16:57.056177,blofin,287.18,287.19,188.0,4.0
2025-07-25T08:16:57.076417,digifinex,287.34,287.35,8.0,105.0
2025-07-25T08:16:57.102025,binance,287.48,287.48,0.0,0.0
2025-07-25T08:16:57.163723,bitget,287.56,287.57,2.3,1.2
2025-07-25T08:16:57.208481,gateio,287.5,287.51,27.0,10.0
2025-07-25T08:16:57.216400,lbank,287.51,287.53,0.014,4.789
2025-07-25T08:16:57.216945,lbank,287.47,287.53,1.518,4.789
2025-07-25T08:16:57.232021,bybit,287.48,287.49,4.49,2.15
2025-07-25T08:16:57.240614,gateio,287.5,287.51,37.0,10.0
2025-07-25T08:16:57.317414,huobi,287.4774,287.6508,0.486,0.486
2025-07-25T08:16:57.319063,bitget,287.59,287.64,13.3,0.7
2025-07-25T08:16:57.320112,gateio,287.5,287.51,47.0,10.0
2025-07-25T08:16:57.331517,bybit,287.48,0.0,6.3,0.0
2025-07-25T08:16:57.347130,okx,287.57,287.58,1.15294,0.01
2025-07-25T08:16:57.363694,ascendex,0.0,287.7,0.0,0.0
2025-07-25T08:16:57.387936,digifinex,287.34,287.38,8.0,61.0
2025-07-25T08:16:57.415521,huobi,287.5062,287.6946,0.486,0.486
2025-07-25T08:16:57.431448,bybit,287.48,0.0,6.99,0.0
2025-07-25T08:16:57.448679,gateio,287.51,287.56,20.0,63.0
2025-07-25T08:16:57.461368,gateio,287.55,287.56,18.0,63.0
2025-07-25T08:16:57.462533,bitget,287.64,287.66,1.0,0.5
2025-07-25T08:16:57.475657,bingx,287.48,287.5,0.0776,0.0446
2025-07-25T08:16:57.477176,digifinex,287.41,287.45,144.0,111.0
2025-07-25T08:16:57.501110,gateio,287.5,287.56,20.0,63.0
2025-07-25T08:16:57.513331,gateio,287.51,287.56,20.0,63.0
2025-07-25T08:16:57.519073,lbank,287.56,287.57,10.657,7.393
2025-07-25T08:16:57.528852,gateio,287.52,287.56,18.0,63.0
2025-07-25T08:16:57.532151,bybit,287.48,0.0,5.6,0.0
2025-07-25T08:16:57.558436,blofin,287.2,287.21,239.0,49.0
2025-07-25T08:16:57.558972,gateio,287.53,287.56,18.0,63.0
2025-07-25T08:16:57.588128,bitmex,287.38,287.76,166.0,1.0
2025-07-25T08:16:57.590351,okx,287.57,287.58,0.34294,0.01
2025-07-25T08:16:57.608572,bitmart,287.34,287.46,32.0,25.0
2025-07-25T08:16:57.612380,huobi,287.5062,287.6946,0.486,0.486
2025-07-25T08:16:57.613579,bitget,287.64,287.65,1.0,0.7
2025-07-25T08:16:57.631391,bybit,287.48,0.0,5.25,0.0
2025-07-25T08:16:57.657489,mexc,287.3,287.31,5076820.0,5076820.0
2025-07-25T08:16:57.660427,gateio,287.44,287.55,263.0,166.0
2025-07-25T08:16:57.678762,gateio,287.46,287.54,18.0,166.0
2025-07-25T08:16:57.679313,ascendex,0.0,287.68,0.0,0.0
2025-07-25T08:16:57.679448,digifinex,287.45,287.46,199.0,192.0
2025-07-25T08:16:57.692662,okx,287.57,287.58,1.15294,0.01
2025-07-25T08:16:57.708347,gateio,287.45,287.54,20.0,98.0
2025-07-25T08:16:57.720202,huobi,287.4486,287.6658,0.486,0.486
2025-07-25T08:16:57.731965,bybit,287.48,287.49,0.44,3.73
2025-07-25T08:16:57.762949,bitget,287.6,287.65,0.5,1.2
2025-07-25T08:16:57.778210,bingx,287.56,287.58,0.0897,0.0031
2025-07-25T08:16:57.786606,digifinex,287.4,287.44,82.0,28.0
2025-07-25T08:16:57.816028,huobi,287.4774,287.6082,0.486,0.486
2025-07-25T08:16:57.817406,okx,287.54,287.58,0.098681,0.82
2025-07-25T08:16:57.831551,bybit,287.48,0.0,0.64,0.0
2025-07-25T08:16:57.876570,digifinex,287.38,287.42,59.0,16.0
2025-07-25T08:16:57.912258,bitget,287.6,287.61,0.9,0.5
2025-07-25T08:16:57.931703,bybit,0.0,0.0,0.0,0.0
2025-07-25T08:16:57.957657,okx,287.57,287.58,0.34294,0.01
2025-07-25T08:16:57.981827,ascendex,287.04,287.78,5.7,52.1
2025-07-25T08:16:58.020431,lbank,287.56,287.6,10.657,24.724
2025-07-25T08:16:58.031142,bybit,287.48,0.0,0.67,0.0
2025-07-25T08:16:58.064253,blofin,287.25,287.28,73.0,45.0
2025-07-25T08:16:58.064312,bitget,287.6,287.61,0.5,0.9
2025-07-25T08:16:58.076075,digifinex,287.38,287.42,59.0,16.0
2025-07-25T08:16:58.088589,okx,287.54,287.58,0.098681,0.81
2025-07-25T08:16:58.102291,binance,287.57,287.57,0.0,0.0
2025-07-25T08:16:58.186275,okx,287.54,287.58,0.908681,0.646136
2025-07-25T08:16:58.192814,gateio,287.46,287.54,18.0,98.0
2025-07-25T08:16:58.206758,gateio,287.47,287.56,38.0,161.0
2025-07-25T08:16:58.213446,bitget,287.6,287.61,0.5,0.5
2025-07-25T08:16:58.231710,bybit,0.0,0.0,0.0,0.0
2025-07-25T08:16:58.233251,gateio,287.49,287.56,36.0,161.0
2025-07-25T08:16:58.292130,ascendex,286.8,288.34,0.0,0.0
2025-07-25T08:16:58.292477,gateio,287.5,287.55,20.0,98.0
2025-07-25T08:16:58.298030,okx,287.57,287.59,0.34294,0.820116
2025-07-25T08:16:58.314601,gateio,287.51,287.55,36.0,98.0
2025-07-25T08:16:58.368849,bitget,287.6,287.61,0.9,0.5
2025-07-25T08:16:58.448145,okx,287.57,287.58,0.34294,0.3
2025-07-25T08:16:58.512933,bitget,287.6,287.61,0.9,0.5
2025-07-25T08:16:58.516820,gateio,287.51,287.55,18.0,98.0
2025-07-25T08:16:58.525645,lbank,287.56,287.62,10.657,3.436
2025-07-25T08:16:58.531773,bybit,287.48,287.49,0.47,3.9
2025-07-25T08:16:58.557188,gateio,287.49,287.55,10.0,98.0
2025-07-25T08:16:58.566439,blofin,287.26,287.28,53.0,108.0
2025-07-25T08:16:58.572648,gateio,287.49,287.55,30.0,98.0
2025-07-25T08:16:58.587960,okx,287.55,287.58,0.14773,0.3
2025-07-25T08:16:58.605839,bitmart,287.41,287.42,2.0,44.0
2025-07-25T08:16:58.611156,huobi,287.4774,287.5429,0.486,2.4961
2025-07-25T08:16:58.663897,bitget,287.6,287.61,0.9,0.5
2025-07-25T08:16:58.674279,bingx,287.56,287.58,0.0897,0.0031
2025-07-25T08:16:58.712172,huobi,287.5062,287.6082,0.486,0.486
2025-07-25T08:16:58.749700,okx,287.56,287.58,0.34294,0.3
2025-07-25T08:16:58.765056,gateio,287.49,287.52,30.0,632.0
2025-07-25T08:16:58.776532,gateio,287.49,287.55,20.0,98.0
2025-07-25T08:16:58.811078,huobi,287.4486,287.6082,0.486,0.486
2025-07-25T08:16:58.812231,bitget,287.6,287.61,0.9,0.5
2025-07-25T08:16:58.914276,huobi,287.4774,287.6082,0.486,0.486
2025-07-25T08:16:58.967002,gateio,287.49,287.54,20.0,67.0
2025-07-25T08:16:58.986525,lbank,287.58,287.62,1.029,3.436
2025-07-25T08:16:58.986754,gateio,287.49,287.55,20.0,98.0
2025-07-25T08:16:58.987733,okx,287.56,287.58,0.34294,1.11
2025-07-25T08:16:58.996061,ascendex,0.0,298.25,0.0,49.9
2025-07-25T08:16:59.011026,huobi,287.4774,287.6081,0.486,0.2579
2025-07-25T08:16:59.023909,lbank,287.56,287.59,10.657,16.083
2025-07-25T08:16:59.031864,bybit,287.48,0.0,0.67,0.0
2025-07-25T08:16:59.058814,blofin,287.26,287.28,53.0,108.0
2025-07-25T08:16:59.090383,okx,287.53,287.58,0.825,1.11
2025-07-25T08:16:59.102832,binance,287.56,287.56,0.0,0.0
2025-07-25T08:16:59.110391,huobi,287.4775,287.5794,2.3493,0.486
2025-07-25T08:16:59.113931,bitget,287.6,287.61,0.9,1.1
2025-07-25T08:16:59.131242,bybit,0.0,0.0,0.0,0.0
2025-07-25T08:16:59.160640,gateio,287.45,287.53,117.0,98.0
2025-07-25T08:16:59.172639,gateio,287.42,287.52,107.0,91.0
2025-07-25T08:16:59.176758,digifinex,287.38,287.42,59.0,16.0
2025-07-25T08:16:59.182612,gateio,287.43,287.51,56.0,68.0
2025-07-25T08:16:59.192597,gateio,287.44,287.5,36.0,98.0
2025-07-25T08:16:59.205096,gateio,287.44,287.5,18.0,98.0
2025-07-25T08:16:59.216166,huobi,287.4486,287.6082,0.486,0.486
2025-07-25T08:16:59.223762,okx,287.52,287.58,0.01,1.411073
2025-07-25T08:16:59.231825,bybit,287.44,287.45,0.02,7.74
2025-07-25T08:16:59.264250,bitget,287.57,287.61,10.1,1.9
2025-07-25T08:16:59.285551,digifinex,287.37,287.42,108.0,16.0
2025-07-25T08:16:59.294592,gateio,287.42,287.5,20.0,98.0
2025-07-25T08:16:59.312277,huobi,287.4774,287.6082,0.486,0.486
2025-07-25T08:16:59.331975,bybit,0.0,287.45,0.0,7.91
2025-07-25T08:16:59.359008,okx,287.52,287.56,0.01,1.56248
2025-07-25T08:16:59.382534,digifinex,287.34,287.39,54.0,28.0
2025-07-25T08:16:59.415096,bitget,287.56,287.58,0.7,3.8
2025-07-25T08:16:59.527108,lbank,287.55,287.62,4.127,4.139
2025-07-25T08:16:59.532000,bybit,287.44,287.45,0.36,1.75
2025-07-25T08:16:59.532633,blofin,287.26,287.28,53.0,108.0
2025-07-25T08:16:59.552485,ascendex,0.0,289.7,0.0,7.8
2025-07-25T08:16:59.552880,gateio,287.43,287.52,18.0,98.0
2025-07-25T08:16:59.557274,bitmart,287.38,287.41,1.0,96.0
2025-07-25T08:16:59.562559,bitget,287.56,287.57,0.7,0.3
2025-07-25T08:16:59.572637,gateio,287.44,287.53,56.0,329.0
2025-07-25T08:16:59.583356,bingx,287.54,287.55,0.0561,0.0031
2025-07-25T08:16:59.588351,digifinex,287.38,287.39,10.0,28.0
2025-07-25T08:16:59.592953,gateio,287.45,287.52,36.0,99.0
2025-07-25T08:16:59.606976,gateio,287.46,287.52,56.0,99.0
2025-07-25T08:16:59.628601,gateio,287.47,287.52,36.0,99.0
