timestamp,exchange,bid,ask,bid_vol,ask_vol
2025-07-25T08:16:26.144127,bybit,0.5615,0.5618,72.8,91.0
2025-07-25T08:16:26.144149,bybit,0.5614,0.5617,72.8,91.0
2025-07-25T08:16:26.564001,digifinex,0.561,0.562,20.0,493.0
2025-07-25T08:16:26.614326,bybit,0.5613,0.5615,122.8,91.0
2025-07-25T08:16:26.681574,bitget,0.5611,0.562,112.07,111.05
2025-07-25T08:16:26.684943,okx,0.5611,0.5614,27.6466,338.9896
2025-07-25T08:16:26.685897,okx,0.5608,0.5614,77.6466,338.9896
2025-07-25T08:16:26.788622,bitget,0.5612,0.5619,112.07,236.77
2025-07-25T08:16:26.934773,bitget,0.5611,0.5618,112.07,112.07
2025-07-25T08:16:27.094601,bitget,0.561,0.5618,112.07,112.07
2025-07-25T08:16:27.234289,bitget,0.561,0.5618,112.07,112.07
2025-07-25T08:16:27.320570,bingx,0.56,0.563,7158.758,576.269
2025-07-25T08:16:27.446642,binance,0.561,0.561,0.0,0.0
2025-07-25T08:16:27.875608,digifinex,0.561,0.562,20.0,490.0
2025-07-25T08:16:27.974142,bingx,0.56,0.563,7158.758,576.269
2025-07-25T08:16:27.976489,digifinex,0.561,0.562,20.0,500.0
2025-07-25T08:16:27.986585,bitget,0.561,0.5618,112.07,112.07
2025-07-25T08:16:28.014198,lbank,0.561,0.563,9077.9,4051.8
2025-07-25T08:16:28.014492,lbank,0.561,0.563,9077.9,4051.8
2025-07-25T08:16:28.286290,bitmart,0.5597,0.5623,8783.0,3483.0
2025-07-25T08:16:28.314142,bybit,0.5613,0.0,72.8,0.0
2025-07-25T08:16:28.448075,gateio,0.5606,0.5618,5351.0,9548.0
2025-07-25T08:16:28.594597,blofin,0.5612,0.5614,27.0,2.0
2025-07-25T08:16:28.594751,blofin,0.5612,0.5614,5.0,1.0
2025-07-25T08:16:28.596737,blofin,0.561,0.5614,53.0,1.0
2025-07-25T08:16:28.597190,blofin,0.561,0.5614,52.0,1.0
2025-07-25T08:16:28.735399,bitget,0.561,0.5618,112.07,112.07
2025-07-25T08:16:28.876538,bingx,0.56,0.563,7158.758,576.269
2025-07-25T08:16:28.980596,mexc,0.5611,0.5612,9349012.0,9349012.0
2025-07-25T08:16:29.077776,blofin,0.561,0.5614,55.0,1.0
2025-07-25T08:16:29.154172,okx,0.5608,0.5614,79.1641,338.9896
2025-07-25T08:16:29.168589,lbank,0.561,0.563,9077.9,4051.8
2025-07-25T08:16:29.214761,bybit,0.0,0.0,0.0,0.0
2025-07-25T08:16:29.311450,bitmart,0.5597,0.5623,8783.0,3303.0
2025-07-25T08:16:29.339381,bitget,0.561,0.5618,112.07,112.07
2025-07-25T08:16:29.553082,blofin,0.561,0.5614,52.0,1.0
2025-07-25T08:16:29.560056,okx,0.5608,0.5614,80.6816,338.9896
2025-07-25T08:16:29.614056,bybit,0.5614,0.0,2.2,0.0
2025-07-25T08:16:29.637383,bitget,0.561,0.5618,112.07,112.07
2025-07-25T08:16:29.675055,lbank,0.561,0.563,9077.9,4051.8
2025-07-25T08:16:29.701189,gateio,0.5606,0.5618,10702.0,9548.0
2025-07-25T08:16:29.714308,bybit,0.5614,0.5617,46.3,72.5
2025-07-25T08:16:29.762948,gateio,0.5606,0.5618,16053.0,9548.0
2025-07-25T08:16:29.786073,bingx,0.56,0.563,7158.758,576.269
2025-07-25T08:16:29.786666,bitget,0.561,0.5618,112.07,112.07
2025-07-25T08:16:29.940701,bitget,0.561,0.5618,112.07,112.07
2025-07-25T08:16:30.058775,okx,0.5608,0.5614,112.618,338.9896
2025-07-25T08:16:30.059741,blofin,0.561,0.5614,52.0,1.0
2025-07-25T08:16:30.089337,bitget,0.561,0.5619,112.07,112.07
2025-07-25T08:16:30.236450,bitget,0.561,0.5619,112.07,112.07
2025-07-25T08:16:30.250952,bitmart,0.5597,0.5626,8783.0,143790.0
2025-07-25T08:16:30.313492,gateio,0.5606,0.5618,16063.0,9548.0
2025-07-25T08:16:30.446493,binance,0.561,0.561,0.0,0.0
2025-07-25T08:16:30.450852,gateio,0.5606,0.5618,16053.0,9548.0
2025-07-25T08:16:30.532248,blofin,0.5612,0.5614,45.0,1.0
2025-07-25T08:16:30.537017,bitget,0.561,0.5619,112.07,112.07
2025-07-25T08:16:30.614047,bybit,0.5616,0.5619,89.2,72.8
2025-07-25T08:16:30.661548,okx,0.561,0.5614,31.8969,338.9896
2025-07-25T08:16:30.668249,lbank,0.561,0.563,9077.9,4051.8
2025-07-25T08:16:30.682289,bingx,0.56,0.563,7158.758,576.269
2025-07-25T08:16:30.688156,bitget,0.561,0.5619,112.07,112.07
2025-07-25T08:16:30.800771,okx,0.561,0.5614,33.4144,338.9896
2025-07-25T08:16:30.843225,bitget,0.561,0.5619,112.07,112.07
2025-07-25T08:16:30.912987,okx,0.561,0.5614,33.4144,338.9896
2025-07-25T08:16:30.996743,bitget,0.561,0.562,112.07,111.05
2025-07-25T08:16:31.005010,gateio,0.5606,0.5618,16161.0,9548.0
2025-07-25T08:16:31.024776,gateio,0.5606,0.5618,16053.0,9548.0
2025-07-25T08:16:31.063989,blofin,0.5612,0.5614,1.0,1.0
2025-07-25T08:16:31.138055,bitget,0.561,0.562,112.07,111.05
2025-07-25T08:16:31.155831,okx,0.561,0.5614,31.8969,338.9896
2025-07-25T08:16:31.165771,lbank,0.561,0.563,9077.9,4051.8
2025-07-25T08:16:31.220866,gateio,0.5606,0.5618,16215.0,9548.0
2025-07-25T08:16:31.238240,bitmart,0.5599,0.5626,3402.0,3032.0
2025-07-25T08:16:31.288461,bitget,0.561,0.562,112.07,111.05
2025-07-25T08:16:31.386019,mexc,0.561,0.5612,9357930.0,9357930.0
2025-07-25T08:16:31.445354,bitget,0.561,0.562,112.07,111.05
2025-07-25T08:16:31.447102,binance,0.561,0.561,0.0,0.0
2025-07-25T08:16:31.537622,gateio,0.5606,0.5618,16377.0,9548.0
2025-07-25T08:16:31.545390,blofin,0.5611,0.5614,179.0,1.0
2025-07-25T08:16:31.589080,bingx,0.56,0.563,7158.758,576.269
2025-07-25T08:16:31.592371,bitget,0.561,0.562,112.07,111.05
2025-07-25T08:16:31.666375,lbank,0.561,0.563,9077.9,4051.8
2025-07-25T08:16:31.688502,okx,0.561,0.5614,33.4144,338.9896
2025-07-25T08:16:31.738950,bitget,0.561,0.562,207.96,111.05
2025-07-25T08:16:31.744918,gateio,0.5606,0.5618,16215.0,9548.0
2025-07-25T08:16:31.890362,bitget,0.5611,0.562,112.07,111.05
2025-07-25T08:16:31.894480,okx,0.561,0.5614,31.8969,338.9896
2025-07-25T08:16:31.914972,bybit,0.5614,0.5616,2.2,91.0
2025-07-25T08:16:31.920921,gateio,0.5606,0.5618,16107.0,9548.0
2025-07-25T08:16:31.951343,gateio,0.5606,0.5618,10810.0,9548.0
2025-07-25T08:16:31.986846,gateio,0.5606,0.5618,5459.0,9548.0
2025-07-25T08:16:32.016576,okx,0.5609,0.5614,50.0,338.9896
2025-07-25T08:16:32.038144,bitget,0.5611,0.562,112.07,1313.57
2025-07-25T08:16:32.075660,blofin,0.5611,0.5614,58.0,1.0
2025-07-25T08:16:32.168858,lbank,0.561,0.563,9077.9,4051.8
2025-07-25T08:16:32.187582,bitget,0.5611,0.5619,112.07,412.29
2025-07-25T08:16:32.246508,bitmart,0.5597,0.5623,13829.0,3725.0
2025-07-25T08:16:32.340563,bitget,0.561,0.5618,112.07,235.76
2025-07-25T08:16:32.447582,binance,0.561,0.561,0.0,0.0
2025-07-25T08:16:32.488493,bitget,0.561,0.5617,112.07,112.07
2025-07-25T08:16:32.490663,bingx,0.56,0.563,7158.758,576.269
2025-07-25T08:16:32.514877,bybit,0.0,0.5615,0.0,91.0
2025-07-25T08:16:32.552215,blofin,0.5611,0.5614,58.0,1.0
2025-07-25T08:16:32.603124,okx,0.5608,0.5614,50.0,338.9896
2025-07-25T08:16:32.644933,bitget,0.561,0.5618,112.07,240.5
2025-07-25T08:16:32.714290,bybit,0.561,0.5613,9.0,91.0
2025-07-25T08:16:32.790885,bitget,0.561,0.5617,112.07,299.39
2025-07-25T08:16:32.803473,gateio,0.5606,0.5617,5459.0,5340.0
2025-07-25T08:16:32.814901,okx,0.5607,0.5613,56.3745,33.6243
2025-07-25T08:16:32.814955,bybit,0.561,0.5612,81.8,91.0
2025-07-25T08:16:32.877304,gateio,0.5606,0.5617,10810.0,5340.0
2025-07-25T08:16:32.901043,gateio,0.5606,0.5617,10756.0,5340.0
2025-07-25T08:16:32.938454,bitget,0.561,0.5616,112.07,208.31
2025-07-25T08:16:32.959601,okx,0.5607,0.5613,27.6466,33.6243
2025-07-25T08:16:33.016407,bybit,0.561,0.5612,9.0,163.8
2025-07-25T08:16:33.075113,blofin,0.5611,0.5614,22.0,1.0
2025-07-25T08:16:33.090290,bitget,0.561,0.5615,112.07,112.07
2025-07-25T08:16:33.091774,bingx,0.56,0.562,294.479,4079.069
2025-07-25T08:16:33.096979,okx,0.5607,0.5612,27.6466,34.0729
2025-07-25T08:16:33.103316,gateio,0.5606,0.5617,10702.0,5340.0
2025-07-25T08:16:33.131367,gateio,0.5606,0.5617,5351.0,5340.0
2025-07-25T08:16:33.169047,lbank,0.56,0.561,392.6,3802.6
2025-07-25T08:16:33.203295,okx,0.5605,0.5611,50.0,34.0598
2025-07-25T08:16:33.238428,bitget,0.5609,0.5615,112.07,512.91
2025-07-25T08:16:33.241611,bitmart,0.5595,0.5621,1324.0,14854.0
2025-07-25T08:16:33.360978,okx,0.5604,0.5611,66.0,34.0598
2025-07-25T08:16:33.375577,digifinex,0.561,0.562,20.0,483.0
2025-07-25T08:16:33.392762,bitget,0.5609,0.5614,112.07,112.07
2025-07-25T08:16:33.393143,bingx,0.559,0.561,294.479,4079.069
2025-07-25T08:16:33.448399,binance,0.561,0.561,0.0,0.0
2025-07-25T08:16:33.483353,okx,0.5603,0.5607,100.2387,81.8494
2025-07-25T08:16:33.539273,bitget,0.5609,0.5614,112.07,112.07
2025-07-25T08:16:33.544221,blofin,0.5611,0.5614,4.0,1.0
2025-07-25T08:16:33.585563,digifinex,0.561,0.562,20.0,483.0
2025-07-25T08:16:33.694426,bitget,0.5607,0.5614,111.24,112.07
2025-07-25T08:16:33.702637,okx,0.5603,0.5607,34.2387,81.8494
2025-07-25T08:16:33.727097,gateio,0.5605,0.5617,969.0,5340.0
2025-07-25T08:16:33.781726,mexc,0.561,0.5612,9357930.0,9357930.0
2025-07-25T08:16:33.839324,bitget,0.5606,0.5614,112.77,256.27
2025-07-25T08:16:33.991409,bitget,0.5607,0.5613,112.07,112.07
2025-07-25T08:16:34.048949,blofin,0.5606,0.561,60.0,89.0
2025-07-25T08:16:34.140063,bitget,0.5605,0.5613,108.59,112.07
2025-07-25T08:16:34.168177,lbank,0.56,0.561,21078.1,3802.6
2025-07-25T08:16:34.245255,bitmart,0.5593,0.562,3530.0,5001.0
2025-07-25T08:16:34.295731,bingx,0.559,0.561,294.479,4079.069
2025-07-25T08:16:34.438921,bitget,0.5605,0.5613,108.59,112.07
2025-07-25T08:16:34.446676,binance,0.561,0.561,0.0,0.0
2025-07-25T08:16:34.553504,blofin,0.5606,0.561,60.0,89.0
2025-07-25T08:16:34.595876,bitget,0.5605,0.5613,108.59,112.07
2025-07-25T08:16:34.666574,lbank,0.56,0.561,21078.1,3802.6
2025-07-25T08:16:34.714364,bybit,0.5611,0.5614,89.2,123.8
2025-07-25T08:16:34.739420,bitget,0.5605,0.5613,108.59,112.07
2025-07-25T08:16:34.749319,okx,0.5603,0.5609,34.2387,34.6331
2025-07-25T08:16:34.773052,gateio,0.5605,0.5617,6321.0,5340.0
2025-07-25T08:16:34.815239,bybit,0.5612,0.0,89.2,0.0
2025-07-25T08:16:34.887630,okx,0.5605,0.5612,83.5322,34.0729
2025-07-25T08:16:34.891242,bitget,0.5605,0.5613,108.59,112.07
2025-07-25T08:16:35.049829,bitget,0.5605,0.5614,216.96,112.07
2025-07-25T08:16:35.082616,blofin,0.5606,0.561,61.0,129.0
2025-07-25T08:16:35.099621,gateio,0.5605,0.5617,969.0,5340.0
2025-07-25T08:16:35.114218,bybit,0.5613,0.0,2.9,0.0
2025-07-25T08:16:35.167433,lbank,0.56,0.561,392.6,3802.6
2025-07-25T08:16:35.194388,bitget,0.5606,0.5615,111.21,112.07
2025-07-25T08:16:35.200375,bingx,0.559,0.561,294.479,4079.069
2025-07-25T08:16:35.214143,bybit,0.0,0.0,0.0,0.0
2025-07-25T08:16:35.247972,bitmart,0.5595,0.562,3914.0,8815.0
2025-07-25T08:16:35.340995,bitget,0.5606,0.5615,111.21,112.07
2025-07-25T08:16:35.446314,binance,0.561,0.561,0.0,0.0
2025-07-25T08:16:35.489839,bitget,0.5606,0.5615,111.21,112.07
2025-07-25T08:16:35.534832,blofin,0.5607,0.561,151.0,2.0
2025-07-25T08:16:35.665592,lbank,0.56,0.561,392.6,3802.6
2025-07-25T08:16:35.792220,bitget,0.5606,0.5615,111.21,112.07
2025-07-25T08:16:35.940696,bitget,0.5606,0.5615,111.21,112.07
2025-07-25T08:16:36.061926,blofin,0.5607,0.5614,169.0,437.0
2025-07-25T08:16:36.090766,bitget,0.5606,0.5615,111.21,112.07
2025-07-25T08:16:36.098271,okx,0.5605,0.5612,99.5322,34.0729
2025-07-25T08:16:36.099422,bingx,0.559,0.561,294.479,4079.069
2025-07-25T08:16:36.184248,digifinex,0.561,0.562,20.0,449.0
2025-07-25T08:16:36.194620,mexc,0.5607,0.5608,9357930.0,9357930.0
2025-07-25T08:16:36.199044,okx,0.5605,0.5612,101.1169,34.0729
2025-07-25T08:16:36.242717,bitget,0.5606,0.5615,111.21,112.07
2025-07-25T08:16:36.256143,bitmart,0.5595,0.562,4297.0,6765.0
2025-07-25T08:16:36.390573,bitget,0.5606,0.5615,111.21,112.07
2025-07-25T08:16:36.447688,binance,0.561,0.561,0.0,0.0
2025-07-25T08:16:36.514626,bybit,0.5614,0.5616,89.2,72.8
2025-07-25T08:16:36.526851,gateio,0.5605,0.5617,6321.0,5340.0
2025-07-25T08:16:36.540592,bitget,0.5606,0.5615,111.21,112.07
2025-07-25T08:16:36.545104,blofin,0.5607,0.5614,169.0,437.0
2025-07-25T08:16:36.551166,gateio,0.5605,0.5622,6321.0,7225.0
2025-07-25T08:16:36.560286,okx,0.5606,0.5613,33.6746,33.6243
2025-07-25T08:16:36.563262,gateio,0.5605,0.5621,6321.0,5337.0
2025-07-25T08:16:36.579937,digifinex,0.561,0.562,20.0,449.0
2025-07-25T08:16:36.614044,bybit,0.5616,0.5618,89.2,72.9
2025-07-25T08:16:36.633077,gateio,0.5605,0.5621,11673.0,5337.0
2025-07-25T08:16:36.643212,gateio,0.5605,0.562,11673.0,206.0
2025-07-25T08:16:36.659203,gateio,0.5605,0.5621,11673.0,5337.0
2025-07-25T08:16:36.668401,okx,0.5608,0.5614,83.6746,420.0967
2025-07-25T08:16:36.676112,digifinex,0.561,0.562,20.0,449.0
2025-07-25T08:16:36.690161,bitget,0.5609,0.5616,490.8,112.07
2025-07-25T08:16:36.840168,bitget,0.561,0.5617,111.21,112.07
2025-07-25T08:16:36.876412,digifinex,0.561,0.562,20.0,500.0
2025-07-25T08:16:36.892805,okx,0.5608,0.5614,85.2593,420.0967
2025-07-25T08:16:36.994899,bitget,0.561,0.5618,258.45,112.07
2025-07-25T08:16:37.002156,okx,0.5609,0.5614,84.4069,420.0967
2025-07-25T08:16:37.002493,bingx,0.559,0.561,294.479,4079.069
2025-07-25T08:16:37.049284,gateio,0.5605,0.5621,17025.0,5337.0
2025-07-25T08:16:37.060848,blofin,0.5608,0.5614,196.0,619.0
2025-07-25T08:16:37.117270,gateio,0.5605,0.5621,17025.0,6227.0
2025-07-25T08:16:37.141741,bitget,0.5611,0.5618,111.21,111.21
2025-07-25T08:16:37.153629,okx,0.5609,0.5614,85.9916,420.0967
2025-07-25T08:16:37.169063,lbank,0.56,0.561,392.6,3802.6
2025-07-25T08:16:37.206974,gateio,0.5605,0.5621,17025.0,5337.0
2025-07-25T08:16:37.237431,gateio,0.5605,0.562,17025.0,206.0
2025-07-25T08:16:37.294565,bitget,0.5611,0.5619,111.21,112.07
2025-07-25T08:16:37.296773,bitmart,0.5599,0.5625,5896.0,526.0
2025-07-25T08:16:37.415058,bybit,0.5613,0.5616,116.4,91.0
2025-07-25T08:16:37.441721,gateio,0.5605,0.562,18023.0,206.0
2025-07-25T08:16:37.442389,bitget,0.5611,0.5619,111.21,166.24
2025-07-25T08:16:37.447299,binance,0.561,0.561,0.0,0.0
2025-07-25T08:16:37.468905,gateio,0.5605,0.5621,18023.0,5337.0
2025-07-25T08:16:37.481650,okx,0.5609,0.5614,51.5847,420.0967
2025-07-25T08:16:37.484853,gateio,0.5605,0.5621,19021.0,5337.0
2025-07-25T08:16:37.544349,blofin,0.561,0.5614,413.0,6.0
2025-07-25T08:16:37.591855,bitget,0.561,0.5618,111.21,111.21
2025-07-25T08:16:37.614141,bybit,0.0,0.0,0.0,0.0
2025-07-25T08:16:37.667096,lbank,0.56,0.561,392.6,3802.6
2025-07-25T08:16:37.737887,gateio,0.5605,0.562,19021.0,206.0
2025-07-25T08:16:37.741699,bitget,0.561,0.5618,111.21,232.62
2025-07-25T08:16:37.748998,gateio,0.5605,0.5621,19021.0,5337.0
2025-07-25T08:16:37.893474,bitget,0.561,0.5617,111.21,111.21
2025-07-25T08:16:37.906616,bingx,0.559,0.561,294.479,4079.069
2025-07-25T08:16:38.073252,blofin,0.561,0.5614,429.0,1.0
2025-07-25T08:16:38.167061,lbank,0.56,0.561,392.6,3802.6
2025-07-25T08:16:38.213944,bybit,0.0,0.0,0.0,0.0
2025-07-25T08:16:38.245159,bitmart,0.5598,0.5623,1702.0,2659.0
2025-07-25T08:16:38.347449,bitget,0.561,0.5617,111.21,111.21
2025-07-25T08:16:38.493052,bitget,0.561,0.5617,111.21,111.21
2025-07-25T08:16:38.563753,mexc,0.5611,0.5612,9357930.0,9357930.0
2025-07-25T08:16:38.565491,blofin,0.561,0.5614,429.0,1.0
2025-07-25T08:16:38.575884,digifinex,0.561,0.562,20.0,488.0
2025-07-25T08:16:38.641379,bitget,0.561,0.5617,111.21,111.21
2025-07-25T08:16:38.812443,bingx,0.559,0.561,294.479,4079.069
2025-07-25T08:16:39.045319,blofin,0.561,0.5617,432.0,489.0
2025-07-25T08:16:39.092282,bitget,0.561,0.5617,111.21,111.21
2025-07-25T08:16:39.247076,bitget,0.561,0.5617,111.21,111.21
2025-07-25T08:16:39.252904,bitmart,0.5598,0.5623,2260.0,3096.0
2025-07-25T08:16:39.339298,gateio,0.5605,0.562,13669.0,206.0
2025-07-25T08:16:39.355079,gateio,0.5605,0.5619,13669.0,5339.0
2025-07-25T08:16:39.358004,okx,0.5609,0.5614,50.0,420.0967
2025-07-25T08:16:39.364939,gateio,0.5605,0.5618,13669.0,2000.0
2025-07-25T08:16:39.376863,gateio,0.5605,0.5618,11673.0,2000.0
2025-07-25T08:16:39.392891,bitget,0.5609,0.5617,111.21,111.21
2025-07-25T08:16:39.394766,gateio,0.5605,0.5618,11727.0,2000.0
2025-07-25T08:16:39.414266,bybit,0.5613,0.0,2.9,0.0
2025-07-25T08:16:39.424954,gateio,0.5605,0.5618,11835.0,2000.0
2025-07-25T08:16:39.446389,binance,0.561,0.561,0.0,0.0
2025-07-25T08:16:39.540936,gateio,0.5605,0.5618,17187.0,2000.0
2025-07-25T08:16:39.544133,bitget,0.5609,0.5617,111.21,111.21
2025-07-25T08:16:39.559609,blofin,0.561,0.5617,394.0,537.0
2025-07-25T08:16:39.576096,okx,0.5609,0.5613,50.0,35.1007
2025-07-25T08:16:39.692050,bitget,0.5609,0.5617,111.21,235.91
2025-07-25T08:16:39.711453,bingx,0.559,0.561,294.479,4079.069
2025-07-25T08:16:39.714140,bybit,0.5613,0.0,160.5,0.0
2025-07-25T08:16:39.838043,gateio,0.5605,0.5618,11835.0,2000.0
2025-07-25T08:16:39.862473,bitget,0.5609,0.5616,111.21,111.21
2025-07-25T08:16:39.992504,bitget,0.5609,0.5616,111.21,111.21
2025-07-25T08:16:40.058208,blofin,0.561,0.5617,23.0,46.0
2025-07-25T08:16:40.143865,bitget,0.5609,0.5617,111.21,111.21
2025-07-25T08:16:40.196484,okx,0.5608,0.5613,50.0,35.1007
2025-07-25T08:16:40.292044,bitmart,0.5595,0.5626,655.0,11860.0
2025-07-25T08:16:40.295418,bitget,0.5609,0.5618,111.21,111.21
2025-07-25T08:16:40.391177,lbank,0.56,0.561,392.6,3802.6
2025-07-25T08:16:40.541468,blofin,0.561,0.5617,23.0,46.0
2025-07-25T08:16:40.593984,bitget,0.5609,0.5618,111.21,111.21
2025-07-25T08:16:40.615550,bingx,0.559,0.561,294.479,4079.069
2025-07-25T08:16:40.744936,bitget,0.5609,0.5618,111.21,111.21
2025-07-25T08:16:40.926302,mexc,0.5611,0.5612,9357930.0,9357930.0
2025-07-25T08:16:41.055400,blofin,0.561,0.5617,175.0,548.0
2025-07-25T08:16:41.128638,bybit,0.0,0.5615,0.0,91.0
2025-07-25T08:16:41.193538,bitget,0.5609,0.5618,111.21,111.21
2025-07-25T08:16:41.207983,gateio,0.5605,0.5618,11835.0,7339.0
2025-07-25T08:16:41.214492,bybit,0.5613,0.0,2.9,0.0
2025-07-25T08:16:41.236339,bitmart,0.5598,0.5623,776.0,9861.0
2025-07-25T08:16:41.289011,gateio,0.5605,0.5618,6483.0,7339.0
2025-07-25T08:16:41.343677,bitget,0.5609,0.5617,111.21,240.5
2025-07-25T08:16:41.493127,bitget,0.5609,0.5616,111.21,111.21
2025-07-25T08:16:41.520185,bingx,0.559,0.561,294.479,4079.069
2025-07-25T08:16:41.556149,blofin,0.561,0.5616,172.0,539.0
2025-07-25T08:16:41.791396,gateio,0.5606,0.5618,2000.0,7339.0
2025-07-25T08:16:41.799280,bitget,0.5609,0.5616,111.21,111.21
2025-07-25T08:16:41.811732,gateio,0.5606,0.5617,2000.0,3804.0
2025-07-25T08:16:41.814539,bybit,0.0,0.0,0.0,0.0
2025-07-25T08:16:41.833217,gateio,0.5606,0.5616,2000.0,2000.0
2025-07-25T08:16:41.944256,bitget,0.5609,0.5616,111.21,111.21
2025-07-25T08:16:42.064237,blofin,0.561,0.5614,1.0,38.0
2025-07-25T08:16:42.093889,bitget,0.5609,0.5616,111.21,111.21
2025-07-25T08:16:42.114322,bybit,0.0,0.5614,0.0,91.0
2025-07-25T08:16:42.157030,okx,0.5607,0.5613,50.0,35.1007
2025-07-25T08:16:42.170101,lbank,0.56,0.561,392.6,3802.6
2025-07-25T08:16:42.200880,gateio,0.5606,0.5615,2000.0,14650.0
2025-07-25T08:16:42.214171,bybit,0.5613,0.5616,47.0,73.5
2025-07-25T08:16:42.244704,bitget,0.5609,0.5616,111.21,111.21
2025-07-25T08:16:42.244932,gateio,0.5606,0.5615,2000.0,7111.0
2025-07-25T08:16:42.259960,bitmart,0.5594,0.5626,472.0,60455.0
2025-07-25T08:16:42.377211,digifinex,0.561,0.562,20.0,486.0
2025-07-25T08:16:42.419976,bingx,0.559,0.561,294.479,4079.069
2025-07-25T08:16:42.428257,bitget,0.5609,0.5616,111.21,111.21
2025-07-25T08:16:42.545899,bitget,0.5609,0.5616,111.21,111.21
2025-07-25T08:16:42.554257,blofin,0.561,0.5614,1.0,2.0
2025-07-25T08:16:42.577421,digifinex,0.561,0.562,20.0,486.0
2025-07-25T08:16:42.667103,lbank,0.56,0.561,392.6,3802.6
2025-07-25T08:16:43.003454,bitget,0.5609,0.5616,111.21,111.21
2025-07-25T08:16:43.061709,blofin,0.561,0.5614,1.0,2.0
2025-07-25T08:16:43.149842,bitget,0.5609,0.5616,111.21,111.21
2025-07-25T08:16:43.165446,lbank,0.561,0.563,9398.6,3705.6
2025-07-25T08:16:43.259152,bitmart,0.5594,0.5626,14070.0,41315.0
2025-07-25T08:16:43.294327,bitget,0.5609,0.5616,111.21,111.21
2025-07-25T08:16:43.315889,mexc,0.5609,0.561,9357930.0,9357930.0
2025-07-25T08:16:43.324709,bingx,0.559,0.561,294.479,4079.069
2025-07-25T08:16:43.445485,bitget,0.5609,0.5616,111.21,111.21
2025-07-25T08:16:43.553686,blofin,0.561,0.5614,1.0,2.0
2025-07-25T08:16:43.625284,bingx,0.559,0.561,294.479,4079.069
2025-07-25T08:16:43.664909,lbank,0.561,0.563,9398.6,3705.6
2025-07-25T08:16:43.855047,gateio,0.5606,0.5615,2900.0,7111.0
2025-07-25T08:16:43.953076,gateio,0.5606,0.561,4725.0,216.0
2025-07-25T08:16:44.037046,gateio,0.5606,0.5615,15427.0,7111.0
2025-07-25T08:16:44.046730,bitget,0.5609,0.5616,111.21,111.21
2025-07-25T08:16:44.057828,blofin,0.561,0.5616,1.0,738.0
2025-07-25T08:16:44.195071,bitget,0.5609,0.5616,111.21,111.21
2025-07-25T08:16:44.292467,bitmart,0.5597,0.5622,16882.0,19060.0
2025-07-25T08:16:44.496835,bitget,0.5609,0.5616,111.21,111.21
2025-07-25T08:16:44.509527,okx,0.5607,0.5613,86.2757,35.1007
2025-07-25T08:16:44.514095,bybit,0.5613,0.5617,120.5,73.5
2025-07-25T08:16:44.529772,bingx,0.559,0.561,294.479,4079.069
2025-07-25T08:16:44.560904,blofin,0.561,0.5616,1.0,737.0
2025-07-25T08:16:44.614479,bybit,0.5614,0.5616,89.2,91.0
2025-07-25T08:16:44.628686,gateio,0.5606,0.5615,10076.0,7111.0
2025-07-25T08:16:44.638980,gateio,0.5606,0.561,4725.0,216.0
2025-07-25T08:16:44.650816,gateio,0.5606,0.5617,4725.0,2000.0
2025-07-25T08:16:44.651143,bitget,0.5609,0.5616,111.21,111.21
2025-07-25T08:16:44.680700,gateio,0.5606,0.5617,15427.0,2000.0
2025-07-25T08:16:44.736945,gateio,0.5606,0.5617,4725.0,2000.0
2025-07-25T08:16:44.798088,bitget,0.5609,0.5616,111.21,111.21
2025-07-25T08:16:44.832872,bingx,0.559,0.561,294.479,4079.069
2025-07-25T08:16:44.923157,gateio,0.5606,0.5617,10076.0,2000.0
2025-07-25T08:16:44.945196,bitget,0.5609,0.5616,111.21,111.21
2025-07-25T08:16:44.981208,gateio,0.5606,0.5616,15427.0,9065.0
2025-07-25T08:16:44.992617,gateio,0.5606,0.5615,15427.0,2000.0
2025-07-25T08:16:45.060942,blofin,0.561,0.5616,1.0,737.0
2025-07-25T08:16:45.096989,bitget,0.5609,0.5617,111.21,111.21
2025-07-25T08:16:45.114201,bybit,0.0,0.0,0.0,0.0
2025-07-25T08:16:45.163900,lbank,0.561,0.563,9398.6,3705.6
2025-07-25T08:16:45.247149,bitget,0.5609,0.5617,111.21,111.21
2025-07-25T08:16:45.330673,bitmart,0.5594,0.5626,14070.0,2792.0
2025-07-25T08:16:45.396336,bitget,0.5609,0.5617,111.21,111.21
2025-07-25T08:16:45.561362,blofin,0.561,0.5616,1.0,699.0
2025-07-25T08:16:45.668603,lbank,0.561,0.563,9398.6,3705.6
2025-07-25T08:16:45.699255,mexc,0.5609,0.561,9357930.0,9357930.0
2025-07-25T08:16:45.730345,bingx,0.559,0.561,294.479,4079.069
2025-07-25T08:16:46.069898,blofin,0.561,0.5615,1.0,50.0
2025-07-25T08:16:46.166146,lbank,0.561,0.563,9398.6,3705.6
2025-07-25T08:16:46.239931,bitmart,0.5597,0.5622,12679.0,2355.0
2025-07-25T08:16:46.555547,blofin,0.561,0.5615,1.0,53.0
2025-07-25T08:16:46.635226,bingx,0.559,0.561,294.479,4079.069
2025-07-25T08:16:46.665052,lbank,0.561,0.563,9398.6,3705.6
2025-07-25T08:16:46.748076,bitget,0.5609,0.5617,111.21,111.21
2025-07-25T08:16:46.757247,gateio,0.5606,0.5617,15427.0,2000.0
2025-07-25T08:16:47.021234,gateio,0.5606,0.5616,15427.0,9444.0
2025-07-25T08:16:47.068532,blofin,0.561,0.5615,1.0,49.0
2025-07-25T08:16:47.144228,gateio,0.5606,0.5616,15427.0,2000.0
2025-07-25T08:16:47.170183,lbank,0.561,0.563,9398.6,3705.6
2025-07-25T08:16:47.197694,bitget,0.5609,0.5617,111.21,111.21
2025-07-25T08:16:47.238328,bingx,0.559,0.561,294.479,4079.069
2025-07-25T08:16:47.251221,bitmart,0.5597,0.5622,13886.0,3191.0
2025-07-25T08:16:47.351513,bitget,0.5609,0.5617,111.21,111.21
2025-07-25T08:16:47.447992,binance,0.561,0.561,0.0,0.0
2025-07-25T08:16:47.523565,bitget,0.5609,0.5617,111.21,111.21
2025-07-25T08:16:47.546410,blofin,0.561,0.5615,1.0,49.0
2025-07-25T08:16:47.715596,bybit,0.0,0.5615,0.0,33.1
2025-07-25T08:16:47.776949,digifinex,0.561,0.562,20.0,485.0
2025-07-25T08:16:47.800887,bitget,0.5609,0.5617,111.21,111.21
2025-07-25T08:16:47.947407,bitget,0.5609,0.5617,111.21,111.21
2025-07-25T08:16:48.046725,blofin,0.561,0.5615,1.0,461.0
2025-07-25T08:16:48.070881,mexc,0.5609,0.561,9357930.0,9357930.0
2025-07-25T08:16:48.078505,digifinex,0.561,0.562,20.0,485.0
2025-07-25T08:16:48.097917,bitget,0.5609,0.5618,111.21,111.21
2025-07-25T08:16:48.139965,bingx,0.559,0.561,294.479,4079.069
2025-07-25T08:16:48.171273,lbank,0.561,0.563,9398.6,3705.6
2025-07-25T08:16:48.291874,bitmart,0.5594,0.5626,8073.0,9964.0
2025-07-25T08:16:48.446873,binance,0.561,0.561,0.0,0.0
2025-07-25T08:16:48.487315,okx,0.5607,0.5613,87.8604,35.1007
2025-07-25T08:16:48.539696,blofin,0.561,0.5615,1.0,461.0
2025-07-25T08:16:48.603535,okx,0.5607,0.5613,86.2757,35.1007
2025-07-25T08:16:48.671062,lbank,0.561,0.563,9398.6,3705.6
2025-07-25T08:16:48.699366,gateio,0.5606,0.5617,15427.0,2000.0
2025-07-25T08:16:48.800824,okx,0.5607,0.5613,87.8604,35.1007
2025-07-25T08:16:48.847320,bitget,0.5609,0.5618,111.21,111.21
2025-07-25T08:16:48.998681,bitget,0.5609,0.5618,111.21,111.21
2025-07-25T08:16:49.014177,bybit,0.5619,0.5623,73.3,444.6
2025-07-25T08:16:49.042924,bingx,0.559,0.561,294.479,4079.069
2025-07-25T08:16:49.051735,gateio,0.5606,0.5617,10076.0,2000.0
2025-07-25T08:16:49.060317,okx,0.5608,0.5614,186.1762,420.0967
2025-07-25T08:16:49.071774,blofin,0.561,0.5615,1.0,465.0
2025-07-25T08:16:49.114639,bybit,0.5617,0.562,73.6,91.0
2025-07-25T08:16:49.116674,gateio,0.5606,0.5617,9176.0,2000.0
2025-07-25T08:16:49.144919,gateio,0.5606,0.5617,10317.0,2000.0
2025-07-25T08:16:49.149661,bitget,0.5609,0.5619,588.61,112.07
2025-07-25T08:16:49.164816,lbank,0.561,0.563,9398.6,3705.6
2025-07-25T08:16:49.189716,okx,0.5614,0.5617,6.8929,28.3969
2025-07-25T08:16:49.214983,bybit,0.5617,0.5619,89.2,91.0
2025-07-25T08:16:49.241753,gateio,0.5606,0.5617,9392.0,2000.0
2025-07-25T08:16:49.250007,bitmart,0.5597,0.5626,104806.0,94044.0
2025-07-25T08:16:49.260926,gateio,0.5606,0.5617,8300.0,2000.0
2025-07-25T08:16:49.275235,gateio,0.5606,0.5617,10198.0,2000.0
2025-07-25T08:16:49.304562,bitget,0.5611,0.5619,112.79,112.07
2025-07-25T08:16:49.314509,bybit,0.5619,0.5622,89.2,73.3
2025-07-25T08:16:49.335144,gateio,0.5606,0.5624,10198.0,2000.0
2025-07-25T08:16:49.362567,gateio,0.5606,0.5624,8300.0,2000.0
2025-07-25T08:16:49.377081,gateio,0.5606,0.5624,7636.0,2000.0
2025-07-25T08:16:49.414420,bybit,0.562,0.0,89.2,0.0
2025-07-25T08:16:49.429585,gateio,0.5606,0.5624,12987.0,2000.0
2025-07-25T08:16:49.444527,gateio,0.5607,0.5624,3896.0,2000.0
2025-07-25T08:16:49.448339,binance,0.561,0.561,0.0,0.0
2025-07-25T08:16:49.450892,bitget,0.5611,0.562,422.04,111.05
2025-07-25T08:16:49.457614,gateio,0.5608,0.5624,2000.0,2000.0
2025-07-25T08:16:49.514405,bybit,0.5619,0.5621,89.2,91.0
2025-07-25T08:16:49.537002,gateio,0.5608,0.5624,2000.0,7334.0
2025-07-25T08:16:49.564958,blofin,0.5611,0.5615,380.0,5.0
2025-07-25T08:16:49.599123,bitget,0.5612,0.5621,239.4,111.05
2025-07-25T08:16:49.656114,bingx,0.56,0.563,7499.138,53.37
2025-07-25T08:16:49.668346,lbank,0.561,0.563,9398.6,3705.6
2025-07-25T08:16:49.750242,bitget,0.5613,0.5621,112.79,111.05
2025-07-25T08:16:49.900480,bitget,0.5613,0.5622,146.06,111.05
2025-07-25T08:16:49.925422,gateio,0.5608,0.5624,2000.0,5334.0
2025-07-25T08:16:50.051834,bitget,0.5614,0.5622,112.79,111.05
2025-07-25T08:16:50.056526,blofin,0.5611,0.5615,380.0,5.0
2025-07-25T08:16:50.095630,okx,0.5614,0.5618,6.8929,28.3969
2025-07-25T08:16:50.101463,digifinex,0.561,0.562,20.0,282.0
2025-07-25T08:16:50.199373,bitget,0.5614,0.5622,112.79,111.05
2025-07-25T08:16:50.213960,bybit,0.0,0.0,0.0,0.0
2025-07-25T08:16:50.280984,lbank,0.561,0.563,9398.6,3705.6
2025-07-25T08:16:50.296449,bitmart,0.5601,0.5628,20832.0,4672.0
2025-07-25T08:16:50.445570,mexc,0.561,0.5611,9357930.0,9357930.0
2025-07-25T08:16:50.446225,binance,0.561,0.561,0.0,0.0
2025-07-25T08:16:50.498919,bitget,0.5614,0.5622,112.79,111.05
2025-07-25T08:16:50.547365,blofin,0.5613,0.5615,99.0,5.0
2025-07-25T08:16:50.548667,bingx,0.56,0.563,7499.138,53.37
2025-07-25T08:16:50.579609,digifinex,0.561,0.562,20.0,282.0
2025-07-25T08:16:50.663723,lbank,0.561,0.563,9398.6,3705.6
2025-07-25T08:16:50.950322,bitget,0.5614,0.5622,112.79,111.05
2025-07-25T08:16:51.055669,blofin,0.5613,0.5615,292.0,5.0
2025-07-25T08:16:51.179716,lbank,0.561,0.563,9398.6,3705.6
2025-07-25T08:16:51.315802,bitmart,0.5601,0.5628,26709.0,4672.0
2025-07-25T08:16:51.414049,bybit,0.5617,0.5619,73.4,91.0
2025-07-25T08:16:51.447190,binance,0.561,0.561,0.0,0.0
2025-07-25T08:16:51.452951,bingx,0.56,0.563,7499.138,53.37
2025-07-25T08:16:51.514064,bybit,0.5616,0.0,73.6,0.0
2025-07-25T08:16:51.533117,gateio,0.5608,0.5624,2168.0,5334.0
2025-07-25T08:16:51.546850,gateio,0.5608,0.5623,2168.0,27539.0
2025-07-25T08:16:51.549223,bitget,0.5614,0.5622,112.79,1313.57
2025-07-25T08:16:51.554564,blofin,0.5613,0.5617,292.0,5.0
2025-07-25T08:16:51.558620,gateio,0.5608,0.5622,2168.0,8262.0
2025-07-25T08:16:51.651059,gateio,0.5608,0.5623,2168.0,5335.0
2025-07-25T08:16:51.664564,gateio,0.5608,0.5623,168.0,5335.0
2025-07-25T08:16:51.665411,lbank,0.561,0.563,9398.6,3705.6
2025-07-25T08:16:51.702954,bitget,0.5614,0.5621,112.79,112.79
2025-07-25T08:16:51.820895,gateio,0.5609,0.5623,2000.0,5335.0
2025-07-25T08:16:51.849587,bitget,0.5613,0.5621,112.79,237.49
2025-07-25T08:16:52.000228,bitget,0.5613,0.562,112.79,112.79
2025-07-25T08:16:52.054998,blofin,0.5613,0.5617,292.0,5.0
2025-07-25T08:16:52.152942,bitget,0.5612,0.562,112.79,112.79
2025-07-25T08:16:52.166249,lbank,0.561,0.563,9398.6,3705.6
2025-07-25T08:16:52.249628,bitmart,0.5601,0.5626,394.0,14457.0
2025-07-25T08:16:52.352537,bingx,0.56,0.563,7499.138,53.37
2025-07-25T08:16:52.450270,bitget,0.5612,0.562,112.79,112.79
2025-07-25T08:16:52.482332,digifinex,0.561,0.562,20.0,281.0
2025-07-25T08:16:52.559345,blofin,0.5613,0.5617,115.0,5.0
2025-07-25T08:16:52.579876,digifinex,0.561,0.562,20.0,281.0
2025-07-25T08:16:52.600230,bitget,0.5612,0.5621,112.79,237.49
2025-07-25T08:16:52.750549,bitget,0.5612,0.562,221.4,112.79
2025-07-25T08:16:52.810215,mexc,0.5613,0.5614,9357930.0,9357930.0
2025-07-25T08:16:52.900736,bitget,0.5613,0.5621,112.79,112.79
2025-07-25T08:16:53.052113,blofin,0.5613,0.5617,21.0,5.0
2025-07-25T08:16:53.076448,digifinex,0.561,0.562,20.0,500.0
2025-07-25T08:16:53.166395,lbank,0.56,0.561,2171.6,294.5
2025-07-25T08:16:53.201324,bitget,0.5613,0.5621,112.79,112.79
2025-07-25T08:16:53.237955,bitmart,0.5599,0.5628,91289.0,107676.0
2025-07-25T08:16:53.257041,bingx,0.56,0.563,7499.138,53.37
2025-07-25T08:16:53.351203,bitget,0.5613,0.5622,112.79,111.05
2025-07-25T08:16:53.552978,blofin,0.5613,0.5617,21.0,5.0
2025-07-25T08:16:53.653168,bitget,0.5613,0.5622,112.79,111.05
2025-07-25T08:16:53.666951,lbank,0.56,0.561,2171.6,294.5
2025-07-25T08:16:53.714019,bybit,0.5616,0.0,113.6,0.0
2025-07-25T08:16:54.073202,blofin,0.5613,0.5617,19.0,5.0
2025-07-25T08:16:54.114576,bybit,0.0,0.0,0.0,0.0
2025-07-25T08:16:54.165124,bingx,0.56,0.563,7499.138,53.37
2025-07-25T08:16:54.165355,lbank,0.56,0.561,23027.5,294.5
2025-07-25T08:16:54.249971,bitmart,0.5599,0.5628,91269.0,107676.0
2025-07-25T08:16:54.402908,bitget,0.5613,0.5622,112.79,111.05
2025-07-25T08:16:54.542778,blofin,0.5613,0.5617,19.0,5.0
2025-07-25T08:16:54.564770,gateio,0.5609,0.5623,7348.0,5335.0
2025-07-25T08:16:54.575723,gateio,0.5609,0.5623,17667.0,5335.0
2025-07-25T08:16:54.590932,gateio,0.561,0.5623,5347.0,5335.0
2025-07-25T08:16:54.610876,gateio,0.5611,0.5623,2000.0,5335.0
2025-07-25T08:16:54.613877,bybit,0.5621,0.5624,89.2,73.3
2025-07-25T08:16:54.622988,gateio,0.5611,0.5623,7346.0,5335.0
2025-07-25T08:16:54.632695,gateio,0.5611,0.5623,9050.0,5335.0
2025-07-25T08:16:54.651720,okx,0.5614,0.562,41.8554,33.5322
2025-07-25T08:16:54.663330,gateio,0.5611,0.5623,14397.0,5335.0
2025-07-25T08:16:54.666555,lbank,0.56,0.561,2171.6,294.5
2025-07-25T08:16:54.675480,digifinex,0.561,0.563,20.0,305.0
2025-07-25T08:16:54.702418,bitget,0.5614,0.5622,136.58,111.05
2025-07-25T08:16:54.714031,bybit,0.0,0.5623,0.0,91.0
2025-07-25T08:16:54.716597,gateio,0.5611,0.5623,9050.0,5335.0
2025-07-25T08:16:54.787333,okx,0.5614,0.5621,41.8554,119.3004
2025-07-25T08:16:54.851575,bitget,0.5615,0.5623,112.94,111.05
2025-07-25T08:16:54.875374,digifinex,0.562,0.563,95.0,305.0
2025-07-25T08:16:55.002472,bitget,0.5615,0.5624,112.94,111.05
2025-07-25T08:16:55.039008,gateio,0.5611,0.5623,8482.0,5335.0
2025-07-25T08:16:55.048927,gateio,0.5611,0.5623,7574.0,5335.0
2025-07-25T08:16:55.058389,blofin,0.5613,0.5617,201.0,5.0
2025-07-25T08:16:55.064207,bingx,0.56,0.563,7499.138,53.37
2025-07-25T08:16:55.083219,gateio,0.5611,0.5623,18268.0,5335.0
2025-07-25T08:16:55.098897,okx,0.5614,0.5621,91.8554,119.3004
2025-07-25T08:16:55.119679,gateio,0.5611,0.5623,18778.0,5335.0
2025-07-25T08:16:55.161049,bitget,0.5615,0.5624,242.26,111.05
2025-07-25T08:16:55.170837,lbank,0.56,0.561,2171.6,294.5
2025-07-25T08:16:55.187166,digifinex,0.562,0.563,95.0,305.0
2025-07-25T08:16:55.225855,bitmart,0.5604,0.563,9644.0,12490.0
2025-07-25T08:16:55.230022,mexc,0.5616,0.5617,9357930.0,9357930.0
2025-07-25T08:16:55.304070,bitget,0.5615,0.5624,242.26,111.05
2025-07-25T08:16:55.377204,digifinex,0.562,0.563,95.0,296.0
2025-07-25T08:16:55.445669,binance,0.561,0.561,0.0,0.0
2025-07-25T08:16:55.453750,bitget,0.5616,0.5624,112.94,111.05
2025-07-25T08:16:55.562472,blofin,0.5616,0.5622,170.0,62.0
2025-07-25T08:16:55.602658,bitget,0.5616,0.5624,112.94,111.05
2025-07-25T08:16:55.903870,bitget,0.5616,0.5624,112.94,111.05
2025-07-25T08:16:55.964525,bingx,0.56,0.563,7499.138,53.37
2025-07-25T08:16:56.039591,gateio,0.5611,0.5623,16778.0,5335.0
2025-07-25T08:16:56.053109,bitget,0.5615,0.5624,112.94,111.05
2025-07-25T08:16:56.059405,blofin,0.5615,0.5622,170.0,63.0
2025-07-25T08:16:56.164977,lbank,0.561,0.563,7584.2,11495.9
2025-07-25T08:16:56.203830,bitget,0.5615,0.5624,112.94,111.05
2025-07-25T08:16:56.251124,bitmart,0.5602,0.563,7418.0,12490.0
2025-07-25T08:16:56.352980,bitget,0.5615,0.5624,112.94,111.05
2025-07-25T08:16:56.490927,gateio,0.5611,0.5623,16268.0,5335.0
2025-07-25T08:16:56.502935,bitget,0.5615,0.5624,112.94,111.05
2025-07-25T08:16:56.547572,blofin,0.5615,0.5622,170.0,65.0
2025-07-25T08:16:56.653537,bitget,0.5615,0.5624,112.94,111.05
2025-07-25T08:16:56.665095,lbank,0.561,0.563,7584.2,11495.9
2025-07-25T08:16:56.804296,bitget,0.5615,0.5624,112.94,111.05
2025-07-25T08:16:56.869517,bingx,0.56,0.563,7499.138,53.37
2025-07-25T08:16:57.052627,blofin,0.5615,0.5622,170.0,65.0
2025-07-25T08:16:57.100850,gateio,0.5611,0.5623,16436.0,5335.0
2025-07-25T08:16:57.113894,bybit,0.5616,0.5621,521.0,91.0
2025-07-25T08:16:57.148753,gateio,0.5611,0.5623,11089.0,5335.0
2025-07-25T08:16:57.160108,gateio,0.5611,0.5623,5574.0,5335.0
2025-07-25T08:16:57.167023,lbank,0.561,0.563,7584.2,11495.9
2025-07-25T08:16:57.170606,gateio,0.5611,0.5623,7104.0,5335.0
2025-07-25T08:16:57.182736,gateio,0.5611,0.5623,12451.0,5335.0
2025-07-25T08:16:57.208456,gateio,0.5611,0.5623,17798.0,5335.0
2025-07-25T08:16:57.213175,bitmart,0.5604,0.563,10040.0,12490.0
2025-07-25T08:16:57.214832,bybit,0.5618,0.5621,218.0,72.3
2025-07-25T08:16:57.255501,bitget,0.5615,0.5623,112.94,240.5
2025-07-25T08:16:57.280417,digifinex,0.561,0.563,20.0,296.0
2025-07-25T08:16:57.301895,okx,0.5614,0.5619,56.8929,34.5589
2025-07-25T08:16:57.314711,bybit,0.5619,0.5621,161.5,52.7
2025-07-25T08:16:57.387976,digifinex,0.561,0.562,20.0,500.0
2025-07-25T08:16:57.408919,bitget,0.5615,0.5622,112.94,112.94
2025-07-25T08:16:57.414875,bybit,0.0,0.5623,0.0,72.3
2025-07-25T08:16:57.421504,binance,0.561,0.561,0.0,0.0
2025-07-25T08:16:57.477242,digifinex,0.561,0.562,20.0,486.0
2025-07-25T08:16:57.514107,bybit,0.562,0.0,89.2,0.0
2025-07-25T08:16:57.552097,blofin,0.5615,0.5622,175.0,65.0
2025-07-25T08:16:57.553159,bitget,0.5615,0.5623,112.94,112.94
2025-07-25T08:16:57.659689,mexc,0.5616,0.5617,9357930.0,9357930.0
2025-07-25T08:16:57.674042,lbank,0.561,0.563,7584.2,11495.9
2025-07-25T08:16:57.703419,bitget,0.5615,0.5623,112.94,112.94
2025-07-25T08:16:57.778123,bingx,0.56,0.563,7499.138,53.37
2025-07-25T08:16:57.854593,bitget,0.5615,0.5624,112.94,111.05
2025-07-25T08:16:57.900974,gateio,0.5611,0.5623,12451.0,5335.0
2025-07-25T08:16:58.004919,bitget,0.5615,0.5624,112.94,111.05
2025-07-25T08:16:58.013849,bybit,0.0,0.0,0.0,0.0
2025-07-25T08:16:58.064165,blofin,0.5615,0.5621,200.0,38.0
2025-07-25T08:16:58.077074,digifinex,0.561,0.562,20.0,486.0
2025-07-25T08:16:58.153426,bitget,0.5615,0.5624,112.94,111.05
2025-07-25T08:16:58.168741,lbank,0.561,0.563,7584.2,11495.9
2025-07-25T08:16:58.307138,bitget,0.5615,0.5623,112.94,112.94
2025-07-25T08:16:58.336983,bitmart,0.5603,0.563,67737.0,12044.0
2025-07-25T08:16:58.559840,blofin,0.5615,0.5621,200.0,42.0
2025-07-25T08:16:58.604045,bitget,0.5615,0.5623,112.94,112.94
2025-07-25T08:16:58.672683,lbank,0.561,0.563,7584.2,11495.9
2025-07-25T08:16:58.674608,bingx,0.56,0.563,7499.138,53.37
2025-07-25T08:16:58.727505,gateio,0.5611,0.5623,7104.0,5335.0
2025-07-25T08:16:59.013936,bybit,0.5621,0.0,151.3,0.0
2025-07-25T08:16:59.054689,blofin,0.5615,0.5621,196.0,41.0
2025-07-25T08:16:59.176715,digifinex,0.561,0.563,20.0,296.0
2025-07-25T08:16:59.204367,bitget,0.5615,0.5623,112.94,112.94
2025-07-25T08:16:59.214060,bybit,0.0,0.5624,0.0,73.3
2025-07-25T08:16:59.220938,gateio,0.5611,0.5623,6518.0,5335.0
2025-07-25T08:16:59.231093,gateio,0.5611,0.5623,5682.0,5335.0
2025-07-25T08:16:59.239709,bitmart,0.5603,0.563,25131.0,12044.0
2025-07-25T08:16:59.335466,gateio,0.5611,0.5623,5850.0,5335.0
2025-07-25T08:16:59.358691,bitget,0.5615,0.5623,112.94,112.94
2025-07-25T08:16:59.382462,digifinex,0.562,0.563,92.0,296.0
2025-07-25T08:16:59.504601,bitget,0.5615,0.5624,112.94,111.05
2025-07-25T08:16:59.531358,blofin,0.5615,0.5621,196.0,577.0
2025-07-25T08:16:59.578436,bingx,0.56,0.563,7499.138,53.37
2025-07-25T08:16:59.663372,lbank,0.561,0.563,7584.2,11495.9
2025-07-25T08:16:59.954768,bitget,0.5615,0.5624,112.94,111.05
2025-07-25T08:17:00.038995,mexc,0.5616,0.5617,9357930.0,9357930.0
2025-07-25T08:17:00.079685,blofin,0.5615,0.5621,208.0,577.0
2025-07-25T08:17:00.095109,okx,0.5614,0.5619,56.8929,34.5589
2025-07-25T08:17:00.252396,bitmart,0.5603,0.563,4471.0,12044.0
2025-07-25T08:17:00.290146,lbank,0.561,0.563,7584.2,11495.9
2025-07-25T08:17:00.408661,bitget,0.5615,0.5624,112.94,111.05
2025-07-25T08:17:00.482178,bingx,0.56,0.563,7499.138,53.37
2025-07-25T08:17:00.543851,blofin,0.5615,0.5621,208.0,577.0
2025-07-25T08:17:00.555095,okx,0.5615,0.5621,33.5955,119.3004
2025-07-25T08:17:00.561356,bitget,0.5615,0.5624,360.14,111.05
2025-07-25T08:17:00.572888,gateio,0.5611,0.5623,11197.0,5335.0
2025-07-25T08:17:00.581690,digifinex,0.561,0.563,20.0,296.0
2025-07-25T08:17:00.606601,gateio,0.5612,0.5623,5345.0,5335.0
2025-07-25T08:17:00.669391,lbank,0.561,0.563,7584.2,11495.9
2025-07-25T08:17:00.705243,bitget,0.5616,0.5624,220.98,111.05
2025-07-25T08:17:00.785429,digifinex,0.562,0.563,11.0,296.0
2025-07-25T08:17:00.857194,bitget,0.5617,0.5624,112.94,111.05
2025-07-25T08:17:01.010977,bitget,0.5616,0.5624,112.94,111.05
2025-07-25T08:17:01.075002,blofin,0.5617,0.5621,55.0,3.0
2025-07-25T08:17:01.156472,bitget,0.5616,0.5624,146.27,111.05
2025-07-25T08:17:01.172211,lbank,0.561,0.563,7584.2,11495.9
2025-07-25T08:17:01.214076,bybit,0.0,0.5623,0.0,52.7
2025-07-25T08:17:01.236712,bitmart,0.5605,0.563,406.0,5811.0
2025-07-25T08:17:01.262878,gateio,0.5612,0.5623,10691.0,5335.0
2025-07-25T08:17:01.316649,bitget,0.5617,0.5624,112.94,111.05
2025-07-25T08:17:01.377560,digifinex,0.561,0.563,20.0,296.0
2025-07-25T08:17:01.390467,bingx,0.56,0.563,7499.138,53.37
2025-07-25T08:17:01.442561,gateio,0.5612,0.5623,10856.0,5335.0
2025-07-25T08:17:01.446275,binance,0.561,0.561,0.0,0.0
2025-07-25T08:17:01.452882,gateio,0.5612,0.5623,16202.0,5335.0
2025-07-25T08:17:01.455523,bitget,0.5617,0.5624,112.94,111.05
2025-07-25T08:17:01.475457,digifinex,0.561,0.562,20.0,6.0
2025-07-25T08:17:01.499412,gateio,0.5612,0.5623,16532.0,5335.0
2025-07-25T08:17:01.566318,blofin,0.5617,0.5621,55.0,3.0
2025-07-25T08:17:01.607025,bitget,0.5617,0.5624,112.94,111.05
2025-07-25T08:17:01.675556,lbank,0.561,0.563,7584.2,11495.9
2025-07-25T08:17:01.758194,bitget,0.5617,0.5624,112.94,111.05
2025-07-25T08:17:01.775429,digifinex,0.562,0.563,161.0,296.0
2025-07-25T08:17:01.906888,okx,0.5615,0.5621,83.5955,119.3004
2025-07-25T08:17:02.057052,bitget,0.5617,0.5624,112.94,111.05
2025-07-25T08:17:02.061862,blofin,0.5617,0.5621,55.0,3.0
2025-07-25T08:17:02.172300,lbank,0.561,0.563,7584.2,11495.9
2025-07-25T08:17:02.206234,bitget,0.5617,0.5624,112.94,111.05
2025-07-25T08:17:02.224450,bitmart,0.5603,0.563,9059.0,1457.0
2025-07-25T08:17:02.291297,bingx,0.56,0.563,7499.138,53.37
2025-07-25T08:17:02.416863,mexc,0.5617,0.5618,9357930.0,9357930.0
2025-07-25T08:17:02.445869,binance,0.561,0.561,0.0,0.0
2025-07-25T08:17:02.547603,blofin,0.5617,0.5622,60.0,43.0
2025-07-25T08:17:02.668548,bitget,0.5617,0.5624,112.94,111.05
2025-07-25T08:17:02.672659,lbank,0.561,0.563,7584.2,11495.9
2025-07-25T08:17:02.806110,bitget,0.5617,0.5624,112.94,111.05
2025-07-25T08:17:02.815125,bybit,0.0,0.0,0.0,0.0
2025-07-25T08:17:02.914183,bybit,0.5623,0.5625,89.2,73.3
2025-07-25T08:17:02.928487,gateio,0.5612,0.5629,16532.0,2000.0
2025-07-25T08:17:02.928508,gateio,0.5612,0.5628,16532.0,44224.0
2025-07-25T08:17:02.928860,gateio,0.5612,0.5627,16532.0,11358.0
2025-07-25T08:17:02.935551,gateio,0.5612,0.5627,16532.0,5331.0
2025-07-25T08:17:03.055905,okx,0.5615,0.5621,83.5955,85.7453
2025-07-25T08:17:03.074720,blofin,0.5617,0.5621,60.0,94.0
2025-07-25T08:17:03.107458,bitget,0.5617,0.5624,112.94,111.05
2025-07-25T08:17:03.170023,lbank,0.561,0.563,8661.7,8885.9
2025-07-25T08:17:03.189333,bingx,0.56,0.563,7499.138,53.37
2025-07-25T08:17:03.209131,bitmart,0.5606,0.5634,2619.0,139049.0
2025-07-25T08:17:03.214098,bybit,0.0,0.5626,0.0,73.3
2025-07-25T08:17:03.261651,bitget,0.5617,0.5625,112.94,411.24
2025-07-25T08:17:03.294296,okx,0.5616,0.5621,31.9595,85.7453
2025-07-25T08:17:03.399824,okx,0.5616,0.5621,81.9595,85.7453
2025-07-25T08:17:03.406968,bitget,0.5618,0.5624,112.94,112.94
2025-07-25T08:17:03.556886,bitget,0.5618,0.5625,112.94,111.05
2025-07-25T08:17:03.557739,blofin,0.5618,0.5622,55.0,98.0
2025-07-25T08:17:03.695327,digifinex,0.562,0.563,161.0,295.0
2025-07-25T08:17:03.707014,bitget,0.5618,0.5626,112.94,111.66
2025-07-25T08:17:03.858348,bitget,0.5618,0.5627,112.94,111.66
2025-07-25T08:17:04.008806,bitget,0.5618,0.5627,112.94,111.66
2025-07-25T08:17:04.061094,blofin,0.5618,0.5623,41.0,1033.0
2025-07-25T08:17:04.080427,digifinex,0.562,0.563,161.0,295.0
2025-07-25T08:17:04.094443,bingx,0.56,0.563,7499.138,53.37
2025-07-25T08:17:04.162633,bitget,0.5618,0.5627,112.94,111.66
2025-07-25T08:17:04.307316,bitget,0.5618,0.5627,112.94,111.66
2025-07-25T08:17:04.322607,bitmart,0.5606,0.5632,2187.0,636.0
2025-07-25T08:17:04.466875,bitget,0.5617,0.5627,210.1,111.66
2025-07-25T08:17:04.549606,blofin,0.5618,0.5623,41.0,1033.0
2025-07-25T08:17:04.608707,bitget,0.5618,0.5627,108.49,111.66
2025-07-25T08:17:04.667683,lbank,0.561,0.563,8661.7,8885.9
2025-07-25T08:17:04.763570,bitget,0.5617,0.5627,112.94,111.66
2025-07-25T08:17:04.790158,mexc,0.5617,0.5618,9357930.0,9357930.0
2025-07-25T08:17:04.997403,bingx,0.56,0.563,7499.138,53.37
2025-07-25T08:17:05.060595,blofin,0.5618,0.5623,41.0,695.0
2025-07-25T08:17:05.175378,lbank,0.561,0.563,8661.7,8885.9
2025-07-25T08:17:05.231549,bitmart,0.5606,0.5632,2316.0,601.0
2025-07-25T08:17:05.358345,bitget,0.5617,0.5627,112.94,111.66
2025-07-25T08:17:05.516753,bitget,0.5617,0.5627,112.94,111.66
2025-07-25T08:17:05.546560,blofin,0.5618,0.5623,41.0,693.0
2025-07-25T08:17:05.666338,lbank,0.561,0.563,8661.7,8885.9
2025-07-25T08:17:05.896646,bingx,0.56,0.563,7499.138,53.37
2025-07-25T08:17:06.059468,blofin,0.5618,0.5623,39.0,693.0
2025-07-25T08:17:06.168042,lbank,0.561,0.563,8661.7,8885.9
2025-07-25T08:17:06.295310,bitmart,0.5606,0.5632,2109.0,671.0
2025-07-25T08:17:06.408967,bitget,0.5617,0.5627,112.94,111.66
2025-07-25T08:17:06.548477,blofin,0.5618,0.5623,39.0,694.0
2025-07-25T08:17:06.666415,lbank,0.561,0.563,8661.7,8885.9
2025-07-25T08:17:06.804998,bingx,0.56,0.563,7499.138,53.37
2025-07-25T08:17:07.059110,blofin,0.5618,0.5623,43.0,715.0
2025-07-25T08:17:07.114223,bybit,0.5621,0.5623,151.3,52.7
2025-07-25T08:17:07.131105,gateio,0.5612,0.5627,11186.0,5331.0
2025-07-25T08:17:07.144976,gateio,0.5612,0.5627,16532.0,5331.0
2025-07-25T08:17:07.158952,gateio,0.5612,0.5627,16532.0,6220.0
2025-07-25T08:17:07.160256,bitget,0.5617,0.5626,112.94,320.34
2025-07-25T08:17:07.166952,lbank,0.561,0.563,8661.7,8885.9
2025-07-25T08:17:07.177471,mexc,0.5617,0.5618,9357930.0,9357930.0
2025-07-25T08:17:07.191844,okx,0.5616,0.5621,50.0,116.0765
2025-07-25T08:17:07.192962,gateio,0.5612,0.5627,11186.0,6220.0
2025-07-25T08:17:07.230505,gateio,0.5612,0.5627,5840.0,6220.0
2025-07-25T08:17:07.289195,bitmart,0.5605,0.5633,10645.0,14533.0
2025-07-25T08:17:07.309993,bitget,0.5617,0.5625,112.94,108.49
2025-07-25T08:17:07.352115,gateio,0.5612,0.5627,11186.0,6220.0
2025-07-25T08:17:07.439062,gateio,0.5612,0.5627,16532.0,6220.0
2025-07-25T08:17:07.446483,binance,0.561,0.561,0.0,0.0
2025-07-25T08:17:07.460914,bitget,0.5617,0.5625,112.94,108.49
2025-07-25T08:17:07.493363,digifinex,0.562,0.563,161.0,288.0
2025-07-25T08:17:07.514304,bybit,0.5621,0.0,223.7,0.0
2025-07-25T08:17:07.530576,gateio,0.5612,0.5627,16532.0,5331.0
2025-07-25T08:17:07.550923,blofin,0.5618,0.5622,5.0,43.0
2025-07-25T08:17:07.611830,bitget,0.5617,0.5624,112.94,108.49
2025-07-25T08:17:07.671707,lbank,0.561,0.563,8661.7,8885.9
2025-07-25T08:17:07.705175,bingx,0.56,0.563,7499.138,53.37
2025-07-25T08:17:07.759705,bitget,0.5617,0.5624,112.94,108.49
2025-07-25T08:17:07.789104,okx,0.5615,0.5621,50.0,116.0765
2025-07-25T08:17:07.812638,gateio,0.5612,0.5627,11186.0,5331.0
2025-07-25T08:17:07.912267,bitget,0.5617,0.5624,112.94,108.49
2025-07-25T08:17:08.013897,bybit,0.5622,0.5625,89.2,72.4
2025-07-25T08:17:08.050375,blofin,0.5618,0.5622,5.0,43.0
2025-07-25T08:17:08.070539,bitget,0.5617,0.5624,112.94,108.49
2025-07-25T08:17:08.082215,digifinex,0.562,0.563,161.0,288.0
2025-07-25T08:17:08.109146,okx,0.5615,0.5621,79.0667,85.7453
2025-07-25T08:17:08.122520,gateio,0.5612,0.5627,16532.0,5331.0
2025-07-25T08:17:08.170577,lbank,0.561,0.563,8661.7,8885.9
2025-07-25T08:17:08.189912,digifinex,0.562,0.563,161.0,282.0
2025-07-25T08:17:08.210420,bitget,0.5617,0.5624,112.94,108.49
2025-07-25T08:17:08.318372,bitmart,0.5603,0.5632,127944.0,14079.0
2025-07-25T08:17:08.360955,bitget,0.5617,0.5624,112.94,108.49
2025-07-25T08:17:08.510191,bitget,0.5617,0.5625,112.94,108.49
2025-07-25T08:17:08.557125,blofin,0.5617,0.5622,56.0,85.0
2025-07-25T08:17:08.606394,digifinex,0.562,0.563,161.0,282.0
2025-07-25T08:17:08.608450,bingx,0.56,0.563,7499.138,53.37
2025-07-25T08:17:08.661525,bitget,0.5617,0.5625,112.94,108.49
2025-07-25T08:17:09.045580,blofin,0.5617,0.5622,57.0,5.0
2025-07-25T08:17:09.243250,bitmart,0.5605,0.5632,13632.0,14079.0
2025-07-25T08:17:09.511247,bingx,0.56,0.563,7499.138,53.37
2025-07-25T08:17:09.546423,mexc,0.5619,0.562,9357930.0,9357930.0
2025-07-25T08:17:09.552082,blofin,0.5617,0.5623,210.0,361.0
2025-07-25T08:17:09.561017,bitget,0.5617,0.5625,112.94,108.49
2025-07-25T08:17:10.066205,blofin,0.5617,0.5622,209.0,504.0
2025-07-25T08:17:10.217651,lbank,0.561,0.563,8661.7,8885.9
2025-07-25T08:17:10.223028,bitmart,0.5605,0.5632,16073.0,14079.0
2025-07-25T08:17:10.413130,bingx,0.56,0.563,7499.138,53.37
2025-07-25T08:17:10.461867,bitget,0.5617,0.5625,112.94,108.49
2025-07-25T08:17:10.560205,blofin,0.5617,0.5622,208.0,504.0
2025-07-25T08:17:10.560447,okx,0.5616,0.5621,183.709,85.7453
2025-07-25T08:17:10.614046,bitget,0.5617,0.5625,257.03,108.49
2025-07-25T08:17:10.669317,lbank,0.561,0.563,8661.7,8885.9
2025-07-25T08:17:10.761415,bitget,0.5618,0.5626,108.49,108.49
2025-07-25T08:17:10.914159,bitget,0.5618,0.5627,108.49,111.66
2025-07-25T08:17:11.056489,blofin,0.5617,0.5622,208.0,504.0
2025-07-25T08:17:11.216148,bybit,0.0,0.0,0.0,0.0
2025-07-25T08:17:11.247742,bitmart,0.5605,0.5632,6292.0,818.0
2025-07-25T08:17:11.315935,bingx,0.56,0.563,7499.138,53.37
2025-07-25T08:17:11.446002,binance,0.561,0.561,0.0,0.0
2025-07-25T08:17:11.559296,blofin,0.5617,0.5623,211.0,511.0
2025-07-25T08:17:11.664249,bitget,0.5618,0.5626,108.49,320.38
2025-07-25T08:17:11.713851,bybit,0.5621,0.5624,151.3,125.1
2025-07-25T08:17:11.811941,bitget,0.5618,0.5625,108.49,108.49
2025-07-25T08:17:11.814303,bybit,0.0,0.0,0.0,0.0
2025-07-25T08:17:11.913942,bybit,0.5621,0.5624,223.7,52.7
2025-07-25T08:17:11.920476,mexc,0.5619,0.562,9357930.0,9357930.0
2025-07-25T08:17:11.962743,bitget,0.5617,0.5625,112.94,108.49
2025-07-25T08:17:12.046408,blofin,0.5617,0.5622,249.0,1.0
2025-07-25T08:17:12.113978,bitget,0.5617,0.5625,112.94,108.49
2025-07-25T08:17:12.115620,bybit,0.0,0.5625,0.0,72.4
2025-07-25T08:17:12.218850,bingx,0.56,0.563,7499.138,53.37
2025-07-25T08:17:12.237978,bitmart,0.5605,0.5632,6707.0,9878.0
2025-07-25T08:17:12.263048,bitget,0.5617,0.5626,112.94,108.49
2025-07-25T08:17:12.378330,digifinex,0.562,0.563,161.0,252.0
2025-07-25T08:17:12.401363,lbank,0.561,0.563,8661.7,8885.9
2025-07-25T08:17:12.401398,lbank,0.561,0.563,8661.7,8885.9
2025-07-25T08:17:12.414725,bitget,0.5617,0.5626,112.94,641.34
2025-07-25T08:17:12.447369,binance,0.561,0.561,0.0,0.0
2025-07-25T08:17:12.543895,blofin,0.5617,0.5623,60.0,88.0
2025-07-25T08:17:12.565658,bitget,0.5617,0.5625,112.94,219.73
2025-07-25T08:17:12.612926,digifinex,0.562,0.563,161.0,252.0
2025-07-25T08:17:12.667924,lbank,0.561,0.563,8661.7,8885.9
2025-07-25T08:17:12.714098,bybit,0.5623,0.0,89.2,0.0
2025-07-25T08:17:12.715284,bitget,0.5617,0.5624,112.94,108.49
2025-07-25T08:17:12.731186,gateio,0.5612,0.5627,11186.0,5331.0
2025-07-25T08:17:12.792857,gateio,0.5612,0.5627,5840.0,5331.0
2025-07-25T08:17:12.863482,bitget,0.5617,0.5624,112.94,108.49
2025-07-25T08:17:12.959179,okx,0.5616,0.5621,76.9865,85.7453
2025-07-25T08:17:13.017274,bitget,0.5617,0.5625,112.94,108.49
2025-07-25T08:17:13.059932,blofin,0.5617,0.5623,62.0,283.0
2025-07-25T08:17:13.135026,bingx,0.56,0.563,7499.138,53.37
2025-07-25T08:17:13.168292,bitget,0.5617,0.5626,112.94,108.49
2025-07-25T08:17:13.168950,lbank,0.561,0.563,8661.7,8885.9
2025-07-25T08:17:13.312946,bitmart,0.5605,0.5632,11366.0,4507.0
2025-07-25T08:17:13.346906,bitget,0.5617,0.5626,112.94,108.49
2025-07-25T08:17:13.445650,binance,0.561,0.561,0.0,0.0
2025-07-25T08:17:13.465233,bitget,0.5617,0.5626,112.94,108.49
2025-07-25T08:17:13.549875,blofin,0.5617,0.5623,62.0,284.0
2025-07-25T08:17:13.613561,bitget,0.5617,0.5626,112.94,108.49
2025-07-25T08:17:13.614223,bybit,0.5623,0.0,174.2,0.0
2025-07-25T08:17:13.648358,gateio,0.5612,0.5627,11186.0,5331.0
2025-07-25T08:17:13.668126,lbank,0.561,0.563,8661.7,8885.9
2025-07-25T08:17:13.739010,gateio,0.5612,0.5627,16532.0,5331.0
2025-07-25T08:17:13.764331,bitget,0.5617,0.5626,229.85,108.49
2025-07-25T08:17:13.913829,bitget,0.5618,0.5626,108.49,1311.01
2025-07-25T08:17:14.033312,bingx,0.56,0.563,7499.138,53.37
2025-07-25T08:17:14.065294,bitget,0.5618,0.5625,108.49,108.49
2025-07-25T08:17:14.066256,blofin,0.5617,0.5623,62.0,284.0
2025-07-25T08:17:14.158885,okx,0.5616,0.5621,26.9865,85.7453
2025-07-25T08:17:14.171308,lbank,0.561,0.563,8661.7,8885.9
2025-07-25T08:17:14.213494,bitget,0.5617,0.5625,112.94,108.49
2025-07-25T08:17:14.213928,bybit,0.5623,0.0,85.0,0.0
2025-07-25T08:17:14.255716,bitmart,0.5605,0.5632,8893.0,8042.0
2025-07-25T08:17:14.264594,gateio,0.5612,0.5627,11186.0,5331.0
2025-07-25T08:17:14.330953,mexc,0.5618,0.5619,9357930.0,9357930.0
2025-07-25T08:17:14.336607,gateio,0.5612,0.5627,16532.0,5331.0
2025-07-25T08:17:14.363742,bitget,0.5617,0.5625,112.94,320.4
2025-07-25T08:17:14.522249,bitget,0.5617,0.5624,112.94,110.24
2025-07-25T08:17:14.536313,blofin,0.5617,0.5623,62.0,11.0
2025-07-25T08:17:14.663842,bitget,0.5617,0.5624,112.94,110.24
2025-07-25T08:17:14.667224,lbank,0.561,0.563,8661.7,8885.9
2025-07-25T08:17:14.713753,bybit,0.0,0.5626,0.0,73.3
2025-07-25T08:17:14.759384,gateio,0.5612,0.5627,11186.0,5331.0
2025-07-25T08:17:14.884817,gateio,0.5612,0.5627,5840.0,5331.0
2025-07-25T08:17:14.935123,bingx,0.56,0.563,7499.138,53.37
2025-07-25T08:17:14.965864,bitget,0.5617,0.5624,112.94,110.24
2025-07-25T08:17:15.048243,blofin,0.5617,0.5621,62.0,36.0
2025-07-25T08:17:15.113853,bybit,0.0,0.5625,0.0,52.7
2025-07-25T08:17:15.114725,bitget,0.5617,0.5625,112.94,108.49
2025-07-25T08:17:15.168911,gateio,0.5612,0.5627,11186.0,5331.0
2025-07-25T08:17:15.264872,bitmart,0.5603,0.5632,138425.0,9488.0
2025-07-25T08:17:15.265967,bitget,0.5617,0.5625,112.94,1710.49
2025-07-25T08:17:15.416429,bitget,0.5617,0.5624,112.94,110.24
2025-07-25T08:17:15.513677,bybit,0.0,0.5625,0.0,125.2
2025-07-25T08:17:15.542056,blofin,0.5617,0.5622,62.0,1697.0
2025-07-25T08:17:15.564564,bitget,0.5617,0.5624,112.94,162.32
2025-07-25T08:17:15.610933,gateio,0.5612,0.5627,16532.0,5331.0
2025-07-25T08:17:15.668771,lbank,0.561,0.563,8661.7,8885.9
2025-07-25T08:17:15.714645,bitget,0.5617,0.5623,112.94,110.24
2025-07-25T08:17:15.766501,gateio,0.5612,0.5627,11186.0,5331.0
2025-07-25T08:17:15.834775,bingx,0.56,0.563,7499.138,53.37
2025-07-25T08:17:15.864778,bitget,0.5617,0.5623,112.94,110.24
2025-07-25T08:17:16.030521,gateio,0.5612,0.5626,5840.0,17628.0
2025-07-25T08:17:16.042722,gateio,0.5612,0.5625,16532.0,5288.0
2025-07-25T08:17:16.049425,blofin,0.5617,0.5622,64.0,1459.0
2025-07-25T08:17:16.130970,gateio,0.5612,0.5626,16532.0,5332.0
2025-07-25T08:17:16.167546,lbank,0.561,0.563,8661.7,8885.9
2025-07-25T08:17:16.282844,bitmart,0.5603,0.563,4990.0,10166.0
2025-07-25T08:17:16.313871,bybit,0.0,0.0,0.0,0.0
2025-07-25T08:17:16.446030,binance,0.562,0.562,0.0,0.0
2025-07-25T08:17:16.514383,bybit,0.5621,0.5624,223.7,52.7
2025-07-25T08:17:16.546329,blofin,0.5617,0.5622,64.0,1459.0
2025-07-25T08:17:16.582770,digifinex,0.562,0.563,161.0,251.0
2025-07-25T08:17:16.614038,bybit,0.5621,0.5622,151.3,52.7
2025-07-25T08:17:16.626958,gateio,0.5612,0.5626,16367.0,5332.0
2025-07-25T08:17:16.650854,gateio,0.5612,0.5626,16202.0,5332.0
2025-07-25T08:17:16.664427,gateio,0.5612,0.5626,16037.0,5332.0
2025-07-25T08:17:16.668187,lbank,0.561,0.563,8661.7,8885.9
2025-07-25T08:17:16.676018,digifinex,0.561,0.563,20.0,251.0
2025-07-25T08:17:16.682427,mexc,0.5618,0.5619,9357930.0,9357930.0
2025-07-25T08:17:16.739245,bingx,0.56,0.563,7499.138,53.37
2025-07-25T08:17:16.748700,okx,0.5614,0.562,6.8929,22.4896
2025-07-25T08:17:16.765370,bitget,0.5617,0.5623,112.94,110.24
2025-07-25T08:17:16.795167,gateio,0.5612,0.5626,10691.0,5332.0
2025-07-25T08:17:16.853815,gateio,0.5612,0.5626,5345.0,5332.0
2025-07-25T08:17:16.913916,bybit,0.0,0.0,0.0,0.0
2025-07-25T08:17:16.915282,bitget,0.5616,0.5623,112.94,110.24
2025-07-25T08:17:16.997821,digifinex,0.561,0.562,20.0,500.0
2025-07-25T08:17:17.055315,blofin,0.5617,0.5622,61.0,709.0
2025-07-25T08:17:17.066416,bitget,0.5615,0.5623,112.94,1712.96
2025-07-25T08:17:17.216113,bitget,0.5615,0.5622,112.94,110.24
2025-07-25T08:17:17.254590,bitmart,0.5601,0.5628,6448.0,15145.0
2025-07-25T08:17:17.414674,gateio,0.5612,0.5625,5345.0,28008.0
2025-07-25T08:17:17.424985,gateio,0.5612,0.5624,5345.0,13736.0
2025-07-25T08:17:17.446989,binance,0.562,0.562,0.0,0.0
2025-07-25T08:17:17.497362,okx,0.5614,0.5621,6.8929,122.9306
2025-07-25T08:17:17.515955,bitget,0.5615,0.5622,112.94,110.24
2025-07-25T08:17:17.547956,blofin,0.5617,0.562,3.0,1078.0
2025-07-25T08:17:17.562694,gateio,0.5612,0.5623,5345.0,4121.0
2025-07-25T08:17:17.590773,gateio,0.5612,0.5624,5345.0,5334.0
2025-07-25T08:17:17.639884,bingx,0.56,0.563,7499.138,53.37
2025-07-25T08:17:17.650524,okx,0.5614,0.562,6.8929,19.1926
2025-07-25T08:17:17.669899,lbank,0.561,0.563,8661.7,8885.9
2025-07-25T08:17:17.672696,bitget,0.5615,0.5623,112.94,320.54
2025-07-25T08:17:17.816042,bitget,0.5615,0.5622,112.94,110.24
2025-07-25T08:17:17.973515,bitget,0.5615,0.5622,112.94,110.24
2025-07-25T08:17:17.993097,okx,0.5614,0.5621,6.8929,122.9306
2025-07-25T08:17:18.046882,blofin,0.5617,0.562,1.0,259.0
2025-07-25T08:17:18.086500,gateio,0.5612,0.5624,5345.0,6223.0
2025-07-25T08:17:18.107184,digifinex,0.561,0.562,20.0,467.0
2025-07-25T08:17:18.115886,bitget,0.5615,0.5622,112.94,110.24
2025-07-25T08:17:18.169950,lbank,0.561,0.563,8661.7,8885.9
2025-07-25T08:17:18.251630,bitmart,0.5601,0.5628,6448.0,10740.0
2025-07-25T08:17:18.256970,okx,0.5614,0.562,6.8929,15.9337
2025-07-25T08:17:18.268331,bitget,0.5615,0.5622,112.94,110.24
2025-07-25T08:17:18.415976,bitget,0.5615,0.5622,112.94,110.24
2025-07-25T08:17:18.446613,binance,0.562,0.562,0.0,0.0
2025-07-25T08:17:18.514507,gateio,0.5612,0.5624,5345.0,5334.0
2025-07-25T08:17:18.542472,bingx,0.56,0.563,7499.138,53.37
2025-07-25T08:17:18.550542,okx,0.5614,0.5621,6.8929,122.9306
2025-07-25T08:17:18.567538,bitget,0.5615,0.5622,112.94,110.24
2025-07-25T08:17:18.568286,blofin,0.5617,0.562,1.0,259.0
2025-07-25T08:17:18.613710,bybit,0.0,0.5624,0.0,152.5
2025-07-25T08:17:18.650208,okx,0.5614,0.5621,6.8929,101.7453
2025-07-25T08:17:18.672331,lbank,0.561,0.563,8661.7,8885.9
2025-07-25T08:17:18.713801,bybit,0.0,0.5622,0.0,12.4
2025-07-25T08:17:18.716966,bitget,0.5615,0.5622,112.94,110.24
2025-07-25T08:17:18.785315,okx,0.5614,0.5621,6.8929,121.5577
2025-07-25T08:17:18.870535,bitget,0.5615,0.5622,112.94,110.24
2025-07-25T08:17:19.051002,blofin,0.5617,0.562,1.0,200.0
2025-07-25T08:17:19.078261,mexc,0.5615,0.5616,9357930.0,9357930.0
2025-07-25T08:17:19.171725,lbank,0.561,0.563,8661.7,8885.9
2025-07-25T08:17:19.268959,bitmart,0.5601,0.5631,171631.0,202908.0
2025-07-25T08:17:19.318429,bitget,0.5615,0.5622,112.94,110.24
2025-07-25T08:17:19.352521,okx,0.5614,0.5621,6.8929,116.2643
2025-07-25T08:17:19.446775,binance,0.562,0.562,0.0,0.0
2025-07-25T08:17:19.447967,bingx,0.56,0.563,7499.138,53.37
2025-07-25T08:17:19.466018,okx,0.5614,0.5621,6.8929,101.7453
2025-07-25T08:17:19.474880,bitget,0.5615,0.5623,112.94,110.24
2025-07-25T08:17:19.553754,blofin,0.5617,0.562,1.0,181.0
2025-07-25T08:17:19.590377,okx,0.5614,0.5621,6.8929,117.5834
2025-07-25T08:17:19.617076,bitget,0.5615,0.5623,112.94,110.24
2025-07-25T08:17:19.667911,lbank,0.561,0.563,8661.7,8885.9
2025-07-25T08:17:19.772516,bitget,0.5615,0.5623,112.94,110.24
2025-07-25T08:17:20.062547,blofin,0.5617,0.562,1.0,181.0
2025-07-25T08:17:20.170543,lbank,0.561,0.563,8661.7,8885.9
2025-07-25T08:17:20.213841,bitmart,0.5603,0.5628,7633.0,19594.0
2025-07-25T08:17:20.346156,bingx,0.56,0.563,7499.138,53.37
2025-07-25T08:17:20.449396,binance,0.562,0.562,0.0,0.0
2025-07-25T08:17:20.517482,bitget,0.5615,0.5623,112.94,110.24
2025-07-25T08:17:20.559737,blofin,0.5617,0.562,1.0,4.0
2025-07-25T08:17:20.667616,lbank,0.561,0.563,8661.7,8885.9
2025-07-25T08:17:20.670648,bitget,0.5615,0.5623,112.94,110.24
2025-07-25T08:17:20.818762,bitget,0.5615,0.5623,112.94,110.24
2025-07-25T08:17:20.913761,bybit,0.5621,0.0,152.7,0.0
2025-07-25T08:17:20.968047,bitget,0.5615,0.5623,112.94,110.24
2025-07-25T08:17:21.059284,blofin,0.5617,0.562,1.0,4.0
2025-07-25T08:17:21.120218,bitget,0.5615,0.5623,112.94,110.24
2025-07-25T08:17:21.172206,lbank,0.561,0.563,8661.7,8885.9
2025-07-25T08:17:21.214024,bybit,0.5619,0.5622,519.7,56.5
2025-07-25T08:17:21.249370,bingx,0.56,0.563,7499.138,53.37
2025-07-25T08:17:21.269402,bitget,0.5615,0.5623,112.94,110.24
2025-07-25T08:17:21.314177,bybit,0.5617,0.5619,72.3,52.7
2025-07-25T08:17:21.326587,bitmart,0.5601,0.5631,166042.0,180639.0
2025-07-25T08:17:21.326840,gateio,0.5607,0.5624,146.0,5334.0
2025-07-25T08:17:21.364760,gateio,0.5607,0.5624,54.0,5334.0
2025-07-25T08:17:21.376957,gateio,0.5608,0.5624,5349.0,5334.0
2025-07-25T08:17:21.406745,okx,0.5614,0.562,6.8929,14.8773
2025-07-25T08:17:21.430736,bitget,0.5615,0.5622,112.94,110.24
2025-07-25T08:17:21.445824,binance,0.562,0.562,0.0,0.0
2025-07-25T08:17:21.506126,okx,0.5614,0.5619,6.8929,15.2063
2025-07-25T08:17:21.517457,mexc,0.5615,0.5616,9357930.0,9357930.0
2025-07-25T08:17:21.549877,blofin,0.5617,0.562,1.0,653.0
2025-07-25T08:17:21.569109,bitget,0.5615,0.5622,112.94,240.5
2025-07-25T08:17:21.606910,gateio,0.5608,0.5624,5403.0,5334.0
2025-07-25T08:17:21.622693,gateio,0.5608,0.5624,5403.0,6223.0
2025-07-25T08:17:21.624683,okx,0.5614,0.562,6.8929,30.8773
2025-07-25T08:17:21.668895,lbank,0.561,0.563,8661.7,8885.9
2025-07-25T08:17:21.718587,bitget,0.5615,0.5621,112.94,110.24
2025-07-25T08:17:21.871757,bitget,0.5615,0.5621,112.94,110.24
2025-07-25T08:17:21.877290,digifinex,0.561,0.562,20.0,462.0
2025-07-25T08:17:22.013866,bybit,0.0,0.0,0.0,0.0
2025-07-25T08:17:22.018564,bitget,0.5615,0.5621,112.94,110.24
2025-07-25T08:17:22.063998,blofin,0.5617,0.562,1.0,2003.0
2025-07-25T08:17:22.076385,digifinex,0.561,0.562,20.0,462.0
2025-07-25T08:17:22.157129,bingx,0.56,0.563,7499.138,53.37
2025-07-25T08:17:22.170574,lbank,0.561,0.563,8661.7,8885.9
2025-07-25T08:17:22.223666,bitmart,0.5601,0.5627,1127.0,8492.0
2025-07-25T08:17:22.366605,gateio,0.5608,0.5624,5403.0,7112.0
2025-07-25T08:17:22.494035,okx,0.5614,0.5619,6.8929,19.9904
2025-07-25T08:17:22.547711,blofin,0.5617,0.5619,1.0,1999.0
2025-07-25T08:17:22.769483,bitget,0.5615,0.5621,112.94,110.24
2025-07-25T08:17:22.914894,bybit,0.5616,0.0,72.3,0.0
2025-07-25T08:17:22.918970,bitget,0.5615,0.5621,112.94,110.24
2025-07-25T08:17:22.985296,gateio,0.5608,0.5624,5403.0,12445.0
2025-07-25T08:17:23.054093,bingx,0.56,0.563,7499.138,53.37
2025-07-25T08:17:23.055486,blofin,0.5617,0.5619,1.0,96.0
2025-07-25T08:17:23.069335,bitget,0.5615,0.5621,112.94,110.24
2025-07-25T08:17:23.166721,lbank,0.561,0.563,4047.2,7102.9
2025-07-25T08:17:23.219770,bitget,0.5615,0.5621,112.94,110.24
2025-07-25T08:17:23.327996,bitmart,0.5599,0.5629,91424.0,15794.0
2025-07-25T08:17:23.558528,blofin,0.5617,0.5619,1.0,96.0
2025-07-25T08:17:23.613946,bybit,0.5615,0.5618,72.3,52.7
2025-07-25T08:17:23.668932,gateio,0.5608,0.5623,10753.0,3734.0
2025-07-25T08:17:23.669401,bitget,0.5614,0.5621,100.0,230.64
2025-07-25T08:17:23.670742,lbank,0.561,0.563,4047.2,7102.9
2025-07-25T08:17:23.680604,gateio,0.5608,0.5622,10699.0,5336.0
2025-07-25T08:17:23.713930,bybit,0.5614,0.5617,152.7,52.7
2025-07-25T08:17:23.786338,okx,0.5614,0.5616,6.8929,105.4744
2025-07-25T08:17:23.819452,bitget,0.5614,0.562,110.24,312.78
2025-07-25T08:17:23.861722,mexc,0.5614,0.5615,9357930.0,9357930.0
2025-07-25T08:17:23.877036,digifinex,0.561,0.562,20.0,454.0
2025-07-25T08:17:23.895610,okx,0.5614,0.5616,6.8929,90.3911
2025-07-25T08:17:23.919994,gateio,0.5608,0.5622,5349.0,6225.0
2025-07-25T08:17:23.958647,bingx,0.56,0.563,7499.138,53.37
2025-07-25T08:17:23.970265,bitget,0.5614,0.5619,110.24,110.24
2025-07-25T08:17:24.039471,blofin,0.5617,0.5619,1.0,96.0
2025-07-25T08:17:24.083732,digifinex,0.561,0.562,20.0,454.0
2025-07-25T08:17:24.120285,bitget,0.5614,0.5619,110.24,110.24
2025-07-25T08:17:24.165377,lbank,0.561,0.563,4047.2,7102.9
2025-07-25T08:17:24.270645,bitget,0.5614,0.5619,110.24,110.24
2025-07-25T08:17:24.303509,bitmart,0.5597,0.5627,111941.0,173981.0
2025-07-25T08:17:24.421078,bitget,0.5614,0.5619,110.24,110.24
2025-07-25T08:17:24.446132,binance,0.562,0.562,0.0,0.0
2025-07-25T08:17:24.556895,blofin,0.5614,0.5617,4.0,1101.0
2025-07-25T08:17:24.570611,bitget,0.5614,0.5619,110.24,199.22
2025-07-25T08:17:24.664640,lbank,0.56,0.561,19294.9,1681.4
2025-07-25T08:17:24.720567,bitget,0.5614,0.5618,110.24,112.84
2025-07-25T08:17:24.870918,bitget,0.5614,0.5618,110.24,112.84
2025-07-25T08:17:24.901814,bingx,0.56,0.563,7499.138,53.37
2025-07-25T08:17:25.013818,bybit,0.0,0.0,0.0,0.0
2025-07-25T08:17:25.020982,bitget,0.5614,0.5619,110.24,110.24
2025-07-25T08:17:25.049144,blofin,0.5614,0.5617,4.0,799.0
2025-07-25T08:17:25.052690,gateio,0.5608,0.562,5349.0,206.0
2025-07-25T08:17:25.138387,gateio,0.5608,0.5622,5349.0,6225.0
2025-07-25T08:17:25.150732,gateio,0.5608,0.5622,5349.0,7114.0
2025-07-25T08:17:25.170662,bitget,0.5614,0.5619,110.24,110.24
2025-07-25T08:17:25.213081,lbank,0.56,0.561,2281.6,1681.4
2025-07-25T08:17:25.246222,bitmart,0.5597,0.5627,115907.0,177063.0
2025-07-25T08:17:25.320279,bitget,0.5614,0.5619,110.24,288.2
2025-07-25T08:17:25.445875,binance,0.562,0.562,0.0,0.0
2025-07-25T08:17:25.470677,bitget,0.5614,0.5618,110.24,112.84
2025-07-25T08:17:25.554257,blofin,0.561,0.5617,481.0,799.0
2025-07-25T08:17:25.635957,bitget,0.5614,0.5618,110.24,112.84
2025-07-25T08:17:25.665693,lbank,0.56,0.561,2281.6,1681.4
2025-07-25T08:17:25.763325,bingx,0.56,0.563,7499.138,53.37
2025-07-25T08:17:25.771456,bitget,0.5614,0.5619,110.24,110.24
2025-07-25T08:17:25.853179,okx,0.5614,0.5618,6.8929,19.9728
2025-07-25T08:17:26.057917,blofin,0.561,0.5617,481.0,799.0
2025-07-25T08:17:26.229459,mexc,0.5614,0.5615,9357930.0,9357930.0
2025-07-25T08:17:26.242356,bitmart,0.5599,0.5624,10040.0,16060.0
2025-07-25T08:17:26.371257,bitget,0.5614,0.5619,110.24,110.24
2025-07-25T08:17:26.494426,okx,0.5614,0.5619,6.8929,19.9904
2025-07-25T08:17:26.521416,bitget,0.5614,0.5619,110.24,288.2
2025-07-25T08:17:26.534656,blofin,0.561,0.5617,483.0,880.0
2025-07-25T08:17:26.669112,lbank,0.561,0.562,2281.6,2295.1
2025-07-25T08:17:26.670046,bingx,0.56,0.563,7499.138,53.37
2025-07-25T08:17:26.671640,bitget,0.5614,0.5618,110.24,112.84
2025-07-25T08:17:26.822878,bitget,0.5614,0.5618,110.24,112.84
2025-07-25T08:17:26.972444,bitget,0.5614,0.5619,110.24,110.24
2025-07-25T08:17:27.045907,blofin,0.561,0.5617,479.0,820.0
2025-07-25T08:17:27.154697,gateio,0.5608,0.5622,5349.0,6225.0
2025-07-25T08:17:27.167999,lbank,0.561,0.562,2281.6,2295.1
2025-07-25T08:17:27.193736,okx,0.5614,0.562,6.8929,30.8773
2025-07-25T08:17:27.272031,bitget,0.5614,0.5618,110.24,112.84
2025-07-25T08:17:27.288376,bitmart,0.5599,0.5625,12288.0,577.0
2025-07-25T08:17:27.426037,bitget,0.5614,0.5619,110.24,110.24
2025-07-25T08:17:27.446688,binance,0.562,0.562,0.0,0.0
2025-07-25T08:17:27.544307,blofin,0.561,0.5617,479.0,820.0
2025-07-25T08:17:27.570045,bingx,0.56,0.563,7499.138,53.37
2025-07-25T08:17:27.667776,lbank,0.561,0.562,2281.6,2295.1
2025-07-25T08:17:27.898243,okx,0.5614,0.562,6.8929,16.0
2025-07-25T08:17:28.054412,blofin,0.5611,0.5617,277.0,48.0
2025-07-25T08:17:28.169417,lbank,0.561,0.562,2281.6,2295.1
2025-07-25T08:17:28.302585,bitmart,0.5599,0.5625,11654.0,367.0
2025-07-25T08:17:28.416447,bybit,0.5617,0.562,89.2,72.1
2025-07-25T08:17:28.445188,gateio,0.5608,0.5622,10699.0,6225.0
2025-07-25T08:17:28.482576,bitget,0.5614,0.562,110.24,162.32
2025-07-25T08:17:28.483063,bingx,0.56,0.563,7499.138,53.37
2025-07-25T08:17:28.502823,gateio,0.5608,0.5622,16049.0,5336.0
2025-07-25T08:17:28.514354,bybit,0.0,0.0,0.0,0.0
2025-07-25T08:17:28.559839,blofin,0.5611,0.5617,277.0,48.0
2025-07-25T08:17:28.611486,mexc,0.5614,0.5615,9357930.0,9357930.0
2025-07-25T08:17:28.614288,bybit,0.5619,0.5623,89.2,72.3
2025-07-25T08:17:28.623009,bitget,0.5614,0.5621,110.24,313.32
2025-07-25T08:17:28.635009,gateio,0.5609,0.5622,4380.0,5336.0
2025-07-25T08:17:28.666087,lbank,0.561,0.562,2281.6,2295.1
2025-07-25T08:17:28.701212,okx,0.5616,0.5621,18.004,85.7453
2025-07-25T08:17:28.714317,bybit,0.562,0.0,89.2,0.0
2025-07-25T08:17:28.735915,gateio,0.5609,0.5629,4380.0,140.0
2025-07-25T08:17:28.764560,gateio,0.5608,0.5628,10699.0,5330.0
2025-07-25T08:17:28.773022,bitget,0.5614,0.5622,110.24,110.24
2025-07-25T08:17:28.774617,bingx,0.56,0.563,7499.138,53.37
2025-07-25T08:17:28.776543,digifinex,0.561,0.563,20.0,251.0
2025-07-25T08:17:28.799188,gateio,0.5608,0.5628,16049.0,5330.0
2025-07-25T08:17:28.810689,gateio,0.5609,0.5628,4815.0,5330.0
2025-07-25T08:17:28.813890,bybit,0.5623,0.5625,89.2,72.5
2025-07-25T08:17:28.886018,digifinex,0.562,0.563,61.0,251.0
2025-07-25T08:17:28.913969,bybit,0.5621,0.0,72.1,0.0
2025-07-25T08:17:28.941810,bitget,0.5615,0.5623,708.72,110.24
2025-07-25T08:17:29.014960,bybit,0.562,0.5624,72.1,249.3
2025-07-25T08:17:29.042615,gateio,0.561,0.5628,5347.0,5330.0
2025-07-25T08:17:29.069191,blofin,0.5612,0.5617,277.0,50.0
2025-07-25T08:17:29.074306,bitget,0.5616,0.5624,325.46,110.24
2025-07-25T08:17:29.106591,gateio,0.561,0.5628,5909.0,5330.0
2025-07-25T08:17:29.174961,lbank,0.561,0.562,2281.6,2295.1
2025-07-25T08:17:29.214093,bybit,0.0,0.0,0.0,0.0
2025-07-25T08:17:29.225437,bitget,0.5617,0.5625,112.84,320.42
2025-07-25T08:17:29.245619,okx,0.5615,0.5621,18.021,85.7453
2025-07-25T08:17:29.286384,bitmart,0.5604,0.563,432.0,16048.0
2025-07-25T08:17:29.312249,gateio,0.561,0.5628,6471.0,5330.0
2025-07-25T08:17:29.313982,bybit,0.0,0.5624,0.0,71.5
2025-07-25T08:17:29.375701,digifinex,0.562,0.563,13.0,251.0
2025-07-25T08:17:29.379061,bitget,0.5617,0.5624,112.84,112.84
2025-07-25T08:17:29.446905,binance,0.562,0.562,0.0,0.0
2025-07-25T08:17:29.480669,gateio,0.561,0.5628,7033.0,5330.0
2025-07-25T08:17:29.496216,gateio,0.561,0.5628,6471.0,5330.0
2025-07-25T08:17:29.513977,bybit,0.5618,0.5622,72.1,71.5
2025-07-25T08:17:29.524568,bitget,0.5617,0.5624,112.84,112.84
2025-07-25T08:17:29.548775,gateio,0.561,0.5628,5465.0,5330.0
2025-07-25T08:17:29.556765,blofin,0.5616,0.5617,187.0,4.0
2025-07-25T08:17:29.560635,gateio,0.561,0.5628,6601.0,5330.0
2025-07-25T08:17:29.604138,okx,0.5614,0.5621,74.9139,85.7453
2025-07-25T08:17:29.670112,lbank,0.561,0.562,2281.6,2295.1
2025-07-25T08:17:29.673910,bitget,0.5617,0.5624,112.84,1315.36
2025-07-25T08:17:29.676019,digifinex,0.561,0.563,20.0,251.0
2025-07-25T08:17:29.680022,bingx,0.56,0.563,7499.138,53.37
2025-07-25T08:17:29.776039,digifinex,0.561,0.562,20.0,500.0
2025-07-25T08:17:29.824479,bitget,0.5616,0.5623,112.84,112.84
2025-07-25T08:17:29.930575,gateio,0.561,0.5628,5347.0,5330.0
2025-07-25T08:17:29.974159,bitget,0.5614,0.5623,110.24,112.84
2025-07-25T08:17:29.989627,bingx,0.56,0.563,7499.138,53.37
2025-07-25T08:17:30.014355,bybit,0.0,0.0,0.0,0.0
2025-07-25T08:17:30.050243,blofin,0.5616,0.5617,187.0,4.0
2025-07-25T08:17:30.125056,bitget,0.5615,0.5622,112.84,112.84
2025-07-25T08:17:30.166936,lbank,0.561,0.562,2281.6,2295.1
2025-07-25T08:17:30.273329,bitget,0.5615,0.5622,112.84,112.84
2025-07-25T08:17:30.297996,bitmart,0.5599,0.563,192174.0,12067.0
2025-07-25T08:17:30.424047,bitget,0.5615,0.5622,112.84,112.84
2025-07-25T08:17:30.446508,binance,0.562,0.562,0.0,0.0
2025-07-25T08:17:30.545408,blofin,0.5613,0.5621,36.0,40.0
2025-07-25T08:17:30.574419,bitget,0.5615,0.5622,112.84,112.84
2025-07-25T08:17:30.667210,lbank,0.561,0.562,2281.6,2295.1
2025-07-25T08:17:30.690543,gateio,0.561,0.5628,5347.0,6218.0
2025-07-25T08:17:30.727028,bitget,0.5615,0.5622,112.84,112.84
2025-07-25T08:17:30.874192,bitget,0.5615,0.5622,112.84,112.84
2025-07-25T08:17:30.882914,bingx,0.56,0.563,7499.138,53.37
2025-07-25T08:17:30.987584,mexc,0.5618,0.5619,9357930.0,9357930.0
2025-07-25T08:17:31.013937,bybit,0.562,0.5623,89.2,71.5
2025-07-25T08:17:31.029030,bitget,0.5615,0.5622,112.84,112.84
2025-07-25T08:17:31.061966,blofin,0.5613,0.5621,142.0,40.0
2025-07-25T08:17:31.112811,gateio,0.561,0.5628,16043.0,11548.0
2025-07-25T08:17:31.132974,gateio,0.561,0.5627,16043.0,3731.0
2025-07-25T08:17:31.159766,gateio,0.561,0.5626,16043.0,5332.0
2025-07-25T08:17:31.167690,lbank,0.561,0.562,2281.6,2295.1
2025-07-25T08:17:31.169190,okx,0.5615,0.5621,17.378,85.7453
2025-07-25T08:17:31.175166,bitget,0.5615,0.5622,112.84,112.84
2025-07-25T08:17:31.226738,bitmart,0.5602,0.5631,12290.0,166963.0
2025-07-25T08:17:31.325639,bitget,0.5615,0.5622,112.84,112.84
2025-07-25T08:17:31.446757,binance,0.562,0.562,0.0,0.0
2025-07-25T08:17:31.474748,bitget,0.5615,0.5623,112.84,112.84
2025-07-25T08:17:31.554070,blofin,0.5615,0.5622,142.0,37.0
2025-07-25T08:17:31.614463,bybit,0.5621,0.5624,89.2,71.5
2025-07-25T08:17:31.626575,bitget,0.5615,0.5624,112.84,112.84
2025-07-25T08:17:31.667700,lbank,0.561,0.562,2281.6,2295.1
2025-07-25T08:17:31.676478,digifinex,0.561,0.563,20.0,251.0
2025-07-25T08:17:31.782593,bitget,0.5615,0.5624,112.84,112.84
2025-07-25T08:17:31.785062,bingx,0.56,0.563,7499.138,53.37
2025-07-25T08:17:31.913704,bybit,0.0,0.5624,0.0,131.6
2025-07-25T08:17:31.927909,bitget,0.5615,0.5624,214.61,240.5
2025-07-25T08:17:31.981752,digifinex,0.562,0.563,106.0,251.0
2025-07-25T08:17:32.054249,blofin,0.5615,0.5622,142.0,37.0
2025-07-25T08:17:32.074671,bitget,0.5616,0.5623,112.84,112.84
2025-07-25T08:17:32.075680,gateio,0.5611,0.5626,3833.0,5332.0
2025-07-25T08:17:32.116495,bybit,0.0,0.5624,0.0,140.5
2025-07-25T08:17:32.167540,lbank,0.561,0.562,2281.6,2295.1
2025-07-25T08:17:32.228130,bitget,0.5615,0.5623,214.61,112.84
2025-07-25T08:17:32.247421,bitmart,0.5604,0.5629,10981.0,15663.0
2025-07-25T08:17:32.314010,bybit,0.0,0.5624,0.0,80.4
2025-07-25T08:17:32.374612,bitget,0.5616,0.5623,112.84,112.84
2025-07-25T08:17:32.527107,bitget,0.5616,0.5623,112.84,112.84
2025-07-25T08:17:32.553607,blofin,0.5615,0.5622,151.0,157.0
2025-07-25T08:17:32.610457,gateio,0.561,0.5626,5347.0,5332.0
2025-07-25T08:17:32.669921,lbank,0.561,0.562,2281.6,2295.1
2025-07-25T08:17:32.689747,bingx,0.56,0.563,7499.138,53.37
2025-07-25T08:17:32.813863,bybit,0.0,0.0,0.0,0.0
2025-07-25T08:17:32.825166,bitget,0.5616,0.5623,112.84,112.84
2025-07-25T08:17:33.042753,blofin,0.5615,0.5621,187.0,298.0
2025-07-25T08:17:33.113845,bybit,0.0,0.5624,0.0,71.5
2025-07-25T08:17:33.170109,lbank,0.561,0.563,8815.1,7427.9
2025-07-25T08:17:33.259685,bitmart,0.5602,0.5631,187124.0,15845.0
2025-07-25T08:17:33.275509,bitget,0.5616,0.5623,112.84,112.84
2025-07-25T08:17:33.368491,mexc,0.5615,0.5616,9357930.0,9357930.0
2025-07-25T08:17:33.426636,bitget,0.5616,0.5623,112.84,112.84
2025-07-25T08:17:33.571831,blofin,0.5615,0.5621,190.0,298.0
2025-07-25T08:17:33.592963,bingx,0.56,0.563,7499.138,53.37
2025-07-25T08:17:33.664982,lbank,0.561,0.563,8815.1,7427.9
2025-07-25T08:17:33.728054,bitget,0.5616,0.5623,112.84,112.84
2025-07-25T08:17:34.068514,blofin,0.5615,0.5621,190.0,298.0
2025-07-25T08:17:34.299441,bitmart,0.5604,0.5631,10067.0,15845.0
2025-07-25T08:17:34.332179,bitget,0.5616,0.5623,112.84,112.84
2025-07-25T08:17:34.493833,bingx,0.56,0.563,7499.138,53.37
2025-07-25T08:17:34.538101,blofin,0.5615,0.5621,192.0,4.0
2025-07-25T08:17:34.631925,bitget,0.5616,0.5623,112.84,112.84
2025-07-25T08:17:34.697765,okx,0.5615,0.5621,67.378,85.7453
2025-07-25T08:17:34.776989,bitget,0.5616,0.5623,112.84,112.84
2025-07-25T08:17:35.048313,blofin,0.5615,0.5622,192.0,301.0
2025-07-25T08:17:35.165353,lbank,0.561,0.563,8815.1,7427.9
2025-07-25T08:17:35.287858,bitmart,0.5604,0.5631,14156.0,15845.0
2025-07-25T08:17:35.402525,bingx,0.56,0.563,7499.138,53.37
2025-07-25T08:17:35.526684,bitget,0.5616,0.5624,112.84,165.77
2025-07-25T08:17:35.544966,blofin,0.5615,0.5622,192.0,301.0
2025-07-25T08:17:35.560272,okx,0.5615,0.5621,68.378,85.7453
2025-07-25T08:17:35.613719,bybit,0.5622,0.0,49.9,0.0
2025-07-25T08:17:35.665685,lbank,0.561,0.563,8815.1,7427.9
2025-07-25T08:17:35.677193,bitget,0.5616,0.5623,112.84,109.91
2025-07-25T08:17:35.737855,mexc,0.5615,0.5616,9357930.0,9357930.0
2025-07-25T08:17:35.788116,okx,0.5615,0.5621,67.378,85.7453
2025-07-25T08:17:35.832608,gateio,0.561,0.5626,5750.0,5332.0
2025-07-25T08:17:35.833546,bitget,0.5616,0.5623,112.84,109.91
2025-07-25T08:17:35.856503,gateio,0.561,0.5626,11904.0,5332.0
2025-07-25T08:17:35.918665,gateio,0.5611,0.5626,3571.0,5332.0
2025-07-25T08:17:35.980628,bitget,0.5616,0.5623,112.84,109.91
2025-07-25T08:17:36.053736,blofin,0.5615,0.5622,192.0,299.0
2025-07-25T08:17:36.129965,bitget,0.5615,0.5623,112.84,109.91
2025-07-25T08:17:36.167080,lbank,0.561,0.563,8815.1,7427.9
2025-07-25T08:17:36.250809,bitmart,0.5604,0.5631,15277.0,15845.0
2025-07-25T08:17:36.277347,bitget,0.5615,0.5623,112.84,109.91
2025-07-25T08:17:36.302056,bingx,0.56,0.563,7499.138,53.37
2025-07-25T08:17:36.429134,bitget,0.5615,0.5623,112.84,109.91
2025-07-25T08:17:36.447304,binance,0.562,0.562,0.0,0.0
2025-07-25T08:17:36.540141,blofin,0.5616,0.5622,189.0,299.0
2025-07-25T08:17:36.577349,bitget,0.5615,0.5623,112.84,109.91
2025-07-25T08:17:36.665389,lbank,0.561,0.563,8815.1,7427.9
2025-07-25T08:17:36.727342,bitget,0.5615,0.5623,112.84,109.91
2025-07-25T08:17:36.877397,bitget,0.5615,0.5623,112.84,109.91
2025-07-25T08:17:37.053557,blofin,0.5616,0.5622,136.0,303.0
2025-07-25T08:17:37.173625,lbank,0.561,0.563,8815.1,7427.9
2025-07-25T08:17:37.207022,bingx,0.56,0.563,7499.138,53.37
2025-07-25T08:17:37.296351,bitmart,0.5604,0.5631,11759.0,15845.0
2025-07-25T08:17:37.481521,bitget,0.5615,0.5623,112.84,109.91
2025-07-25T08:17:37.548520,blofin,0.5616,0.5622,136.0,303.0
2025-07-25T08:17:37.628338,bitget,0.5615,0.5623,112.84,109.91
2025-07-25T08:17:37.666216,lbank,0.561,0.563,8815.1,7427.9
2025-07-25T08:17:37.690799,gateio,0.5611,0.5626,20.0,5332.0
2025-07-25T08:17:37.736545,gateio,0.5611,0.5626,128.0,6257.0
2025-07-25T08:17:37.914171,bybit,0.0,0.5625,0.0,72.5
2025-07-25T08:17:37.931141,bitget,0.5615,0.5623,112.84,109.91
2025-07-25T08:17:37.944401,gateio,0.5611,0.5626,5475.0,6257.0
2025-07-25T08:17:37.970657,gateio,0.5611,0.5626,10822.0,6257.0
2025-07-25T08:17:37.977383,okx,0.5615,0.5621,68.378,85.7453
2025-07-25T08:17:38.054491,blofin,0.5616,0.5622,136.0,303.0
2025-07-25T08:17:38.081446,bitget,0.5615,0.5624,460.5,112.84
2025-07-25T08:17:38.088304,okx,0.5616,0.5621,16.6974,85.7453
2025-07-25T08:17:38.106938,bingx,0.56,0.563,7499.138,53.37
2025-07-25T08:17:38.139805,mexc,0.5617,0.5618,9357930.0,9357930.0
2025-07-25T08:17:38.167064,lbank,0.561,0.563,8815.1,7427.9
2025-07-25T08:17:38.229372,bitget,0.5616,0.5624,248.06,112.84
2025-07-25T08:17:38.238127,bitmart,0.5605,0.5631,10264.0,4514.0
2025-07-25T08:17:38.378318,bitget,0.5617,0.5625,109.91,108.49
2025-07-25T08:17:38.448631,binance,0.562,0.562,0.0,0.0
2025-07-25T08:17:38.531987,bitget,0.5617,0.5625,109.91,108.49
2025-07-25T08:17:38.552927,gateio,0.5611,0.5626,10821.0,6257.0
2025-07-25T08:17:38.554117,blofin,0.5616,0.5622,36.0,5.0
2025-07-25T08:17:38.636626,gateio,0.5611,0.5626,5474.0,6257.0
2025-07-25T08:17:38.656723,okx,0.5616,0.5621,17.6974,85.7453
2025-07-25T08:17:38.681562,bitget,0.5617,0.5625,109.91,108.49
2025-07-25T08:17:38.808404,gateio,0.5611,0.5626,6715.0,6257.0
2025-07-25T08:17:38.829589,bitget,0.5617,0.5625,109.91,108.49
2025-07-25T08:17:39.014264,bingx,0.56,0.563,7499.138,53.37
2025-07-25T08:17:39.037882,blofin,0.5616,0.5622,36.0,5.0
2025-07-25T08:17:39.097478,okx,0.5616,0.5621,18.6974,85.7453
2025-07-25T08:17:39.131208,bitget,0.5617,0.5625,109.91,108.49
2025-07-25T08:17:39.316352,gateio,0.5611,0.5626,12062.0,6257.0
2025-07-25T08:17:39.334933,bitmart,0.5602,0.5631,191481.0,4514.0
2025-07-25T08:17:39.558338,blofin,0.5616,0.5623,478.0,42.0
2025-07-25T08:17:39.589055,okx,0.5616,0.5621,17.6974,85.7453
2025-07-25T08:17:39.880140,bitget,0.5617,0.5625,109.91,108.49
2025-07-25T08:17:39.913738,bingx,0.56,0.563,7499.138,53.37
2025-07-25T08:17:40.062105,blofin,0.5617,0.5623,293.0,460.0
2025-07-25T08:17:40.214768,bingx,0.56,0.563,7499.138,53.37
2025-07-25T08:17:40.215245,bybit,0.5623,0.5627,89.2,330.7
2025-07-25T08:17:40.237527,bitmart,0.5602,0.5631,191481.0,4514.0
2025-07-25T08:17:40.259202,okx,0.5617,0.5626,16.5012,31.9364
2025-07-25T08:17:40.287878,gateio,0.5611,0.5626,17409.0,5332.0
2025-07-25T08:17:40.299050,gateio,0.5611,0.5626,16168.0,5332.0
2025-07-25T08:17:40.314139,bybit,0.5625,0.5628,71.6,259.9
2025-07-25T08:17:40.314651,gateio,0.5612,0.5626,5104.0,5332.0
2025-07-25T08:17:40.336878,bitget,0.5617,0.5626,109.91,142.88
2025-07-25T08:17:40.389609,okx,0.562,0.5628,16.5012,97.7322
2025-07-25T08:17:40.414036,bybit,0.5626,0.5629,160.8,81.9
2025-07-25T08:17:40.476726,digifinex,0.563,0.564,5.0,276.0
2025-07-25T08:17:40.487128,bitget,0.5617,0.5627,109.91,103.87
2025-07-25T08:17:40.493677,lbank,0.561,0.563,8815.1,7427.9
2025-07-25T08:17:40.494768,gateio,0.5612,0.5626,5250.0,5332.0
2025-07-25T08:17:40.499963,okx,0.5621,0.5628,16.5012,97.7322
2025-07-25T08:17:40.512059,binance,0.562,0.562,0.0,0.0
2025-07-25T08:17:40.514134,bybit,0.5627,0.5629,89.2,71.6
2025-07-25T08:17:40.519437,mexc,0.5617,0.5618,9357930.0,9357930.0
2025-07-25T08:17:40.544630,blofin,0.5617,0.5623,293.0,5.0
2025-07-25T08:17:40.548337,gateio,0.5612,0.5631,5250.0,198.0
2025-07-25T08:17:40.575200,gateio,0.5612,0.5631,5890.0,198.0
2025-07-25T08:17:40.586265,digifinex,0.562,0.563,106.0,500.0
2025-07-25T08:17:40.606865,gateio,0.5612,0.5631,5250.0,198.0
2025-07-25T08:17:40.613601,bybit,0.5628,0.5631,89.2,72.5
2025-07-25T08:17:40.631299,bitget,0.5617,0.5628,648.97,111.66
2025-07-25T08:17:40.658278,okx,0.5621,0.5628,16.5012,81.7322
2025-07-25T08:17:40.659542,gateio,0.5612,0.5631,5466.0,198.0
2025-07-25T08:17:40.684716,gateio,0.5612,0.563,5466.0,206.0
2025-07-25T08:17:40.704576,gateio,0.5612,0.5631,5682.0,198.0
2025-07-25T08:17:40.755489,okx,0.5622,0.5628,16.9339,81.7322
2025-07-25T08:17:40.781466,bitget,0.5619,0.5629,481.62,111.66
2025-07-25T08:17:40.795276,gateio,0.5612,0.5631,5898.0,198.0
2025-07-25T08:17:40.813728,bybit,0.0,0.5632,0.0,137.8
2025-07-25T08:17:40.817870,bingx,0.561,0.564,6724.057,802.619
2025-07-25T08:17:40.882424,gateio,0.5612,0.5631,794.0,198.0
2025-07-25T08:17:40.913734,bybit,0.5627,0.5632,71.6,257.8
2025-07-25T08:17:40.926473,gateio,0.5612,0.5631,973.0,198.0
2025-07-25T08:17:40.937960,bitget,0.562,0.5629,379.5,111.66
2025-07-25T08:17:41.005078,gateio,0.5612,0.5631,794.0,198.0
2025-07-25T08:17:41.013853,bybit,0.0,0.5631,0.0,249.2
2025-07-25T08:17:41.058276,blofin,0.5617,0.5623,293.0,5.0
2025-07-25T08:17:41.081974,bitget,0.5622,0.563,109.91,111.66
2025-07-25T08:17:41.093186,gateio,0.5612,0.5631,578.0,198.0
2025-07-25T08:17:41.106718,gateio,0.5612,0.5631,254.0,198.0
2025-07-25T08:17:41.113984,bybit,0.0,0.5631,0.0,719.1
2025-07-25T08:17:41.132533,gateio,0.5612,0.5631,254.0,1086.0
2025-07-25T08:17:41.148345,gateio,0.5612,0.5631,362.0,1086.0
2025-07-25T08:17:41.169689,lbank,0.561,0.563,8815.1,7427.9
2025-07-25T08:17:41.196457,okx,0.5621,0.5628,16.5012,81.7322
2025-07-25T08:17:41.213698,bybit,0.0,0.5631,0.0,701.3
2025-07-25T08:17:41.230930,bitget,0.5622,0.563,109.91,111.66
2025-07-25T08:17:41.237249,gateio,0.5612,0.563,470.0,206.0
2025-07-25T08:17:41.286483,bitmart,0.5609,0.5635,5036.0,7568.0
2025-07-25T08:17:41.336578,gateio,0.5612,0.5631,470.0,198.0
2025-07-25T08:17:41.381918,bitget,0.5621,0.563,223.76,111.66
2025-07-25T08:17:41.446093,binance,0.562,0.562,0.0,0.0
2025-07-25T08:17:41.530362,bitget,0.5622,0.563,109.91,111.66
2025-07-25T08:17:41.554530,blofin,0.5622,0.5623,243.0,5.0
2025-07-25T08:17:41.613657,bybit,0.0,0.5631,0.0,1179.5
2025-07-25T08:17:41.665714,lbank,0.561,0.563,8815.1,7427.9
2025-07-25T08:17:41.681768,digifinex,0.562,0.563,106.0,453.0
2025-07-25T08:17:41.682187,bitget,0.5622,0.563,109.91,111.66
2025-07-25T08:17:41.702857,gateio,0.5612,0.5631,5816.0,198.0
2025-07-25T08:17:41.713557,bybit,0.0,0.5631,0.0,910.4
2025-07-25T08:17:41.714224,gateio,0.5613,0.5631,5344.0,198.0
2025-07-25T08:17:41.720177,bingx,0.561,0.564,6724.057,802.619
2025-07-25T08:17:41.813850,bybit,0.0,0.5631,0.0,970.5
2025-07-25T08:17:41.831267,bitget,0.5622,0.563,109.91,111.66
2025-07-25T08:17:41.913568,bybit,0.0,0.5631,0.0,1210.9
2025-07-25T08:17:41.984733,bitget,0.5622,0.563,109.91,111.66
2025-07-25T08:17:42.013626,bybit,0.0,0.5631,0.0,999.2
2025-07-25T08:17:42.056147,blofin,0.5621,0.5623,41.0,5.0
2025-07-25T08:17:42.078338,digifinex,0.562,0.563,106.0,453.0
2025-07-25T08:17:42.114178,bybit,0.0,0.563,0.0,8.9
2025-07-25T08:17:42.130764,bitget,0.5621,0.563,109.91,111.66
2025-07-25T08:17:42.170986,lbank,0.561,0.563,8815.1,7427.9
2025-07-25T08:17:42.298968,bitmart,0.5609,0.5635,5036.0,10240.0
2025-07-25T08:17:42.538390,blofin,0.5621,0.5623,41.0,5.0
2025-07-25T08:17:42.582127,bitget,0.5621,0.563,109.91,111.66
2025-07-25T08:17:42.624573,bingx,0.561,0.564,6724.057,802.619
2025-07-25T08:17:42.668109,lbank,0.561,0.563,8815.1,7427.9
2025-07-25T08:17:42.934972,mexc,0.5623,0.5624,9357930.0,9357930.0
2025-07-25T08:17:43.031940,bitget,0.5621,0.563,109.91,111.66
2025-07-25T08:17:43.067412,blofin,0.5621,0.5623,39.0,5.0
2025-07-25T08:17:43.169146,lbank,0.561,0.562,15652.9,1196.5
2025-07-25T08:17:43.182941,bitget,0.5622,0.563,109.91,111.66
2025-07-25T08:17:43.250429,bitmart,0.5609,0.5635,18984.0,8693.0
2025-07-25T08:17:43.527645,bingx,0.561,0.564,6724.057,802.619
2025-07-25T08:17:43.553196,blofin,0.5621,0.5623,39.0,3.0
2025-07-25T08:17:43.667193,lbank,0.561,0.562,15652.9,1196.5
2025-07-25T08:17:44.059894,blofin,0.5621,0.5623,39.0,3.0
2025-07-25T08:17:44.113647,bybit,0.5628,0.5631,89.2,792.8
2025-07-25T08:17:44.116465,gateio,0.5613,0.5631,10689.0,198.0
2025-07-25T08:17:44.131678,gateio,0.5613,0.5631,16142.0,198.0
2025-07-25T08:17:44.146187,gateio,0.5614,0.5631,4843.0,198.0
2025-07-25T08:17:44.159932,gateio,0.5615,0.5631,5342.0,198.0
2025-07-25T08:17:44.166407,lbank,0.561,0.562,15652.9,1196.5
2025-07-25T08:17:44.214016,bybit,0.0,0.5631,0.0,1001.8
2025-07-25T08:17:44.264603,bitmart,0.5609,0.5635,18984.0,11286.0
2025-07-25T08:17:44.313908,bybit,0.0,0.563,0.0,1.3
2025-07-25T08:17:44.383813,bitget,0.5622,0.563,109.91,111.66
2025-07-25T08:17:44.426807,bingx,0.561,0.564,6724.057,802.619
2025-07-25T08:17:44.445054,gateio,0.5615,0.5631,5558.0,198.0
2025-07-25T08:17:44.539498,bitget,0.5622,0.563,109.91,111.66
2025-07-25T08:17:44.568589,blofin,0.5621,0.5623,39.0,3.0
2025-07-25T08:17:44.667504,lbank,0.561,0.562,15652.9,1196.5
2025-07-25T08:17:44.683591,bitget,0.5622,0.563,109.91,111.66
2025-07-25T08:17:44.832611,bitget,0.5622,0.563,109.91,111.66
2025-07-25T08:17:44.983397,bitget,0.5622,0.563,109.91,111.66
2025-07-25T08:17:45.013948,bybit,0.0,0.563,0.0,10.2
2025-07-25T08:17:45.041603,blofin,0.5622,0.5623,72.0,3.0
2025-07-25T08:17:45.063252,gateio,0.5615,0.5631,5558.0,2198.0
2025-07-25T08:17:45.134179,bitget,0.5622,0.563,109.91,228.19
2025-07-25T08:17:45.140340,gateio,0.5615,0.5631,5558.0,7525.0
2025-07-25T08:17:45.170073,lbank,0.561,0.562,15652.9,1196.5
2025-07-25T08:17:45.199426,gateio,0.5615,0.5631,5342.0,7525.0
2025-07-25T08:17:45.210451,gateio,0.5615,0.5631,5450.0,7525.0
2025-07-25T08:17:45.213528,bybit,0.5627,0.563,71.6,1036.0
2025-07-25T08:17:45.283171,bitget,0.5622,0.5629,109.91,113.02
2025-07-25T08:17:45.284691,bitmart,0.5609,0.5635,53892.0,16078.0
2025-07-25T08:17:45.286151,gateio,0.5615,0.5631,5558.0,7525.0
2025-07-25T08:17:45.313746,bybit,0.5626,0.563,71.6,1265.5
2025-07-25T08:17:45.322558,mexc,0.5623,0.5624,9357930.0,9357930.0
2025-07-25T08:17:45.330988,bingx,0.561,0.564,6724.057,802.619
2025-07-25T08:17:45.414024,bybit,0.0,0.563,0.0,817.9
2025-07-25T08:17:45.433079,bitget,0.5622,0.5629,109.91,113.02
2025-07-25T08:17:45.446513,binance,0.562,0.562,0.0,0.0
2025-07-25T08:17:45.513725,bybit,0.0,0.563,0.0,967.2
2025-07-25T08:17:45.527573,blofin,0.5622,0.5623,72.0,3.0
2025-07-25T08:17:45.586529,bitget,0.5621,0.5629,109.91,113.02
2025-07-25T08:17:45.613611,bybit,0.0,0.563,0.0,708.0
2025-07-25T08:17:45.704454,gateio,0.5615,0.5631,10901.0,7525.0
2025-07-25T08:17:45.714103,bybit,0.5627,0.563,89.2,10.2
2025-07-25T08:17:45.734813,bitget,0.562,0.5629,109.91,113.02
2025-07-25T08:17:45.887005,bitget,0.562,0.5629,422.1,113.02
2025-07-25T08:17:45.940036,bingx,0.561,0.564,6724.057,802.619
2025-07-25T08:17:46.033584,bitget,0.5621,0.5629,239.65,113.02
2025-07-25T08:17:46.054120,blofin,0.5621,0.5623,41.0,3.0
2025-07-25T08:17:46.098464,gateio,0.5615,0.5631,10901.0,5525.0
2025-07-25T08:17:46.165459,lbank,0.561,0.562,15652.9,1196.5
2025-07-25T08:17:46.186734,bitget,0.5622,0.5629,113.02,113.02
2025-07-25T08:17:46.303829,bitmart,0.5609,0.5637,37039.0,144961.0
2025-07-25T08:17:46.446684,binance,0.562,0.562,0.0,0.0
2025-07-25T08:17:46.544753,blofin,0.5621,0.5623,41.0,3.0
2025-07-25T08:17:46.669901,lbank,0.561,0.562,15652.9,1196.5
2025-07-25T08:17:46.840259,bingx,0.561,0.564,6724.057,802.619
2025-07-25T08:17:47.013681,bybit,0.0,0.563,0.0,1.3
2025-07-25T08:17:47.040673,gateio,0.5615,0.5631,10901.0,7525.0
2025-07-25T08:17:47.052311,gateio,0.5615,0.563,10901.0,2000.0
2025-07-25T08:17:47.072215,blofin,0.5621,0.5623,41.0,3.0
2025-07-25T08:17:47.167312,lbank,0.561,0.562,15652.9,1196.5
2025-07-25T08:17:47.190398,gateio,0.5616,0.563,4576.0,2000.0
2025-07-25T08:17:47.202324,gateio,0.5616,0.563,9917.0,2000.0
2025-07-25T08:17:47.234355,bitget,0.5622,0.5629,113.02,113.02
2025-07-25T08:17:47.248241,bitmart,0.5609,0.5637,37039.0,144961.0
2025-07-25T08:17:47.558458,blofin,0.5621,0.5623,112.0,3.0
2025-07-25T08:17:47.668019,lbank,0.561,0.562,15652.9,1196.5
2025-07-25T08:17:47.689437,bitget,0.5622,0.5629,113.02,113.02
2025-07-25T08:17:47.700634,mexc,0.5622,0.5623,9357930.0,9357930.0
2025-07-25T08:17:47.742206,bingx,0.561,0.564,6724.057,802.619
2025-07-25T08:17:47.834684,bitget,0.5622,0.5629,113.02,113.02
2025-07-25T08:17:47.920526,gateio,0.5616,0.563,5341.0,2000.0
2025-07-25T08:17:48.032283,gateio,0.5616,0.563,6677.0,2000.0
2025-07-25T08:17:48.059555,blofin,0.5621,0.5623,111.0,3.0
2025-07-25T08:17:48.167207,lbank,0.561,0.562,15652.9,1196.5
2025-07-25T08:17:48.285135,bitget,0.5622,0.5629,113.02,113.02
2025-07-25T08:17:48.297114,bitmart,0.5609,0.5635,23936.0,16282.0
2025-07-25T08:17:48.304649,gateio,0.5616,0.563,9331.0,2000.0
2025-07-25T08:17:48.414869,bybit,0.0,0.0,0.0,0.0
2025-07-25T08:17:48.446170,binance,0.562,0.562,0.0,0.0
2025-07-25T08:17:48.514207,bybit,0.0,0.563,0.0,161.1
2025-07-25T08:17:48.548297,blofin,0.5621,0.5623,111.0,3.0
2025-07-25T08:17:48.585035,bitget,0.5622,0.5629,113.02,113.02
2025-07-25T08:17:48.613562,bybit,0.0,0.563,0.0,1040.0
2025-07-25T08:17:48.616563,gateio,0.5616,0.5619,9331.0,1.0
2025-07-25T08:17:48.642807,bingx,0.561,0.564,6724.057,802.619
2025-07-25T08:17:48.654748,gateio,0.5616,0.5619,20015.0,1.0
2025-07-25T08:17:48.669208,lbank,0.561,0.562,15652.9,1196.5
2025-07-25T08:17:48.675582,digifinex,0.562,0.563,106.0,449.0
2025-07-25T08:17:48.710266,gateio,0.5616,0.563,20015.0,2000.0
2025-07-25T08:17:48.741159,bitget,0.5622,0.5629,113.02,113.02
2025-07-25T08:17:48.886223,bitget,0.5622,0.5629,113.02,113.02
2025-07-25T08:17:48.975569,digifinex,0.562,0.563,106.0,500.0
2025-07-25T08:17:48.997138,gateio,0.5616,0.563,18679.0,2000.0
2025-07-25T08:17:49.013487,bybit,0.0,0.563,0.0,81.2
2025-07-25T08:17:49.035450,bitget,0.5621,0.5629,113.02,113.02
2025-07-25T08:17:49.059326,blofin,0.5621,0.5623,110.0,3.0
2025-07-25T08:17:49.070332,gateio,0.5616,0.563,17321.0,2000.0
2025-07-25T08:17:49.084283,gateio,0.5616,0.563,16457.0,2000.0
2025-07-25T08:17:49.113531,bybit,0.0,0.563,0.0,10.2
2025-07-25T08:17:49.168070,lbank,0.561,0.562,15652.9,1196.5
2025-07-25T08:17:49.185987,bitget,0.5621,0.5629,113.02,113.02
2025-07-25T08:17:49.249291,bitmart,0.5609,0.5635,23945.0,14684.0
2025-07-25T08:17:49.337216,bitget,0.5621,0.5629,511.98,113.02
2025-07-25T08:17:49.486613,bitget,0.5622,0.5629,113.02,113.02
2025-07-25T08:17:49.551428,bingx,0.561,0.564,6724.057,802.619
2025-07-25T08:17:49.552644,blofin,0.5622,0.5623,1854.0,3.0
2025-07-25T08:17:49.665658,lbank,0.561,0.562,15652.9,1196.5
2025-07-25T08:17:49.814409,bybit,0.0,0.563,0.0,329.8
2025-07-25T08:17:49.913656,bybit,0.0,0.563,0.0,1128.8
2025-07-25T08:17:49.935915,bitget,0.5622,0.5629,113.02,113.02
2025-07-25T08:17:50.043811,blofin,0.5622,0.5623,72.0,3.0
2025-07-25T08:17:50.089022,bitget,0.5622,0.5629,113.02,113.02
2025-07-25T08:17:50.097121,mexc,0.5622,0.5623,9357930.0,9357930.0
2025-07-25T08:17:50.166016,lbank,0.561,0.562,15652.9,1196.5
2025-07-25T08:17:50.205042,gateio,0.5616,0.563,18271.0,2000.0
2025-07-25T08:17:50.214532,bybit,0.5626,0.0,80.5,0.0
2025-07-25T08:17:50.242218,bitget,0.562,0.5629,207.15,113.02
2025-07-25T08:17:50.245243,bitmart,0.5609,0.5635,23996.0,15388.0
2025-07-25T08:17:50.313653,bybit,0.5626,0.5629,8.9,356.6
2025-07-25T08:17:50.391909,bitget,0.5621,0.5629,113.02,1315.54
2025-07-25T08:17:50.392752,gateio,0.5616,0.563,18271.0,7328.0
2025-07-25T08:17:50.445223,bingx,0.561,0.564,6724.057,802.619
2025-07-25T08:17:50.447891,binance,0.562,0.562,0.0,0.0
2025-07-25T08:17:50.537663,bitget,0.5621,0.5628,113.02,113.02
2025-07-25T08:17:50.552806,blofin,0.5622,0.5623,72.0,3.0
2025-07-25T08:17:50.672734,lbank,0.561,0.562,15652.9,1196.5
2025-07-25T08:17:50.686438,bitget,0.5621,0.5628,113.02,113.02
2025-07-25T08:17:50.844518,bitget,0.562,0.5628,109.91,113.02
2025-07-25T08:17:51.041888,blofin,0.5621,0.5623,1787.0,3.0
2025-07-25T08:17:51.168336,lbank,0.561,0.562,15652.9,1196.5
2025-07-25T08:17:51.224260,bitmart,0.5609,0.5635,1184.0,12912.0
2025-07-25T08:17:51.287839,bitget,0.562,0.5628,109.91,113.02
2025-07-25T08:17:51.357836,bingx,0.561,0.564,6724.057,802.619
2025-07-25T08:17:51.439934,bitget,0.562,0.5628,109.91,113.02
2025-07-25T08:17:51.513559,bybit,0.5627,0.563,89.2,1.3
2025-07-25T08:17:51.526648,gateio,0.5616,0.563,12929.0,7328.0
2025-07-25T08:17:51.538357,gateio,0.5616,0.563,11331.0,7328.0
2025-07-25T08:17:51.544249,blofin,0.5621,0.5623,1787.0,3.0
2025-07-25T08:17:51.590039,bitget,0.562,0.5628,1431.84,113.02
2025-07-25T08:17:51.590301,gateio,0.5616,0.563,5989.0,7328.0
2025-07-25T08:17:51.606216,gateio,0.5616,0.563,11331.0,7328.0
2025-07-25T08:17:51.613594,bybit,0.0,0.563,0.0,480.7
2025-07-25T08:17:51.666203,lbank,0.561,0.562,15652.9,1196.5
2025-07-25T08:17:51.668285,gateio,0.5616,0.563,12676.0,7328.0
2025-07-25T08:17:51.713563,bybit,0.0,0.563,0.0,1128.8
2025-07-25T08:17:51.736937,bitget,0.5621,0.5629,542.57,113.02
2025-07-25T08:17:51.752496,gateio,0.5616,0.563,18018.0,7328.0
2025-07-25T08:17:51.784384,gateio,0.5616,0.563,18018.0,7534.0
2025-07-25T08:17:51.813830,bybit,0.0,0.5629,0.0,361.0
2025-07-25T08:17:51.888050,bitget,0.5622,0.5629,275.79,113.02
2025-07-25T08:17:51.894266,gateio,0.5616,0.563,18018.0,7328.0
2025-07-25T08:17:51.913578,bybit,0.0,0.563,0.0,1038.1
2025-07-25T08:17:52.013573,bybit,0.5626,0.563,80.4,720.4
2025-07-25T08:17:52.057672,bitget,0.5623,0.5629,113.02,113.02
2025-07-25T08:17:52.058058,blofin,0.5621,0.5623,77.0,3.0
2025-07-25T08:17:52.113718,bybit,0.5626,0.5629,71.5,269.1
2025-07-25T08:17:52.167162,lbank,0.561,0.562,15652.9,1196.5
2025-07-25T08:17:52.187610,bitget,0.5622,0.5629,113.02,1315.54
2025-07-25T08:17:52.209444,bitmart,0.5607,0.5635,191869.0,16527.0
2025-07-25T08:17:52.213649,bybit,0.0,0.5629,0.0,209.0
2025-07-25T08:17:52.252539,bingx,0.561,0.564,6724.057,802.619
2025-07-25T08:17:52.339656,bitget,0.5621,0.5628,113.02,113.02
2025-07-25T08:17:52.445433,binance,0.562,0.562,0.0,0.0
2025-07-25T08:17:52.497615,mexc,0.5622,0.5623,9357930.0,9357930.0
2025-07-25T08:17:52.546383,blofin,0.5621,0.5623,77.0,3.0
2025-07-25T08:17:52.613589,bybit,0.5627,0.563,89.2,400.8
2025-07-25T08:17:52.669071,lbank,0.561,0.562,15652.9,1196.5
2025-07-25T08:17:52.713384,bybit,0.0,0.563,0.0,969.0
2025-07-25T08:17:52.788277,bitget,0.5621,0.5628,113.02,113.02
2025-07-25T08:17:52.813535,bybit,0.0,0.563,0.0,1048.9
2025-07-25T08:17:52.913814,bybit,0.0,0.563,0.0,720.4
2025-07-25T08:17:52.937725,bitget,0.5621,0.5629,113.02,113.02
2025-07-25T08:17:52.991059,gateio,0.5617,0.563,2000.0,7328.0
2025-07-25T08:17:53.003330,gateio,0.5617,0.563,6562.0,7328.0
2025-07-25T08:17:53.013956,bybit,0.0,0.563,0.0,649.4
2025-07-25T08:17:53.034464,gateio,0.5617,0.563,6562.0,7534.0
2025-07-25T08:17:53.055921,blofin,0.5621,0.5623,77.0,3.0
2025-07-25T08:17:53.090040,bitget,0.562,0.5629,207.15,113.02
2025-07-25T08:17:53.113615,bybit,0.0,0.5629,0.0,389.3
2025-07-25T08:17:53.134592,gateio,0.5617,0.563,6562.0,7328.0
2025-07-25T08:17:53.156013,bingx,0.561,0.564,6724.057,802.619
2025-07-25T08:17:53.167974,lbank,0.561,0.562,15652.9,1196.5
2025-07-25T08:17:53.174199,gateio,0.5617,0.563,4305.0,7328.0
2025-07-25T08:17:53.213511,bybit,0.0,0.563,0.0,90.1
2025-07-25T08:17:53.220300,gateio,0.5617,0.563,2216.0,7328.0
2025-07-25T08:17:53.235435,bitmart,0.5609,0.5635,23007.0,15420.0
2025-07-25T08:17:53.239631,bitget,0.5621,0.5629,113.02,113.02
2025-07-25T08:17:53.269061,gateio,0.5617,0.563,7773.0,7328.0
2025-07-25T08:17:53.313667,bybit,0.0,0.563,0.0,889.1
2025-07-25T08:17:53.388860,bitget,0.5622,0.5629,113.02,113.02
2025-07-25T08:17:53.413497,bybit,0.0,0.563,0.0,170.0
2025-07-25T08:17:53.513641,bybit,0.0,0.5629,0.0,389.3
2025-07-25T08:17:53.538876,bitget,0.5622,0.5629,113.02,113.02
2025-07-25T08:17:53.547610,blofin,0.5621,0.5623,73.0,3.0
2025-07-25T08:17:53.613689,bybit,0.5626,0.563,80.4,1048.9
2025-07-25T08:17:53.665316,lbank,0.561,0.562,17719.2,2530.7
2025-07-25T08:17:53.689127,bitget,0.5621,0.5629,113.02,113.02
2025-07-25T08:17:53.713898,bybit,0.5627,0.563,89.2,10.2
2025-07-25T08:17:53.834519,gateio,0.5617,0.563,2432.0,7534.0
2025-07-25T08:17:53.838695,bitget,0.5621,0.5629,113.02,113.02
2025-07-25T08:17:53.935207,gateio,0.5617,0.563,2432.0,7328.0
2025-07-25T08:17:53.988555,bitget,0.5621,0.5629,513.4,113.02
2025-07-25T08:17:54.013586,bybit,0.0,0.563,0.0,1.3
2025-07-25T08:17:54.031035,blofin,0.5621,0.5623,76.0,3.0
2025-07-25T08:17:54.058642,bingx,0.561,0.564,6724.057,802.619
2025-07-25T08:17:54.140088,bitget,0.5622,0.5629,113.02,113.02
2025-07-25T08:17:54.165182,lbank,0.561,0.562,17719.2,2530.7
2025-07-25T08:17:54.231010,bitmart,0.5609,0.5635,24799.0,16860.0
2025-07-25T08:17:54.270624,gateio,0.5617,0.563,7773.0,7328.0
2025-07-25T08:17:54.291118,bitget,0.5622,0.5629,113.02,113.02
2025-07-25T08:17:54.334389,gateio,0.5617,0.563,2432.0,7534.0
2025-07-25T08:17:54.349477,okx,0.5622,0.5628,14.6167,81.7322
2025-07-25T08:17:54.358168,gateio,0.5617,0.563,2432.0,7328.0
2025-07-25T08:17:54.439263,bitget,0.5622,0.563,113.02,111.66
2025-07-25T08:17:54.445556,binance,0.562,0.562,0.0,0.0
2025-07-25T08:17:54.533501,blofin,0.5622,0.5623,1782.0,3.0
2025-07-25T08:17:54.588805,bitget,0.5622,0.563,113.02,111.66
2025-07-25T08:17:54.665648,lbank,0.561,0.562,17719.2,2530.7
2025-07-25T08:17:54.732243,gateio,0.5617,0.563,2648.0,7328.0
2025-07-25T08:17:54.739085,bitget,0.5622,0.563,113.02,111.66
2025-07-25T08:17:54.887599,mexc,0.5621,0.5622,9357930.0,9357930.0
2025-07-25T08:17:54.964302,bingx,0.561,0.564,6724.057,802.619
2025-07-25T08:17:55.048842,blofin,0.5622,0.5623,73.0,3.0
2025-07-25T08:17:55.165671,lbank,0.561,0.562,17719.2,2530.7
2025-07-25T08:17:55.287763,bitmart,0.5609,0.5635,24799.0,6054.0
2025-07-25T08:17:55.543134,blofin,0.5622,0.5623,73.0,3.0
2025-07-25T08:17:55.613452,bybit,0.5628,0.0,4.0,0.0
2025-07-25T08:17:55.665981,lbank,0.561,0.562,17719.2,2530.7
2025-07-25T08:17:55.713481,bybit,0.5628,0.563,48.1,46.1
2025-07-25T08:17:55.813549,bybit,0.0,0.563,0.0,1.3
2025-07-25T08:17:55.867470,bingx,0.561,0.564,6724.057,802.619
2025-07-25T08:17:56.055396,blofin,0.5622,0.5623,73.0,3.0
2025-07-25T08:17:56.092933,bitget,0.5622,0.563,113.02,111.66
2025-07-25T08:17:56.166927,bingx,0.561,0.564,6724.057,802.619
2025-07-25T08:17:56.168666,lbank,0.561,0.562,17719.2,2530.7
2025-07-25T08:17:56.218043,bitmart,0.5609,0.5635,24799.0,7635.0
2025-07-25T08:17:56.390123,bitget,0.5622,0.563,113.02,111.66
2025-07-25T08:17:56.542082,blofin,0.5622,0.5623,73.0,3.0
2025-07-25T08:17:56.664650,lbank,0.561,0.562,17719.2,2530.7
2025-07-25T08:17:57.043476,blofin,0.5622,0.5623,73.0,3.0
2025-07-25T08:17:57.070414,bingx,0.561,0.564,6724.057,802.619
2025-07-25T08:17:57.141100,bitget,0.5622,0.563,113.02,111.66
2025-07-25T08:17:57.167469,lbank,0.561,0.562,17719.2,2530.7
2025-07-25T08:17:57.237682,bitmart,0.5609,0.5637,3893.0,144961.0
2025-07-25T08:17:57.258998,mexc,0.5621,0.5622,9357930.0,9357930.0
2025-07-25T08:17:57.290375,bitget,0.5622,0.563,113.02,111.66
2025-07-25T08:17:57.442750,bitget,0.5622,0.563,113.02,111.66
2025-07-25T08:17:57.536349,gateio,0.5617,0.563,2648.0,7534.0
2025-07-25T08:17:57.543739,blofin,0.5622,0.5623,73.0,3.0
2025-07-25T08:17:57.667693,lbank,0.561,0.562,17719.2,2530.7
2025-07-25T08:17:57.913634,bybit,0.0,0.563,0.0,46.1
2025-07-25T08:17:57.978920,bingx,0.561,0.564,6724.057,802.619
2025-07-25T08:17:58.056973,blofin,0.5622,0.5623,73.0,3.0
2025-07-25T08:17:58.167923,lbank,0.561,0.562,17719.2,2530.7
2025-07-25T08:17:58.189130,gateio,0.5617,0.563,2648.0,7328.0
2025-07-25T08:17:58.214948,bybit,0.0,0.563,0.0,1.3
2025-07-25T08:17:58.234695,gateio,0.5617,0.563,2648.0,7534.0
2025-07-25T08:17:58.264263,bitmart,0.5609,0.5635,3893.0,5759.0
2025-07-25T08:17:58.314380,bybit,0.5628,0.563,4.0,11.6
2025-07-25T08:17:58.326528,gateio,0.5617,0.563,7989.0,7534.0
2025-07-25T08:17:58.343292,bitget,0.5622,0.563,113.02,111.66
2025-07-25T08:17:58.415206,bybit,0.0,0.563,0.0,1.3
2025-07-25T08:17:58.453468,binance,0.562,0.562,0.0,0.0
