timestamp,exchange,bid,ask,bid_vol,ask_vol
2025-07-25T08:16:26.144168,bybit,0.021611,0.021612,2090.0,500.0
2025-07-25T08:16:26.512192,bybit,0.0,0.0,0.0,0.0
2025-07-25T08:16:26.681508,bitget,0.021628,0.021629,4671.0,2458.0
2025-07-25T08:16:26.684925,okx,0.0216,0.02162,327.01,462.52
2025-07-25T08:16:26.963177,bitget,0.021628,0.021629,4671.0,2458.0
2025-07-25T08:16:27.317448,bingx,0.02161,0.02162,12370.4,30150.6
2025-07-25T08:16:27.425892,bitget,0.021628,0.021629,4671.0,2458.0
2025-07-25T08:16:27.561349,bitget,0.021628,0.021629,7601.0,2458.0
2025-07-25T08:16:27.674626,bingx,0.02161,0.02162,12370.4,30150.6
2025-07-25T08:16:27.863465,bitget,0.021628,0.021629,4671.0,2458.0
2025-07-25T08:16:28.015138,bitget,0.021628,0.021631,4671.0,4678.0
2025-07-25T08:16:28.163521,bitget,0.021628,0.021631,4671.0,4678.0
2025-07-25T08:16:28.453821,gateio,0.02161,0.02163,175.0,908.0
2025-07-25T08:16:28.454101,gateio,0.0216,0.02163,174.0,908.0
2025-07-25T08:16:28.577199,bitmart,0.021581,0.02165,1295.0,12994.0
2025-07-25T08:16:28.577623,bingx,0.02161,0.02162,12370.4,30150.6
2025-07-25T08:16:28.596430,blofin,0.02159,0.02161,4565.0,9.0
2025-07-25T08:16:28.596832,blofin,0.02159,0.02161,4197.0,6669.0
2025-07-25T08:16:28.597304,blofin,0.02159,0.02161,4197.0,6669.0
2025-07-25T08:16:28.616901,bitget,0.021628,0.021631,4671.0,4678.0
2025-07-25T08:16:29.027380,mexc,0.021612,0.021615,109335134.0,109335134.0
2025-07-25T08:16:29.089712,blofin,0.02159,0.02161,4197.0,6669.0
2025-07-25T08:16:29.215264,bitget,0.021629,0.021631,2930.0,4678.0
2025-07-25T08:16:29.369025,bitget,0.021629,0.02163,2930.0,2458.0
2025-07-25T08:16:29.471111,bitmart,0.021581,0.02165,2084.0,9532.0
2025-07-25T08:16:29.480396,bingx,0.02161,0.02162,12370.4,30150.6
2025-07-25T08:16:29.514197,bitget,0.02163,0.021632,3375.0,4676.0
2025-07-25T08:16:29.564434,blofin,0.02159,0.02161,4237.0,5.0
2025-07-25T08:16:29.664464,bitget,0.02163,0.021632,6305.0,4676.0
2025-07-25T08:16:29.893258,gateio,0.0216,0.02163,174.0,732.0
2025-07-25T08:16:29.894478,binance,0.02162,0.02162,0.0,0.0
2025-07-25T08:16:29.911337,okx,0.0216,0.02162,3907.01,462.52
2025-07-25T08:16:29.913341,bybit,0.021617,0.021618,1310.0,260.0
2025-07-25T08:16:29.970319,bitget,0.021632,0.021638,9351.0,10058.0
2025-07-25T08:16:30.012346,bybit,0.0,0.0,0.0,0.0
2025-07-25T08:16:30.050435,okx,0.0216,0.02162,31452.01,462.52
2025-07-25T08:16:30.069494,blofin,0.02159,0.02161,4237.0,5.0
2025-07-25T08:16:30.117148,bitget,0.021637,0.021644,3375.0,182231.0
2025-07-25T08:16:30.122852,gateio,0.0216,0.02164,174.0,2460.0
2025-07-25T08:16:30.133661,gateio,0.0216,0.02164,1437.0,2460.0
2025-07-25T08:16:30.145037,gateio,0.02161,0.02164,175.0,2360.0
2025-07-25T08:16:30.209218,gateio,0.02161,0.02164,175.0,3091.0
2025-07-25T08:16:30.262936,bitget,0.021638,0.021643,2250.0,2930.0
2025-07-25T08:16:30.329162,gateio,0.0216,0.02164,174.0,3091.0
2025-07-25T08:16:30.382812,bingx,0.02161,0.02163,25752.8,21867.3
2025-07-25T08:16:30.411951,bybit,0.0,0.0,0.0,0.0
2025-07-25T08:16:30.415165,bitget,0.021639,0.021643,2250.0,2930.0
2025-07-25T08:16:30.481106,bitmart,0.021587,0.021659,147.0,152.0
2025-07-25T08:16:30.512139,bybit,0.021621,0.021624,360.0,260.0
2025-07-25T08:16:30.539234,blofin,0.02159,0.02161,4453.0,5221.0
2025-07-25T08:16:30.541653,gateio,0.0216,0.02164,175.0,3091.0
2025-07-25T08:16:30.563409,bitget,0.02164,0.021643,2250.0,2930.0
2025-07-25T08:16:30.563653,gateio,0.02161,0.02164,175.0,3091.0
2025-07-25T08:16:30.611968,bybit,0.021622,0.0,1310.0,0.0
2025-07-25T08:16:30.711882,bybit,0.0,0.0,0.0,0.0
2025-07-25T08:16:30.713494,bitget,0.021642,0.021644,2250.0,10058.0
2025-07-25T08:16:30.761853,okx,0.02161,0.02163,9706.52,462.42
2025-07-25T08:16:30.864965,bitget,0.021642,0.021646,2250.0,11183.0
2025-07-25T08:16:30.894729,binance,0.02162,0.02162,0.0,0.0
2025-07-25T08:16:30.990214,bingx,0.02162,0.02165,21127.5,21866.3
2025-07-25T08:16:31.014073,bitget,0.021642,0.021644,2250.0,2930.0
2025-07-25T08:16:31.077426,blofin,0.0216,0.02161,3048.0,5.0
2025-07-25T08:16:31.166610,bitget,0.021642,0.021643,2250.0,2458.0
2025-07-25T08:16:31.316554,bitget,0.021642,0.021643,2250.0,2458.0
2025-07-25T08:16:31.432990,mexc,0.021625,0.021626,109335134.0,109335134.0
2025-07-25T08:16:31.534628,bitmart,0.021591,0.021662,125.0,459.0
2025-07-25T08:16:31.552827,blofin,0.0216,0.02161,2905.0,5.0
2025-07-25T08:16:31.611722,bybit,0.0,0.0,0.0,0.0
2025-07-25T08:16:31.614064,bitget,0.021642,0.021643,2250.0,2458.0
2025-07-25T08:16:31.770747,bitget,0.021642,0.021643,2250.0,2458.0
2025-07-25T08:16:31.877295,gateio,0.02161,0.02163,175.0,177.0
2025-07-25T08:16:31.887505,bingx,0.02162,0.02165,21127.5,21866.3
2025-07-25T08:16:31.894771,binance,0.02162,0.02162,0.0,0.0
2025-07-25T08:16:31.915207,bitget,0.021642,0.021643,2250.0,5388.0
2025-07-25T08:16:32.065407,bitget,0.021636,0.021641,11037.0,6617.0
2025-07-25T08:16:32.081508,blofin,0.0216,0.02161,2905.0,5.0
2025-07-25T08:16:32.198325,bingx,0.02161,0.02163,25752.8,17243.1
2025-07-25T08:16:32.216597,bitget,0.021638,0.021641,4668.0,6617.0
2025-07-25T08:16:32.365211,bitget,0.021638,0.021641,4668.0,6617.0
2025-07-25T08:16:32.411994,bybit,0.021619,0.021623,1310.0,1310.0
2025-07-25T08:16:32.491960,bitmart,0.021587,0.021659,545.0,2015.0
2025-07-25T08:16:32.512277,bybit,0.021616,0.021622,240.0,1310.0
2025-07-25T08:16:32.523670,bitget,0.021634,0.02164,4668.0,9159.0
2025-07-25T08:16:32.558390,blofin,0.0216,0.02161,2907.0,5.0
2025-07-25T08:16:32.606459,okx,0.02161,0.02163,325.77,462.42
2025-07-25T08:16:32.611924,bybit,0.0,0.021621,0.0,1310.0
2025-07-25T08:16:32.669371,bitget,0.02163,0.021638,2930.0,2930.0
2025-07-25T08:16:32.700660,okx,0.02161,0.02163,325.77,2062.42
2025-07-25T08:16:32.711976,bybit,0.0,0.02162,0.0,1310.0
2025-07-25T08:16:32.820915,bitget,0.021631,0.021638,4668.0,2930.0
2025-07-25T08:16:32.894498,binance,0.02162,0.02162,0.0,0.0
2025-07-25T08:16:32.912096,bybit,0.0,0.021619,0.0,1310.0
2025-07-25T08:16:32.964920,bitget,0.021631,0.021638,4668.0,2930.0
2025-07-25T08:16:32.974061,gateio,0.0216,0.02163,674.0,177.0
2025-07-25T08:16:32.989840,gateio,0.0216,0.02163,174.0,177.0
2025-07-25T08:16:33.008111,gateio,0.0216,0.02163,1459.0,177.0
2025-07-25T08:16:33.078201,blofin,0.0216,0.02161,3701.0,5.0
2025-07-25T08:16:33.089829,bingx,0.02161,0.02163,25752.8,17243.1
2025-07-25T08:16:33.112252,bybit,0.0,0.021618,0.0,1310.0
2025-07-25T08:16:33.118472,bitget,0.021631,0.021638,4668.0,2930.0
2025-07-25T08:16:33.211906,bybit,0.0,0.021617,0.0,1310.0
2025-07-25T08:16:33.267887,bitget,0.021625,0.021631,2930.0,4668.0
2025-07-25T08:16:33.399462,bingx,0.02161,0.02162,25750.7,21866.3
2025-07-25T08:16:33.417662,bitget,0.021625,0.021631,2930.0,4668.0
2025-07-25T08:16:33.502459,bitmart,0.021581,0.021652,1379.0,4348.0
2025-07-25T08:16:33.552457,blofin,0.0216,0.02161,2109.0,5.0
2025-07-25T08:16:33.572482,bitget,0.021621,0.02163,16883.0,2930.0
2025-07-25T08:16:33.631286,gateio,0.0216,0.02163,1459.0,677.0
2025-07-25T08:16:33.711271,gateio,0.0216,0.02162,1459.0,177.0
2025-07-25T08:16:33.711824,bybit,0.0,0.0,0.0,0.0
2025-07-25T08:16:33.722408,bitget,0.021622,0.02163,2930.0,2930.0
2025-07-25T08:16:33.828839,mexc,0.021615,0.021627,109335134.0,109335134.0
2025-07-25T08:16:33.865933,bitget,0.021623,0.02163,2250.0,2930.0
2025-07-25T08:16:33.894741,binance,0.02162,0.02162,0.0,0.0
2025-07-25T08:16:34.018076,bitget,0.021624,0.02163,2250.0,2930.0
2025-07-25T08:16:34.069683,blofin,0.0216,0.02161,2109.0,5.0
2025-07-25T08:16:34.169896,bitget,0.021625,0.02163,5163.0,2930.0
2025-07-25T08:16:34.301188,bingx,0.02161,0.02162,25750.7,21866.3
2025-07-25T08:16:34.318029,bitget,0.021626,0.02163,2250.0,2930.0
2025-07-25T08:16:34.447473,gateio,0.0216,0.02163,1459.0,677.0
2025-07-25T08:16:34.467138,bitget,0.021627,0.02163,2250.0,2930.0
2025-07-25T08:16:34.559668,blofin,0.0216,0.02161,37.0,5.0
2025-07-25T08:16:34.577809,bitmart,0.021581,0.021652,1237.0,6359.0
2025-07-25T08:16:34.616166,bitget,0.021629,0.021636,2250.0,10058.0
2025-07-25T08:16:34.765733,bitget,0.021629,0.021633,2250.0,4675.0
2025-07-25T08:16:34.894447,binance,0.02162,0.02162,0.0,0.0
2025-07-25T08:16:34.897410,bingx,0.02161,0.02162,25750.7,17241.0
2025-07-25T08:16:34.920741,bitget,0.021629,0.02163,2250.0,2458.0
2025-07-25T08:16:35.024856,gateio,0.0216,0.02163,1669.0,677.0
2025-07-25T08:16:35.082866,blofin,0.0216,0.02161,34.0,5.0
2025-07-25T08:16:35.153030,gateio,0.02161,0.02163,177.0,677.0
2025-07-25T08:16:35.212564,bybit,0.0,0.021622,0.0,1310.0
2025-07-25T08:16:35.218873,bitget,0.021629,0.02163,2250.0,2458.0
2025-07-25T08:16:35.311706,bybit,0.0,0.021621,0.0,1310.0
2025-07-25T08:16:35.373515,bitget,0.021629,0.021636,5163.0,10058.0
2025-07-25T08:16:35.511850,bybit,0.0,0.0,0.0,0.0
2025-07-25T08:16:35.518027,bitget,0.02163,0.021635,2250.0,2913.0
2025-07-25T08:16:35.543512,blofin,0.0216,0.02161,34.0,5.0
2025-07-25T08:16:35.547765,bitmart,0.021581,0.021652,3520.0,351.0
2025-07-25T08:16:35.550743,gateio,0.02161,0.02163,177.0,177.0
2025-07-25T08:16:35.612011,bybit,0.021617,0.02162,1310.0,1310.0
2025-07-25T08:16:35.669625,bitget,0.021634,0.021638,2250.0,4674.0
2025-07-25T08:16:35.689234,okx,0.02161,0.02163,325.77,10888.56
2025-07-25T08:16:35.711833,bybit,0.021618,0.021623,1310.0,1860.0
2025-07-25T08:16:35.803510,bingx,0.02161,0.02163,25752.8,21867.3
2025-07-25T08:16:35.811961,bybit,0.0,0.021623,0.0,1500.0
2025-07-25T08:16:35.820429,bitget,0.021634,0.021638,2250.0,4674.0
2025-07-25T08:16:35.895114,binance,0.02162,0.02162,0.0,0.0
2025-07-25T08:16:35.897070,okx,0.02161,0.02163,325.77,2062.42
2025-07-25T08:16:35.912514,bybit,0.021619,0.021624,1310.0,260.0
2025-07-25T08:16:35.973955,bitget,0.021634,0.02164,6504.0,7081.0
2025-07-25T08:16:36.001824,okx,0.02161,0.02163,325.77,462.42
2025-07-25T08:16:36.009541,gateio,0.02161,0.02164,177.0,3091.0
2025-07-25T08:16:36.011992,bybit,0.02162,0.0,1310.0,0.0
2025-07-25T08:16:36.069549,blofin,0.0216,0.02161,36.0,5.0
2025-07-25T08:16:36.114762,bybit,0.021621,0.0,1310.0,0.0
2025-07-25T08:16:36.119862,bitget,0.021639,0.021644,2250.0,16963.0
2025-07-25T08:16:36.247162,mexc,0.021612,0.021621,109335134.0,109335134.0
2025-07-25T08:16:36.266594,bitget,0.021639,0.021644,2250.0,14050.0
2025-07-25T08:16:36.311818,bybit,0.021622,0.0,1310.0,0.0
2025-07-25T08:16:36.417230,bitget,0.02164,0.021643,2250.0,2458.0
2025-07-25T08:16:36.478993,bitmart,0.021587,0.021659,2844.0,121.0
2025-07-25T08:16:36.554032,blofin,0.0216,0.02161,195.0,5.0
2025-07-25T08:16:36.572634,bitget,0.021641,0.021642,2250.0,2458.0
2025-07-25T08:16:36.612059,bybit,0.021623,0.0,1310.0,0.0
2025-07-25T08:16:36.707148,bingx,0.02161,0.02163,25752.8,21867.3
2025-07-25T08:16:36.721715,bitget,0.021641,0.021642,2250.0,2458.0
2025-07-25T08:16:36.870272,bitget,0.021641,0.021644,2250.0,14050.0
2025-07-25T08:16:36.894937,binance,0.02162,0.02162,0.0,0.0
2025-07-25T08:16:36.961281,okx,0.02161,0.02163,3905.77,462.42
2025-07-25T08:16:37.021048,bitget,0.021641,0.021644,3591.0,14050.0
2025-07-25T08:16:37.071919,blofin,0.0216,0.02161,195.0,5.0
2025-07-25T08:16:37.090143,okx,0.02161,0.02163,11823.59,462.42
2025-07-25T08:16:37.174942,bitget,0.021642,0.021648,2913.0,3992.0
2025-07-25T08:16:37.311905,bybit,0.021623,0.0,1830.0,0.0
2025-07-25T08:16:37.316622,bingx,0.02162,0.02164,21126.5,21866.3
2025-07-25T08:16:37.321339,bitget,0.021642,0.021648,2913.0,3992.0
2025-07-25T08:16:37.485447,bitmart,0.021593,0.021664,6624.0,566.0
2025-07-25T08:16:37.505000,gateio,0.02161,0.02164,177.0,907.0
2025-07-25T08:16:37.554575,blofin,0.0216,0.02161,197.0,5.0
2025-07-25T08:16:37.608179,bingx,0.02162,0.02165,21127.5,21866.3
2025-07-25T08:16:37.612059,bybit,0.0,0.0,0.0,0.0
2025-07-25T08:16:37.620916,bitget,0.021642,0.021648,2913.0,3992.0
2025-07-25T08:16:37.769977,bitget,0.021642,0.02165,2913.0,71255.0
2025-07-25T08:16:37.812089,bybit,0.021629,0.02163,1310.0,280.0
2025-07-25T08:16:37.824768,gateio,0.02161,0.02164,1439.0,907.0
2025-07-25T08:16:37.845516,gateio,0.02162,0.02164,177.0,907.0
2025-07-25T08:16:37.895036,binance,0.02162,0.02162,0.0,0.0
2025-07-25T08:16:37.913134,bybit,0.0,0.0,0.0,0.0
2025-07-25T08:16:37.921020,bitget,0.021643,0.021654,2250.0,2931.0
2025-07-25T08:16:38.027034,gateio,0.02161,0.02164,177.0,907.0
2025-07-25T08:16:38.052499,okx,0.02161,0.02163,16823.59,462.42
2025-07-25T08:16:38.068594,bitget,0.021645,0.021653,2913.0,4675.0
2025-07-25T08:16:38.081316,blofin,0.02161,0.02162,4097.0,3.0
2025-07-25T08:16:38.123972,gateio,0.02161,0.02164,1030.0,907.0
2025-07-25T08:16:38.145097,gateio,0.02162,0.02164,177.0,907.0
2025-07-25T08:16:38.221616,bitget,0.021646,0.021651,2250.0,2913.0
2025-07-25T08:16:38.369508,bitget,0.021647,0.02165,2250.0,2458.0
2025-07-25T08:16:38.487423,bitmart,0.021595,0.021667,3507.0,704.0
2025-07-25T08:16:38.511663,bingx,0.02162,0.02165,21127.5,21866.3
2025-07-25T08:16:38.525840,bitget,0.021647,0.021648,5163.0,2458.0
2025-07-25T08:16:38.573627,blofin,0.02161,0.02162,4097.0,3.0
2025-07-25T08:16:38.626145,mexc,0.021616,0.021626,109335134.0,109335134.0
2025-07-25T08:16:38.668702,bitget,0.021647,0.021648,5163.0,2458.0
2025-07-25T08:16:38.811902,bybit,0.0,0.0,0.0,0.0
2025-07-25T08:16:38.819547,bitget,0.021647,0.021648,2250.0,2458.0
2025-07-25T08:16:38.970839,bitget,0.021647,0.021648,5163.0,2458.0
2025-07-25T08:16:39.054556,blofin,0.02161,0.02163,4257.0,1804.0
2025-07-25T08:16:39.119983,bitget,0.021647,0.021648,5163.0,2458.0
2025-07-25T08:16:39.366639,gateio,0.02161,0.02164,177.0,907.0
2025-07-25T08:16:39.414009,bingx,0.02162,0.02165,21127.5,21866.3
2025-07-25T08:16:39.419821,bitget,0.021645,0.021648,4666.0,5371.0
2025-07-25T08:16:39.471719,bitmart,0.021595,0.021667,3507.0,704.0
2025-07-25T08:16:39.566095,blofin,0.02161,0.02163,3889.0,1.0
2025-07-25T08:16:39.569818,bitget,0.021641,0.021646,7579.0,2458.0
2025-07-25T08:16:39.720453,bitget,0.021642,0.021646,7579.0,2458.0
2025-07-25T08:16:39.875343,bitget,0.021642,0.021645,4666.0,2458.0
2025-07-25T08:16:39.894832,binance,0.02162,0.02162,0.0,0.0
2025-07-25T08:16:40.011922,bybit,0.021623,0.021629,520.0,1310.0
2025-07-25T08:16:40.017303,bingx,0.02162,0.02165,21127.5,21866.3
2025-07-25T08:16:40.024728,bitget,0.021642,0.021645,4666.0,2458.0
2025-07-25T08:16:40.066346,blofin,0.02161,0.02163,2737.0,3761.0
2025-07-25T08:16:40.112382,bybit,0.0,0.021628,0.0,1310.0
2025-07-25T08:16:40.170757,bitget,0.021642,0.021645,4666.0,5371.0
2025-07-25T08:16:40.199166,okx,0.02161,0.02163,11823.59,462.42
2025-07-25T08:16:40.311764,bybit,0.021624,0.0,1310.0,0.0
2025-07-25T08:16:40.322153,bitget,0.02164,0.021645,4666.0,2458.0
2025-07-25T08:16:40.470120,bitget,0.021641,0.021644,2913.0,2458.0
2025-07-25T08:16:40.548302,blofin,0.02161,0.02163,2737.0,3761.0
2025-07-25T08:16:40.576299,bitmart,0.021593,0.021663,3731.0,2947.0
2025-07-25T08:16:40.622293,bitget,0.021643,0.021644,2250.0,2458.0
2025-07-25T08:16:40.769472,bitget,0.021643,0.021644,2250.0,2458.0
2025-07-25T08:16:40.894430,binance,0.02162,0.02162,0.0,0.0
2025-07-25T08:16:40.912855,bybit,0.0,0.0,0.0,0.0
2025-07-25T08:16:40.920942,bitget,0.021643,0.021644,2250.0,2458.0
2025-07-25T08:16:40.922944,bingx,0.02162,0.02165,21127.5,21866.3
2025-07-25T08:16:40.975248,mexc,0.021628,0.02163,109335134.0,109335134.0
2025-07-25T08:16:41.015226,bybit,0.021625,0.0,1310.0,0.0
2025-07-25T08:16:41.066530,blofin,0.02161,0.02163,2738.0,3761.0
2025-07-25T08:16:41.071135,bitget,0.021637,0.021644,2784.0,2458.0
2025-07-25T08:16:41.158686,gateio,0.02161,0.02163,177.0,177.0
2025-07-25T08:16:41.211687,bybit,0.0,0.0,0.0,0.0
2025-07-25T08:16:41.220134,bitget,0.02164,0.021644,4666.0,2458.0
2025-07-25T08:16:41.372367,bitget,0.02164,0.021643,4666.0,2913.0
2025-07-25T08:16:41.521464,bingx,0.02161,0.02163,9290.9,23516.1
2025-07-25T08:16:41.522085,bitget,0.02164,0.021651,4666.0,2913.0
2025-07-25T08:16:41.561850,blofin,0.02161,0.02163,163.0,3764.0
2025-07-25T08:16:41.580564,bitmart,0.021592,0.021667,3118.0,3330.0
2025-07-25T08:16:41.670288,bitget,0.021641,0.021648,2250.0,46834.0
2025-07-25T08:16:41.824064,bitget,0.021641,0.021646,2250.0,2913.0
2025-07-25T08:16:41.894984,binance,0.02162,0.02162,0.0,0.0
2025-07-25T08:16:41.971696,gateio,0.02161,0.02164,177.0,907.0
2025-07-25T08:16:41.973290,bitget,0.021641,0.021646,2250.0,6905.0
2025-07-25T08:16:42.075679,blofin,0.02161,0.02163,163.0,3764.0
2025-07-25T08:16:42.113624,bybit,0.021626,0.02163,1310.0,280.0
2025-07-25T08:16:42.121854,bitget,0.021641,0.021645,2250.0,2913.0
2025-07-25T08:16:42.212009,bybit,0.0,0.02163,0.0,1400.0
2025-07-25T08:16:42.272116,bitget,0.021645,0.021646,3375.0,3992.0
2025-07-25T08:16:42.427125,bingx,0.02163,0.02165,4665.6,28139.3
2025-07-25T08:16:42.428373,bitget,0.021643,0.021645,4666.0,3687.0
2025-07-25T08:16:42.481452,bitmart,0.021592,0.021667,3118.0,3330.0
2025-07-25T08:16:42.566310,blofin,0.02161,0.02163,162.0,3761.0
2025-07-25T08:16:42.574326,bitget,0.021643,0.021644,4666.0,2458.0
2025-07-25T08:16:42.612451,bybit,0.021626,0.0,1430.0,0.0
2025-07-25T08:16:42.712218,bybit,0.021627,0.0,1310.0,0.0
2025-07-25T08:16:42.729924,bitget,0.021643,0.021644,4666.0,2458.0
2025-07-25T08:16:42.856106,okx,0.02161,0.02163,16823.59,462.42
2025-07-25T08:16:42.883105,bitget,0.021643,0.021644,4666.0,2458.0
2025-07-25T08:16:42.894505,binance,0.02162,0.02162,0.0,0.0
2025-07-25T08:16:43.011739,bybit,0.0,0.0,0.0,0.0
2025-07-25T08:16:43.022123,bitget,0.021643,0.021644,4666.0,2458.0
2025-07-25T08:16:43.076157,blofin,0.02161,0.02163,164.0,1.0
2025-07-25T08:16:43.088484,okx,0.02161,0.02163,11823.59,462.42
2025-07-25T08:16:43.171324,bitget,0.021643,0.021644,4666.0,2458.0
2025-07-25T08:16:43.327995,bingx,0.02163,0.02165,4665.6,28139.3
2025-07-25T08:16:43.366415,mexc,0.021628,0.02163,109335134.0,109335134.0
2025-07-25T08:16:43.476387,bitmart,0.021593,0.021663,5121.0,3102.0
2025-07-25T08:16:43.560934,blofin,0.02161,0.02163,164.0,1.0
2025-07-25T08:16:43.612016,bybit,0.021628,0.02163,1310.0,280.0
2025-07-25T08:16:43.621664,bitget,0.021643,0.021644,4666.0,2458.0
2025-07-25T08:16:43.711956,bybit,0.021629,0.0,1310.0,0.0
2025-07-25T08:16:43.769035,gateio,0.02161,0.02164,1439.0,907.0
2025-07-25T08:16:43.773160,bitget,0.021643,0.021651,7579.0,2913.0
2025-07-25T08:16:43.784634,gateio,0.02162,0.02164,178.0,907.0
2025-07-25T08:16:43.894571,binance,0.02162,0.02162,0.0,0.0
2025-07-25T08:16:43.919186,okx,0.02161,0.02163,16823.59,462.42
2025-07-25T08:16:43.921264,bitget,0.021644,0.021651,2250.0,7586.0
2025-07-25T08:16:43.925995,gateio,0.02161,0.02164,177.0,907.0
2025-07-25T08:16:43.944716,gateio,0.02161,0.02164,2701.0,907.0
2025-07-25T08:16:43.964966,gateio,0.02162,0.02164,178.0,907.0
2025-07-25T08:16:44.065734,blofin,0.02161,0.02164,164.0,4132.0
2025-07-25T08:16:44.072010,bitget,0.021645,0.02165,2250.0,5321.0
2025-07-25T08:16:44.184957,gateio,0.02161,0.02164,177.0,907.0
2025-07-25T08:16:44.223708,bitget,0.021646,0.021649,2250.0,5321.0
2025-07-25T08:16:44.227443,bingx,0.02163,0.02165,4665.6,28139.3
2025-07-25T08:16:44.372070,bitget,0.021646,0.021648,2250.0,2458.0
2025-07-25T08:16:44.519390,bitmart,0.021593,0.021667,4852.0,1194.0
2025-07-25T08:16:44.523577,bitget,0.021646,0.021647,2250.0,2458.0
2025-07-25T08:16:44.565049,blofin,0.02161,0.02164,164.0,3763.0
2025-07-25T08:16:44.671919,bitget,0.021646,0.021647,2250.0,2458.0
2025-07-25T08:16:45.067255,blofin,0.02161,0.02164,2756.0,2637.0
2025-07-25T08:16:45.111921,bybit,0.0,0.0,0.0,0.0
2025-07-25T08:16:45.122886,bitget,0.021646,0.021647,2250.0,2458.0
2025-07-25T08:16:45.128984,bingx,0.02163,0.02165,4665.6,28139.3
2025-07-25T08:16:45.273814,bitget,0.021646,0.021647,2250.0,5321.0
2025-07-25T08:16:45.471063,bitmart,0.021593,0.021667,2786.0,1194.0
2025-07-25T08:16:45.558586,gateio,0.02161,0.02164,387.0,907.0
2025-07-25T08:16:45.565246,blofin,0.02161,0.02164,2756.0,2637.0
2025-07-25T08:16:45.574585,bitget,0.021646,0.021647,2250.0,5321.0
2025-07-25T08:16:45.584948,gateio,0.02162,0.02164,178.0,907.0
2025-07-25T08:16:45.720879,gateio,0.02161,0.02164,177.0,907.0
2025-07-25T08:16:45.746227,mexc,0.021626,0.02163,109335134.0,109335134.0
2025-07-25T08:16:45.848996,gateio,0.02161,0.02164,387.0,907.0
2025-07-25T08:16:45.866730,gateio,0.02162,0.02164,178.0,907.0
2025-07-25T08:16:46.002993,gateio,0.02161,0.02164,177.0,907.0
2025-07-25T08:16:46.011852,bybit,0.0,0.0,0.0,0.0
2025-07-25T08:16:46.033812,bingx,0.02163,0.02165,4665.6,28139.3
2025-07-25T08:16:46.078216,blofin,0.02161,0.02164,2756.0,2637.0
2025-07-25T08:16:46.176587,bitget,0.021646,0.021647,2250.0,2458.0
2025-07-25T08:16:46.475963,bitmart,0.021593,0.021667,2786.0,1194.0
2025-07-25T08:16:46.561607,blofin,0.02161,0.02164,1801.0,3795.0
2025-07-25T08:16:46.946843,bingx,0.02163,0.02165,4665.6,28139.3
2025-07-25T08:16:47.017698,bybit,0.021629,0.0,1410.0,0.0
2025-07-25T08:16:47.075172,blofin,0.02161,0.02164,1801.0,3795.0
2025-07-25T08:16:47.104154,okx,0.02161,0.02163,30063.89,462.42
2025-07-25T08:16:47.212617,bybit,0.0,0.0,0.0,0.0
2025-07-25T08:16:47.225008,bitget,0.021646,0.021647,5113.0,2458.0
2025-07-25T08:16:47.377347,bitget,0.021646,0.02165,2250.0,4673.0
2025-07-25T08:16:47.523732,bitget,0.021647,0.02165,2250.0,7536.0
2025-07-25T08:16:47.552869,blofin,0.02161,0.02164,1804.0,3795.0
2025-07-25T08:16:47.584657,gateio,0.02161,0.02164,1439.0,907.0
2025-07-25T08:16:47.588300,bitmart,0.021593,0.021667,2786.0,1194.0
2025-07-25T08:16:47.606678,gateio,0.02162,0.02164,178.0,907.0
2025-07-25T08:16:47.643162,gateio,0.02162,0.02164,178.0,731.0
2025-07-25T08:16:47.676664,bitget,0.021647,0.02165,5113.0,4673.0
2025-07-25T08:16:47.677059,gateio,0.02162,0.02165,178.0,177.0
2025-07-25T08:16:47.703027,gateio,0.02162,0.02165,178.0,908.0
2025-07-25T08:16:47.712017,bybit,0.021631,0.021632,1310.0,240.0
2025-07-25T08:16:47.785399,gateio,0.02162,0.02164,178.0,178.0
2025-07-25T08:16:47.812002,bybit,0.0,0.0,0.0,0.0
2025-07-25T08:16:47.823927,bitget,0.021649,0.02165,2250.0,4673.0
2025-07-25T08:16:47.839973,bingx,0.02163,0.02165,4665.6,28139.3
2025-07-25T08:16:47.894967,binance,0.02162,0.02162,0.0,0.0
2025-07-25T08:16:47.903463,okx,0.02161,0.02163,30163.89,462.42
2025-07-25T08:16:47.974371,bitget,0.021649,0.02165,2250.0,4673.0
2025-07-25T08:16:48.056422,blofin,0.02161,0.02164,2972.0,2149.0
2025-07-25T08:16:48.112678,bybit,0.0,0.0,0.0,0.0
2025-07-25T08:16:48.123540,mexc,0.021626,0.02163,109335134.0,109335134.0
2025-07-25T08:16:48.125375,bitget,0.021647,0.02165,4663.0,4673.0
2025-07-25T08:16:48.275849,bitget,0.021647,0.021654,4663.0,2931.0
2025-07-25T08:16:48.323002,gateio,0.02162,0.02165,178.0,908.0
2025-07-25T08:16:48.411824,bybit,0.0,0.0,0.0,0.0
2025-07-25T08:16:48.425875,bitget,0.021648,0.021656,5113.0,15836.0
2025-07-25T08:16:48.473657,bitmart,0.021597,0.021672,2508.0,102.0
2025-07-25T08:16:48.490147,okx,0.02162,0.02164,9927.86,9288.24
2025-07-25T08:16:48.550376,blofin,0.02161,0.02164,2972.0,2149.0
2025-07-25T08:16:48.575222,bitget,0.021649,0.021655,5113.0,2863.0
2025-07-25T08:16:48.612073,bybit,0.021631,0.0,1830.0,0.0
2025-07-25T08:16:48.712149,bybit,0.0,0.0,0.0,0.0
2025-07-25T08:16:48.724646,bitget,0.02165,0.021656,5113.0,15836.0
2025-07-25T08:16:48.746544,bingx,0.02163,0.02165,4665.6,28139.3
2025-07-25T08:16:48.879679,bitget,0.021651,0.021656,2250.0,15836.0
2025-07-25T08:16:48.894380,binance,0.02162,0.02162,0.0,0.0
2025-07-25T08:16:49.025736,bitget,0.021652,0.021655,2250.0,2863.0
2025-07-25T08:16:49.085071,blofin,0.02161,0.02164,2973.0,2149.0
2025-07-25T08:16:49.169957,okx,0.02162,0.02164,23333.2,462.1
2025-07-25T08:16:49.181189,bitget,0.021655,0.021656,2250.0,15248.0
2025-07-25T08:16:49.212571,gateio,0.02162,0.02165,178.0,177.0
2025-07-25T08:16:49.312679,bybit,0.021635,0.021636,1310.0,260.0
2025-07-25T08:16:49.330537,bitget,0.021655,0.021658,2250.0,12853.0
2025-07-25T08:16:49.390846,gateio,0.02162,0.02165,415.0,177.0
2025-07-25T08:16:49.406744,gateio,0.02163,0.02165,178.0,177.0
2025-07-25T08:16:49.411934,bybit,0.0,0.0,0.0,0.0
2025-07-25T08:16:49.476663,bitget,0.021657,0.021658,2250.0,12853.0
2025-07-25T08:16:49.547526,gateio,0.02162,0.02165,178.0,177.0
2025-07-25T08:16:49.571468,blofin,0.02161,0.02163,4077.0,10.0
2025-07-25T08:16:49.581601,bitmart,0.021607,0.02168,6519.0,762.0
2025-07-25T08:16:49.626285,bitget,0.021657,0.021661,2250.0,2863.0
2025-07-25T08:16:49.647158,bingx,0.02163,0.02165,8955.599999999999,11167.4
2025-07-25T08:16:49.779153,bitget,0.021655,0.02166,4663.0,46834.0
2025-07-25T08:16:49.894832,binance,0.02164,0.02164,0.0,0.0
2025-07-25T08:16:49.911709,bybit,0.0,0.0,0.0,0.0
2025-07-25T08:16:49.926202,bitget,0.021656,0.021659,2863.0,14050.0
2025-07-25T08:16:50.062295,blofin,0.02161,0.02163,4077.0,10.0
2025-07-25T08:16:50.081276,bitget,0.021654,0.021658,4663.0,3992.0
2025-07-25T08:16:50.225972,bitget,0.021654,0.021658,4663.0,3992.0
2025-07-25T08:16:50.377750,bitget,0.021654,0.021658,4663.0,3992.0
2025-07-25T08:16:50.481515,bitmart,0.021607,0.02168,5823.0,762.0
2025-07-25T08:16:50.492964,mexc,0.021637,0.021639,109335134.0,109335134.0
2025-07-25T08:16:50.528714,bitget,0.021654,0.021658,4663.0,3992.0
2025-07-25T08:16:50.548732,bingx,0.02163,0.02165,8955.599999999999,11167.4
2025-07-25T08:16:50.553490,blofin,0.02161,0.02163,10549.0,10.0
2025-07-25T08:16:50.676465,bitget,0.021655,0.021658,2863.0,3992.0
2025-07-25T08:16:50.812182,bybit,0.0,0.0,0.0,0.0
2025-07-25T08:16:50.826972,bitget,0.021655,0.021658,2863.0,3992.0
2025-07-25T08:16:50.894296,binance,0.02164,0.02164,0.0,0.0
2025-07-25T08:16:50.912550,bybit,0.021635,0.0,1830.0,0.0
2025-07-25T08:16:50.978344,bitget,0.021655,0.02166,2863.0,46834.0
2025-07-25T08:16:51.014253,gateio,0.02162,0.02165,427.0,177.0
2025-07-25T08:16:51.014295,gateio,0.02163,0.02165,178.0,177.0
2025-07-25T08:16:51.063602,blofin,0.02161,0.02163,10549.0,10.0
2025-07-25T08:16:51.111976,bybit,0.0,0.0,0.0,0.0
2025-07-25T08:16:51.127499,bitget,0.021655,0.021659,2863.0,14050.0
2025-07-25T08:16:51.145041,gateio,0.02162,0.02165,178.0,177.0
2025-07-25T08:16:51.277154,bitget,0.021656,0.021658,2250.0,3992.0
2025-07-25T08:16:51.402971,gateio,0.02162,0.02165,388.0,177.0
2025-07-25T08:16:51.426770,bitget,0.021656,0.021658,2250.0,3992.0
2025-07-25T08:16:51.451305,bingx,0.02163,0.02165,8955.599999999999,11167.4
2025-07-25T08:16:51.533152,gateio,0.02163,0.02165,176.0,177.0
2025-07-25T08:16:51.562197,blofin,0.02161,0.02163,11469.0,12.0
2025-07-25T08:16:51.576444,bitget,0.021652,0.021658,7525.0,6855.0
2025-07-25T08:16:51.576925,bitmart,0.021607,0.02168,6255.0,762.0
2025-07-25T08:16:51.684878,gateio,0.02162,0.02165,178.0,177.0
2025-07-25T08:16:51.712057,bybit,0.0,0.0,0.0,0.0
2025-07-25T08:16:51.727375,bitget,0.021653,0.021658,2863.0,6855.0
2025-07-25T08:16:51.876085,bitget,0.021653,0.021656,2863.0,2458.0
2025-07-25T08:16:51.894342,binance,0.02164,0.02164,0.0,0.0
2025-07-25T08:16:52.026968,bitget,0.021653,0.021656,2863.0,2458.0
2025-07-25T08:16:52.060873,blofin,0.02161,0.02163,11469.0,12.0
2025-07-25T08:16:52.177808,bitget,0.021653,0.021658,2863.0,7532.0
2025-07-25T08:16:52.327392,bitget,0.021657,0.021659,2250.0,14194.0
2025-07-25T08:16:52.352576,bingx,0.02163,0.02165,8955.599999999999,11167.4
2025-07-25T08:16:52.412055,bybit,0.021639,0.02164,1310.0,240.0
2025-07-25T08:16:52.425033,gateio,0.02162,0.02165,1439.0,177.0
2025-07-25T08:16:52.442947,gateio,0.02163,0.02165,176.0,177.0
2025-07-25T08:16:52.468549,bitmart,0.021606,0.02168,5862.0,1601.0
2025-07-25T08:16:52.483614,bitget,0.021657,0.02166,2250.0,46834.0
2025-07-25T08:16:52.511960,bybit,0.0,0.0,0.0,0.0
2025-07-25T08:16:52.567966,blofin,0.02161,0.02163,11470.0,12.0
2025-07-25T08:16:52.630642,bitget,0.021657,0.021659,2250.0,3992.0
2025-07-25T08:16:52.779955,bitget,0.021657,0.02166,2250.0,46834.0
2025-07-25T08:16:52.785679,okx,0.02162,0.02164,29933.2,462.1
2025-07-25T08:16:52.841692,gateio,0.02163,0.02166,176.0,3476.0
2025-07-25T08:16:52.858266,mexc,0.021642,0.021644,109335134.0,109335134.0
2025-07-25T08:16:52.894342,binance,0.02164,0.02164,0.0,0.0
2025-07-25T08:16:52.911644,bybit,0.0,0.0,0.0,0.0
2025-07-25T08:16:52.926591,bitget,0.021657,0.021659,5113.0,14050.0
2025-07-25T08:16:52.952731,gateio,0.02162,0.02165,178.0,176.0
2025-07-25T08:16:53.009433,gateio,0.02162,0.02164,178.0,24.0
2025-07-25T08:16:53.058927,blofin,0.02161,0.02163,9259.0,15.0
2025-07-25T08:16:53.081178,bitget,0.021658,0.021662,2250.0,2863.0
2025-07-25T08:16:53.097367,okx,0.02162,0.02164,30033.2,462.1
2025-07-25T08:16:53.099012,gateio,0.02163,0.02164,181.0,24.0
2025-07-25T08:16:53.139159,gateio,0.02163,0.02164,5.0,24.0
2025-07-25T08:16:53.212422,bybit,0.0,0.0,0.0,0.0
2025-07-25T08:16:53.237587,bitget,0.021658,0.021662,2250.0,49697.0
2025-07-25T08:16:53.248857,gateio,0.02163,0.02164,181.0,24.0
2025-07-25T08:16:53.255254,bingx,0.02163,0.02165,8955.599999999999,11167.4
2025-07-25T08:16:53.307311,gateio,0.02163,0.02164,248.0,24.0
2025-07-25T08:16:53.378582,bitget,0.021658,0.021661,2250.0,2863.0
2025-07-25T08:16:53.383279,okx,0.02162,0.02164,29933.2,462.1
2025-07-25T08:16:53.494858,okx,0.02162,0.02164,24933.2,462.1
2025-07-25T08:16:53.497357,gateio,0.02163,0.02164,424.0,24.0
2025-07-25T08:16:53.512584,gateio,0.02163,0.02164,181.0,24.0
2025-07-25T08:16:53.527704,bitget,0.021658,0.021661,2250.0,2863.0
2025-07-25T08:16:53.559914,blofin,0.02161,0.02163,9211.0,14.0
2025-07-25T08:16:53.575988,bitmart,0.021609,0.02168,6340.0,248.0
2025-07-25T08:16:53.681608,bitget,0.021658,0.021662,2250.0,46834.0
2025-07-25T08:16:53.746827,gateio,0.02163,0.02164,424.0,24.0
2025-07-25T08:16:53.756724,gateio,0.02163,0.02164,181.0,24.0
2025-07-25T08:16:53.800503,okx,0.02162,0.02164,29933.2,462.1
2025-07-25T08:16:53.812523,bybit,0.0,0.0,0.0,0.0
2025-07-25T08:16:53.830639,bitget,0.021658,0.021661,2250.0,14050.0
2025-07-25T08:16:53.878626,gateio,0.02163,0.02164,424.0,24.0
2025-07-25T08:16:53.911135,okx,0.02163,0.02165,2442.32,461.88
2025-07-25T08:16:53.911629,bybit,0.021639,0.0,1830.0,0.0
2025-07-25T08:16:53.980760,bitget,0.02166,0.021661,2836.0,14050.0
2025-07-25T08:16:54.054963,okx,0.02163,0.02165,4042.32,461.88
2025-07-25T08:16:54.080513,blofin,0.02161,0.02163,9211.0,14.0
2025-07-25T08:16:54.134041,bitget,0.02166,0.021663,2836.0,1082.0
2025-07-25T08:16:54.159565,bingx,0.02163,0.02165,8955.599999999999,11167.4
2025-07-25T08:16:54.192466,okx,0.02163,0.02165,14476.98,461.88
2025-07-25T08:16:54.194889,gateio,0.02163,0.02164,634.0,24.0
2025-07-25T08:16:54.209054,gateio,0.02163,0.02164,424.0,24.0
2025-07-25T08:16:54.279070,bitget,0.021662,0.021663,5086.0,1082.0
2025-07-25T08:16:54.302997,gateio,0.02163,0.02164,670.0,24.0
2025-07-25T08:16:54.312949,bybit,0.021644,0.021648,1830.0,500.0
2025-07-25T08:16:54.394624,gateio,0.02163,0.02164,424.0,24.0
2025-07-25T08:16:54.412333,bybit,0.0,0.0,0.0,0.0
2025-07-25T08:16:54.433890,bitget,0.021662,0.021663,5086.0,1082.0
2025-07-25T08:16:54.476280,bitmart,0.021611,0.021685,2856.0,269.0
2025-07-25T08:16:54.549519,blofin,0.02161,0.02163,9187.0,6.0
2025-07-25T08:16:54.579681,bitget,0.021662,0.021663,5086.0,1082.0
2025-07-25T08:16:54.592822,gateio,0.02163,0.02166,424.0,909.0
2025-07-25T08:16:54.712251,bybit,0.0,0.0,0.0,0.0
2025-07-25T08:16:54.730602,bitget,0.021662,0.021663,2250.0,1082.0
2025-07-25T08:16:54.884668,bitget,0.021662,0.021663,2250.0,1082.0
2025-07-25T08:16:54.894370,binance,0.02164,0.02164,0.0,0.0
2025-07-25T08:16:54.912614,bybit,0.021645,0.0,1310.0,0.0
2025-07-25T08:16:55.064655,blofin,0.02163,0.02164,928.0,1.0
2025-07-25T08:16:55.069006,bingx,0.02163,0.02165,8955.599999999999,11167.4
2025-07-25T08:16:55.211827,bybit,0.021646,0.0,1310.0,0.0
2025-07-25T08:16:55.277871,mexc,0.021647,0.021648,109335134.0,109335134.0
2025-07-25T08:16:55.474890,bitmart,0.021611,0.021685,2856.0,269.0
2025-07-25T08:16:55.478943,bitget,0.021662,0.021663,5086.0,1082.0
2025-07-25T08:16:55.569843,blofin,0.02163,0.02164,2202.0,1.0
2025-07-25T08:16:55.628773,bitget,0.021662,0.021663,5086.0,1082.0
2025-07-25T08:16:55.778286,bitget,0.021662,0.021663,5086.0,1082.0
2025-07-25T08:16:55.974890,bingx,0.02163,0.02165,8955.599999999999,11167.4
2025-07-25T08:16:56.068207,blofin,0.02163,0.02164,2205.0,1.0
2025-07-25T08:16:56.243079,bitget,0.021662,0.021663,5086.0,1082.0
2025-07-25T08:16:56.308697,gateio,0.02164,0.02166,176.0,909.0
2025-07-25T08:16:56.311733,bybit,0.021647,0.0,1310.0,0.0
2025-07-25T08:16:56.379951,bitget,0.021662,0.021663,5086.0,1082.0
2025-07-25T08:16:56.477391,bitmart,0.021611,0.021685,2856.0,1073.0
2025-07-25T08:16:56.484740,gateio,0.02164,0.02166,176.0,178.0
2025-07-25T08:16:56.500608,gateio,0.02164,0.02167,176.0,173.0
2025-07-25T08:16:56.529613,bitget,0.021662,0.021663,5086.0,1082.0
2025-07-25T08:16:56.530944,gateio,0.02163,0.02166,176.0,176.0
2025-07-25T08:16:56.554395,blofin,0.02163,0.02164,2205.0,1.0
2025-07-25T08:16:56.568983,bingx,0.02163,0.02165,8955.599999999999,11167.4
2025-07-25T08:16:56.679288,bitget,0.021662,0.021663,5086.0,1082.0
2025-07-25T08:16:56.760500,gateio,0.02163,0.02166,386.0,176.0
2025-07-25T08:16:56.776831,gateio,0.02164,0.02166,176.0,176.0
2025-07-25T08:16:56.812227,bybit,0.0,0.0,0.0,0.0
2025-07-25T08:16:56.830738,bitget,0.021662,0.021663,5086.0,1082.0
2025-07-25T08:16:56.871697,bingx,0.02164,0.02167,8580.9,11165.3
2025-07-25T08:16:56.894580,binance,0.02165,0.02165,0.0,0.0
2025-07-25T08:16:56.924585,gateio,0.02163,0.02166,238.0,176.0
2025-07-25T08:16:56.979647,bitget,0.021662,0.021663,5086.0,1082.0
2025-07-25T08:16:57.060540,blofin,0.02163,0.02164,2205.0,1.0
2025-07-25T08:16:57.163048,gateio,0.02163,0.02166,448.0,176.0
2025-07-25T08:16:57.201279,gateio,0.02164,0.02166,176.0,176.0
2025-07-25T08:16:57.212255,bybit,0.021653,0.021654,1310.0,500.0
2025-07-25T08:16:57.264987,gateio,0.02164,0.02167,176.0,1003.0
2025-07-25T08:16:57.265022,gateio,0.02164,0.02167,176.0,903.0
2025-07-25T08:16:57.265256,gateio,0.02164,0.02166,176.0,176.0
2025-07-25T08:16:57.311910,bybit,0.021648,0.0,1830.0,0.0
2025-07-25T08:16:57.431738,bitget,0.021664,0.021668,4177.0,272.0
2025-07-25T08:16:57.455023,okx,0.02163,0.02165,27378.95,461.88
2025-07-25T08:16:57.563472,blofin,0.02163,0.02165,2203.0,2906.0
2025-07-25T08:16:57.587101,bitget,0.021667,0.021668,2250.0,272.0
2025-07-25T08:16:57.590282,bitmart,0.021618,0.021688,1274.0,389.0
2025-07-25T08:16:57.680649,mexc,0.021647,0.021648,109335134.0,109335134.0
2025-07-25T08:16:57.711610,bybit,0.0,0.0,0.0,0.0
2025-07-25T08:16:57.730916,bitget,0.021667,0.021668,2250.0,272.0
2025-07-25T08:16:57.774903,bingx,0.02164,0.02167,8580.9,11165.3
2025-07-25T08:16:57.880686,bitget,0.021667,0.021668,2250.0,272.0
2025-07-25T08:16:57.894311,binance,0.02165,0.02165,0.0,0.0
2025-07-25T08:16:58.032992,bitget,0.021667,0.021668,2250.0,272.0
2025-07-25T08:16:58.065220,blofin,0.02163,0.02165,3427.0,2.0
2025-07-25T08:16:58.311655,bybit,0.021649,0.0,1310.0,0.0
2025-07-25T08:16:58.500995,bitmart,0.021618,0.021688,3584.0,116.0
2025-07-25T08:16:58.568546,blofin,0.02163,0.02165,3427.0,2.0
2025-07-25T08:16:58.631003,bitget,0.021667,0.021668,2250.0,272.0
2025-07-25T08:16:58.677480,bingx,0.02164,0.02167,8580.9,11165.3
2025-07-25T08:16:58.697956,okx,0.02163,0.02165,27278.95,461.88
2025-07-25T08:16:58.783658,bitget,0.021667,0.021668,2250.0,272.0
2025-07-25T08:16:58.854803,okx,0.02163,0.02165,27378.95,461.88
2025-07-25T08:16:59.064014,blofin,0.02163,0.02166,3427.0,485.0
2025-07-25T08:16:59.109266,okx,0.02163,0.02165,27278.95,461.88
2025-07-25T08:16:59.231431,bitget,0.021667,0.021668,2250.0,272.0
2025-07-25T08:16:59.250941,okx,0.02163,0.02165,14476.98,461.88
2025-07-25T08:16:59.411936,bybit,0.02165,0.0,1310.0,0.0
2025-07-25T08:16:59.502171,bitmart,0.021617,0.021688,1365.0,130.0
2025-07-25T08:16:59.534289,bitget,0.021667,0.021668,2250.0,272.0
2025-07-25T08:16:59.540547,blofin,0.02163,0.02165,4091.0,496.0
2025-07-25T08:16:59.579290,bingx,0.02164,0.02167,8580.9,11165.3
2025-07-25T08:16:59.597727,okx,0.02163,0.02165,19476.98,461.88
2025-07-25T08:16:59.612297,bybit,0.021651,0.0,1310.0,0.0
2025-07-25T08:16:59.681924,bitget,0.021667,0.021668,2250.0,272.0
2025-07-25T08:16:59.831827,bitget,0.021667,0.021668,5086.0,272.0
2025-07-25T08:16:59.894579,binance,0.02165,0.02165,0.0,0.0
2025-07-25T08:16:59.965726,okx,0.02163,0.02165,19576.98,461.88
2025-07-25T08:16:59.982173,bitget,0.021667,0.021668,5086.0,272.0
2025-07-25T08:17:00.075540,mexc,0.021651,0.021653,109335134.0,109335134.0
2025-07-25T08:17:00.085714,blofin,0.02163,0.02165,4089.0,496.0
2025-07-25T08:17:00.095845,okx,0.02163,0.02165,19476.98,461.88
2025-07-25T08:17:00.135982,bitget,0.021667,0.021668,2250.0,272.0
2025-07-25T08:17:00.199001,okx,0.02163,0.02165,30220.95,461.88
2025-07-25T08:17:00.283338,bitget,0.021667,0.021668,2250.0,3108.0
2025-07-25T08:17:00.481209,bingx,0.02164,0.02167,8580.9,11165.3
2025-07-25T08:17:00.497355,gateio,0.02163,0.02166,1029.0,176.0
2025-07-25T08:17:00.504831,bitmart,0.021617,0.02169,6145.0,156.0
2025-07-25T08:17:00.548871,blofin,0.02163,0.02166,4091.0,501.0
2025-07-25T08:17:00.584327,bitget,0.021665,0.021668,4662.0,3108.0
2025-07-25T08:17:00.611503,bybit,0.0,0.021653,0.0,1310.0
2025-07-25T08:17:00.658775,gateio,0.02163,0.02166,1239.0,176.0
2025-07-25T08:17:00.740040,bitget,0.021665,0.021668,4662.0,272.0
2025-07-25T08:17:00.881429,bitget,0.021665,0.021668,4662.0,272.0
2025-07-25T08:17:01.032048,bitget,0.021665,0.021668,4662.0,3108.0
2025-07-25T08:17:01.080034,blofin,0.02163,0.02166,4091.0,501.0
2025-07-25T08:17:01.099529,gateio,0.02163,0.02166,386.0,176.0
2025-07-25T08:17:01.112002,bybit,0.021644,0.021652,520.0,1310.0
2025-07-25T08:17:01.148744,gateio,0.02163,0.02166,2908.0,176.0
2025-07-25T08:17:01.183669,bitget,0.021665,0.021667,4662.0,2836.0
2025-07-25T08:17:01.308043,gateio,0.02163,0.02166,3118.0,176.0
2025-07-25T08:17:01.311941,bybit,0.021645,0.021651,1310.0,1310.0
2025-07-25T08:17:01.335769,bitget,0.021665,0.021666,4662.0,5294.0
2025-07-25T08:17:01.395312,bingx,0.02164,0.02167,8580.9,11165.3
2025-07-25T08:17:01.411638,bybit,0.021646,0.0,1310.0,0.0
2025-07-25T08:17:01.465469,gateio,0.02164,0.02166,178.0,176.0
2025-07-25T08:17:01.483122,bitget,0.021665,0.021666,4662.0,2458.0
2025-07-25T08:17:01.491890,bitmart,0.021616,0.021687,3940.0,8775.0
2025-07-25T08:17:01.512287,bybit,0.021647,0.0,1310.0,0.0
2025-07-25T08:17:01.566461,blofin,0.02163,0.02166,3683.0,2362.0
2025-07-25T08:17:01.635881,bitget,0.021666,0.021668,2458.0,272.0
2025-07-25T08:17:01.724919,gateio,0.02163,0.02166,176.0,176.0
2025-07-25T08:17:01.782603,bitget,0.021667,0.021668,2250.0,272.0
2025-07-25T08:17:01.894493,binance,0.02165,0.02165,0.0,0.0
2025-07-25T08:17:01.911734,bybit,0.021644,0.02165,830.0,1310.0
2025-07-25T08:17:01.935040,bitget,0.021667,0.021668,2250.0,272.0
2025-07-25T08:17:01.954826,gateio,0.02163,0.02166,419.0,176.0
2025-07-25T08:17:01.982770,gateio,0.02164,0.02166,178.0,176.0
2025-07-25T08:17:02.012367,bybit,0.021645,0.0,1310.0,0.0
2025-07-25T08:17:02.069000,blofin,0.02163,0.02166,3683.0,2362.0
2025-07-25T08:17:02.088609,bitget,0.021667,0.021668,2250.0,742.0
2025-07-25T08:17:02.126933,gateio,0.02163,0.02166,176.0,176.0
2025-07-25T08:17:02.211960,bybit,0.021646,0.0,1310.0,0.0
2025-07-25T08:17:02.238325,bitget,0.021667,0.021668,2250.0,742.0
2025-07-25T08:17:02.291250,bingx,0.02164,0.02167,8580.9,11165.3
2025-07-25T08:17:02.311849,bybit,0.021647,0.021654,1310.0,860.0
2025-07-25T08:17:02.411867,bybit,0.0,0.021654,0.0,500.0
2025-07-25T08:17:02.462970,mexc,0.021651,0.021653,109335134.0,109335134.0
2025-07-25T08:17:02.491733,bitmart,0.021617,0.021687,5225.0,151.0
2025-07-25T08:17:02.553419,blofin,0.02163,0.02166,3683.0,2362.0
2025-07-25T08:17:02.709187,gateio,0.02163,0.02166,2728.0,176.0
2025-07-25T08:17:02.711600,bybit,0.0,0.021653,0.0,1310.0
2025-07-25T08:17:02.792895,gateio,0.02164,0.02166,178.0,176.0
2025-07-25T08:17:02.833952,bitget,0.021667,0.021668,2250.0,742.0
2025-07-25T08:17:02.986830,bitget,0.021665,0.021668,4663.0,742.0
2025-07-25T08:17:03.012047,bybit,0.021648,0.021652,1310.0,1310.0
2025-07-25T08:17:03.085991,blofin,0.02163,0.02166,3683.0,2362.0
2025-07-25T08:17:03.134535,bitget,0.021665,0.021668,4663.0,742.0
2025-07-25T08:17:03.189456,bingx,0.02164,0.02167,8580.9,11165.3
2025-07-25T08:17:03.212052,bybit,0.021649,0.0,1310.0,0.0
2025-07-25T08:17:03.440715,bitget,0.021666,0.021668,2836.0,742.0
2025-07-25T08:17:03.462172,bitmart,0.021617,0.021687,2021.0,449.0
2025-07-25T08:17:03.562449,blofin,0.02163,0.02165,3196.0,512.0
2025-07-25T08:17:03.583449,bitget,0.021664,0.021668,4663.0,742.0
2025-07-25T08:17:03.736221,bitget,0.021664,0.021668,7499.0,742.0
2025-07-25T08:17:04.012061,bybit,0.02165,0.0,1310.0,0.0
2025-07-25T08:17:04.067348,blofin,0.02163,0.02165,3196.0,516.0
2025-07-25T08:17:04.094480,bingx,0.02164,0.02167,8580.9,11165.3
2025-07-25T08:17:04.185584,bitget,0.021664,0.021668,4663.0,742.0
2025-07-25T08:17:04.312649,bybit,0.021651,0.021654,1310.0,500.0
2025-07-25T08:17:04.336420,bitget,0.021664,0.021668,7565.0,742.0
2025-07-25T08:17:04.476017,bitmart,0.021614,0.02169,2277.0,12272.0
2025-07-25T08:17:04.485637,bitget,0.021664,0.021668,4663.0,742.0
2025-07-25T08:17:04.556405,blofin,0.02163,0.02165,2788.0,2729.0
2025-07-25T08:17:04.638195,bitget,0.021664,0.021668,4663.0,3644.0
2025-07-25T08:17:04.851998,mexc,0.021651,0.021654,109335134.0,109335134.0
2025-07-25T08:17:04.934521,bitget,0.021664,0.021667,4663.0,2902.0
2025-07-25T08:17:05.002985,bingx,0.02164,0.02167,8580.9,11165.3
2025-07-25T08:17:05.068144,blofin,0.02163,0.02165,2788.0,2729.0
2025-07-25T08:17:05.084188,bitget,0.021665,0.021667,2250.0,2902.0
2025-07-25T08:17:05.234413,bitget,0.021665,0.021667,2250.0,2902.0
2025-07-25T08:17:05.388079,bitget,0.021665,0.021668,2250.0,742.0
2025-07-25T08:17:05.468477,bitmart,0.021617,0.02169,2521.0,12272.0
2025-07-25T08:17:05.534924,bitget,0.021665,0.021667,2250.0,2902.0
2025-07-25T08:17:05.554038,blofin,0.02163,0.02165,2788.0,2729.0
2025-07-25T08:17:05.687353,bitget,0.021665,0.021667,2250.0,2902.0
2025-07-25T08:17:05.712166,bybit,0.021652,0.0,1310.0,0.0
2025-07-25T08:17:05.835571,bitget,0.021665,0.021667,2250.0,2902.0
2025-07-25T08:17:05.894328,binance,0.02165,0.02165,0.0,0.0
2025-07-25T08:17:05.900534,bingx,0.02164,0.02167,8580.9,11165.3
2025-07-25T08:17:06.063191,blofin,0.02163,0.02165,2569.0,1.0
2025-07-25T08:17:06.136246,bitget,0.021665,0.021667,2250.0,2902.0
2025-07-25T08:17:06.211599,bybit,0.021653,0.0,1310.0,0.0
2025-07-25T08:17:06.285454,bitget,0.021665,0.021668,2250.0,742.0
2025-07-25T08:17:06.436022,bitget,0.021667,0.021668,2250.0,3644.0
2025-07-25T08:17:06.482632,bitmart,0.021617,0.021688,5716.0,15601.0
2025-07-25T08:17:06.554809,blofin,0.02163,0.02165,2569.0,2984.0
2025-07-25T08:17:06.574816,gateio,0.02163,0.02166,2728.0,176.0
2025-07-25T08:17:06.586584,bitget,0.021665,0.021668,4663.0,3644.0
2025-07-25T08:17:06.611905,bybit,0.021646,0.021653,360.0,1310.0
2025-07-25T08:17:06.713146,bybit,0.0,0.0,0.0,0.0
2025-07-25T08:17:06.736411,bitget,0.02166,0.021666,4663.0,2458.0
2025-07-25T08:17:06.801129,bingx,0.02164,0.02167,8580.9,11165.3
2025-07-25T08:17:06.891222,bitget,0.021661,0.021666,4663.0,5360.0
2025-07-25T08:17:06.894526,binance,0.02165,0.02165,0.0,0.0
2025-07-25T08:17:07.012045,bybit,0.021644,0.021652,520.0,1830.0
2025-07-25T08:17:07.036991,bitget,0.021662,0.021665,2250.0,2902.0
2025-07-25T08:17:07.064034,blofin,0.02163,0.02165,2569.0,2984.0
2025-07-25T08:17:07.108093,bingx,0.02164,0.02167,8580.9,11165.3
2025-07-25T08:17:07.111812,bybit,0.021645,0.0,1310.0,0.0
2025-07-25T08:17:07.145555,gateio,0.02164,0.02166,178.0,176.0
2025-07-25T08:17:07.187449,bitget,0.021662,0.021668,2250.0,5412.0
2025-07-25T08:17:07.208194,mexc,0.021651,0.021654,109335134.0,109335134.0
2025-07-25T08:17:07.211872,bybit,0.0,0.021651,0.0,1310.0
2025-07-25T08:17:07.311721,bybit,0.021646,0.02165,1310.0,1310.0
2025-07-25T08:17:07.336029,bitget,0.021662,0.021667,5152.0,4670.0
2025-07-25T08:17:07.341336,gateio,0.02164,0.02167,178.0,903.0
2025-07-25T08:17:07.412512,bybit,0.021647,0.021654,1310.0,500.0
2025-07-25T08:17:07.485624,bitget,0.021663,0.021668,2902.0,742.0
2025-07-25T08:17:07.511630,bybit,0.021648,0.0,1310.0,0.0
2025-07-25T08:17:07.560512,bitmart,0.021616,0.021688,2314.0,1004.0
2025-07-25T08:17:07.560702,blofin,0.02163,0.02165,2569.0,2984.0
2025-07-25T08:17:07.635074,bitget,0.021663,0.021668,2902.0,742.0
2025-07-25T08:17:07.718210,bybit,0.021649,0.021653,1310.0,1310.0
2025-07-25T08:17:07.894355,binance,0.02165,0.02165,0.0,0.0
2025-07-25T08:17:07.912757,bybit,0.0,0.0,0.0,0.0
2025-07-25T08:17:07.944911,bitget,0.021663,0.021668,2902.0,3644.0
2025-07-25T08:17:08.000673,gateio,0.02164,0.02166,178.0,178.0
2025-07-25T08:17:08.008602,bingx,0.02164,0.02167,8580.9,11165.3
2025-07-25T08:17:08.057396,blofin,0.02163,0.02165,5.0,2.0
2025-07-25T08:17:08.089599,bitget,0.021663,0.021668,2902.0,742.0
2025-07-25T08:17:08.211621,bybit,0.02165,0.0,1310.0,0.0
2025-07-25T08:17:08.237243,bitget,0.021663,0.021668,2902.0,742.0
2025-07-25T08:17:08.563163,blofin,0.02163,0.02165,2797.0,2234.0
2025-07-25T08:17:08.567895,bitmart,0.021616,0.021688,2314.0,1004.0
2025-07-25T08:17:08.813626,bybit,0.0,0.0,0.0,0.0
2025-07-25T08:17:08.910068,bingx,0.02164,0.02167,8580.9,11165.3
2025-07-25T08:17:09.051882,blofin,0.02163,0.02165,2797.0,2234.0
2025-07-25T08:17:09.317416,bybit,0.021651,0.0,1310.0,0.0
2025-07-25T08:17:09.468266,bitmart,0.021616,0.021688,2314.0,1004.0
2025-07-25T08:17:09.558678,blofin,0.02163,0.02165,2797.0,2236.0
2025-07-25T08:17:09.598420,mexc,0.02165,0.021654,109335134.0,109335134.0
2025-07-25T08:17:09.820215,bingx,0.02164,0.02167,8580.9,11165.3
2025-07-25T08:17:09.853179,gateio,0.02164,0.02167,178.0,903.0
2025-07-25T08:17:09.888611,bitget,0.021667,0.021668,2250.0,742.0
2025-07-25T08:17:09.894478,binance,0.02165,0.02165,0.0,0.0
2025-07-25T08:17:09.912073,bybit,0.021652,0.021654,1310.0,500.0
2025-07-25T08:17:10.012010,bybit,0.021653,0.0,1310.0,0.0
2025-07-25T08:17:10.038420,bitget,0.021667,0.021668,3524.0,742.0
2025-07-25T08:17:10.057861,okx,0.02164,0.02165,9683.49,461.88
2025-07-25T08:17:10.078778,blofin,0.02163,0.02166,2794.0,2273.0
2025-07-25T08:17:10.123128,bingx,0.02164,0.02167,8580.9,11165.3
2025-07-25T08:17:10.158313,okx,0.02164,0.02166,10145.59,461.68
2025-07-25T08:17:10.188491,bitget,0.021667,0.021668,6426.0,742.0
2025-07-25T08:17:10.338953,bitget,0.021667,0.021668,6426.0,742.0
2025-07-25T08:17:10.488702,bitget,0.021667,0.021668,6426.0,742.0
2025-07-25T08:17:10.561188,blofin,0.02163,0.02166,2794.0,2273.0
2025-07-25T08:17:10.572125,bitmart,0.021621,0.021693,7721.0,129.0
2025-07-25T08:17:10.612364,bybit,0.0,0.0,0.0,0.0
2025-07-25T08:17:10.894645,binance,0.02165,0.02165,0.0,0.0
2025-07-25T08:17:11.016544,bingx,0.02164,0.02167,8580.9,11165.3
2025-07-25T08:17:11.045548,gateio,0.02164,0.02166,178.0,178.0
2025-07-25T08:17:11.063260,blofin,0.02163,0.02166,2794.0,2273.0
2025-07-25T08:17:11.212106,bybit,0.021647,0.021653,360.0,1830.0
2025-07-25T08:17:11.241028,bitget,0.021662,0.021667,2990.0,9717.0
2025-07-25T08:17:11.311857,bybit,0.021645,0.0,360.0,0.0
2025-07-25T08:17:11.354687,okx,0.02164,0.02166,462.1,2061.68
2025-07-25T08:17:11.397392,bitget,0.02166,0.021666,4666.0,2902.0
2025-07-25T08:17:11.412156,bybit,0.021646,0.021652,1310.0,1310.0
2025-07-25T08:17:11.538920,bitget,0.021661,0.021667,2250.0,3524.0
2025-07-25T08:17:11.564380,blofin,0.02163,0.02165,2826.0,2235.0
2025-07-25T08:17:11.576998,bitmart,0.021616,0.021685,377.0,1181.0
2025-07-25T08:17:11.612166,bybit,0.021647,0.0,1310.0,0.0
2025-07-25T08:17:11.691226,bitget,0.021666,0.021667,2250.0,3524.0
2025-07-25T08:17:11.711735,bybit,0.021648,0.0,1310.0,0.0
2025-07-25T08:17:11.839017,bitget,0.021666,0.021667,2250.0,3524.0
2025-07-25T08:17:11.894213,binance,0.02165,0.02165,0.0,0.0
2025-07-25T08:17:11.918000,bingx,0.02164,0.02167,8580.9,11165.3
2025-07-25T08:17:11.967570,mexc,0.021656,0.021657,109335134.0,109335134.0
2025-07-25T08:17:11.990337,bitget,0.021666,0.021667,2250.0,6426.0
2025-07-25T08:17:12.011638,bybit,0.021649,0.0,1310.0,0.0
2025-07-25T08:17:12.035294,gateio,0.02164,0.02167,178.0,903.0
2025-07-25T08:17:12.061069,blofin,0.02163,0.02165,3930.0,85.0
2025-07-25T08:17:12.113686,bybit,0.0,0.021654,0.0,500.0
2025-07-25T08:17:12.114538,gateio,0.02164,0.02166,178.0,172.0
2025-07-25T08:17:12.139960,bitget,0.021666,0.021667,2250.0,3524.0
2025-07-25T08:17:12.211654,bybit,0.02165,0.0,1310.0,0.0
2025-07-25T08:17:12.285887,okx,0.02164,0.02166,462.1,461.68
2025-07-25T08:17:12.290136,bitget,0.021666,0.021667,2250.0,3524.0
2025-07-25T08:17:12.311899,bybit,0.0,0.021653,0.0,1670.0
2025-07-25T08:17:12.390600,okx,0.02164,0.02166,462.1,4041.68
2025-07-25T08:17:12.439950,bitget,0.021661,0.021667,2507.0,6426.0
2025-07-25T08:17:12.511743,bybit,0.0,0.021653,0.0,1310.0
2025-07-25T08:17:12.548461,blofin,0.02163,0.02165,3930.0,83.0
2025-07-25T08:17:12.589580,bitget,0.021661,0.021667,2902.0,3524.0
2025-07-25T08:17:12.629695,bitmart,0.021616,0.021687,834.0,1486.0
2025-07-25T08:17:12.739397,bitget,0.021661,0.021666,2902.0,2902.0
2025-07-25T08:17:12.811844,bybit,0.021651,0.021654,1310.0,500.0
2025-07-25T08:17:12.821104,bingx,0.02164,0.02167,8580.9,11165.3
2025-07-25T08:17:12.889338,bitget,0.021662,0.021668,2250.0,742.0
2025-07-25T08:17:12.911702,bybit,0.021652,0.0,1310.0,0.0
2025-07-25T08:17:13.040772,bitget,0.021667,0.021668,2250.0,742.0
2025-07-25T08:17:13.066743,blofin,0.02163,0.02165,3930.0,83.0
2025-07-25T08:17:13.193280,bitget,0.021667,0.021668,2250.0,742.0
2025-07-25T08:17:13.311447,bybit,0.021653,0.0,1310.0,0.0
2025-07-25T08:17:13.363020,bitget,0.021667,0.021668,2250.0,742.0
2025-07-25T08:17:13.478331,bitmart,0.021616,0.021688,2861.0,813.0
2025-07-25T08:17:13.557004,blofin,0.02163,0.02165,2409.0,3.0
2025-07-25T08:17:13.640935,bitget,0.021667,0.021668,2250.0,3644.0
2025-07-25T08:17:13.711989,bybit,0.021647,0.0,360.0,0.0
2025-07-25T08:17:13.723218,bingx,0.02164,0.02167,8580.9,11165.3
2025-07-25T08:17:13.778626,gateio,0.02163,0.02166,2728.0,172.0
2025-07-25T08:17:13.792665,bitget,0.021667,0.021668,2250.0,3644.0
2025-07-25T08:17:13.811911,bybit,0.021648,0.021653,1310.0,1310.0
2025-07-25T08:17:13.894157,binance,0.02165,0.02165,0.0,0.0
2025-07-25T08:17:13.912102,bybit,0.0,0.021652,0.0,1310.0
2025-07-25T08:17:13.942270,bitget,0.02166,0.021665,4667.0,2941.0
2025-07-25T08:17:13.982994,gateio,0.02163,0.02166,2938.0,172.0
2025-07-25T08:17:13.993135,gateio,0.02164,0.02166,172.0,172.0
2025-07-25T08:17:14.011814,bybit,0.02165,0.021654,520.0,500.0
2025-07-25T08:17:14.073431,blofin,0.02163,0.02165,186.0,3.0
2025-07-25T08:17:14.092854,bitget,0.021657,0.021665,16952.0,2941.0
2025-07-25T08:17:14.111928,bybit,0.021651,0.0,1310.0,0.0
2025-07-25T08:17:14.154217,okx,0.02164,0.02166,462.1,2441.68
2025-07-25T08:17:14.241128,bitget,0.021662,0.021671,2941.0,2941.0
2025-07-25T08:17:14.311618,bybit,0.021652,0.0,1310.0,0.0
2025-07-25T08:17:14.378976,mexc,0.021647,0.021656,109335134.0,109335134.0
2025-07-25T08:17:14.395635,bitget,0.021662,0.021677,2941.0,2876.0
2025-07-25T08:17:14.511585,bybit,0.0,0.0,0.0,0.0
2025-07-25T08:17:14.540499,bitget,0.021662,0.021677,2941.0,2876.0
2025-07-25T08:17:14.541237,blofin,0.02163,0.02165,2602.0,2272.0
2025-07-25T08:17:14.591880,bitmart,0.021609,0.021702,2949.0,1686.0
2025-07-25T08:17:14.611421,bybit,0.021653,0.0,1310.0,0.0
2025-07-25T08:17:14.625820,bingx,0.02164,0.02167,8580.9,11165.3
2025-07-25T08:17:14.690905,bitget,0.021662,0.021677,2941.0,2876.0
2025-07-25T08:17:14.776545,gateio,0.02164,0.02166,382.0,172.0
2025-07-25T08:17:14.841097,bitget,0.021662,0.021677,2941.0,2876.0
2025-07-25T08:17:14.894044,binance,0.02165,0.02165,0.0,0.0
2025-07-25T08:17:14.924975,gateio,0.02164,0.02166,592.0,172.0
2025-07-25T08:17:14.991882,bitget,0.021662,0.021677,2941.0,2876.0
2025-07-25T08:17:15.053299,blofin,0.02163,0.02165,2602.0,2272.0
2025-07-25T08:17:15.144728,gateio,0.02164,0.02166,382.0,172.0
2025-07-25T08:17:15.144992,bitget,0.021662,0.021677,2941.0,2876.0
2025-07-25T08:17:15.293613,bitget,0.021662,0.021674,2941.0,46834.0
2025-07-25T08:17:15.444959,bitget,0.021663,0.021673,2250.0,16508.0
2025-07-25T08:17:15.500909,bitmart,0.02162,0.021691,6168.0,8245.0
2025-07-25T08:17:15.531634,bingx,0.02164,0.02167,8580.9,11165.3
2025-07-25T08:17:15.549896,blofin,0.02163,0.02165,2602.0,2275.0
2025-07-25T08:17:15.592167,bitget,0.021664,0.021672,5191.0,6450.0
2025-07-25T08:17:15.743065,bitget,0.021665,0.021672,5191.0,6450.0
2025-07-25T08:17:15.892353,bitget,0.021666,0.021672,2250.0,6450.0
2025-07-25T08:17:16.041830,bitget,0.021666,0.021672,2250.0,6450.0
2025-07-25T08:17:16.055577,blofin,0.02163,0.02166,2578.0,1433.0
2025-07-25T08:17:16.351812,okx,0.02164,0.02166,462.1,4041.68
2025-07-25T08:17:16.438582,bingx,0.02164,0.02167,8580.9,11165.3
2025-07-25T08:17:16.501661,bitmart,0.021615,0.021691,23500.0,8245.0
2025-07-25T08:17:16.556906,blofin,0.02163,0.02166,2578.0,1433.0
2025-07-25T08:17:16.620943,gateio,0.02164,0.02166,210.0,172.0
2025-07-25T08:17:16.642225,bitget,0.021664,0.021666,4671.0,2250.0
2025-07-25T08:17:16.648695,gateio,0.02163,0.02166,3581.0,172.0
2025-07-25T08:17:16.711676,bybit,0.021648,0.021653,360.0,1310.0
2025-07-25T08:17:16.724895,gateio,0.02163,0.02166,2728.0,172.0
2025-07-25T08:17:16.733007,mexc,0.02165,0.02166,109335134.0,109335134.0
2025-07-25T08:17:16.791744,bitget,0.021662,0.021666,4671.0,5191.0
2025-07-25T08:17:16.795541,gateio,0.02163,0.02166,3148.0,172.0
2025-07-25T08:17:16.812153,bybit,0.0,0.021652,0.0,1310.0
2025-07-25T08:17:16.894407,binance,0.02165,0.02165,0.0,0.0
2025-07-25T08:17:16.941755,bitget,0.02166,0.021666,7612.0,5191.0
2025-07-25T08:17:17.066214,blofin,0.02163,0.02165,2578.0,2499.0
2025-07-25T08:17:17.093238,bitget,0.02166,0.021665,7612.0,2458.0
2025-07-25T08:17:17.242776,bitget,0.02166,0.021665,7612.0,5399.0
2025-07-25T08:17:17.338737,bingx,0.02164,0.02167,8580.9,11165.3
2025-07-25T08:17:17.394841,bitget,0.02166,0.021665,4671.0,5399.0
2025-07-25T08:17:17.478924,bitmart,0.021615,0.021691,1740.0,7032.0
2025-07-25T08:17:17.511361,bybit,0.0,0.0,0.0,0.0
2025-07-25T08:17:17.554086,blofin,0.02163,0.02165,2578.0,2499.0
2025-07-25T08:17:17.853049,gateio,0.02164,0.02166,172.0,172.0
2025-07-25T08:17:17.993398,bitget,0.021661,0.021665,2941.0,2458.0
2025-07-25T08:17:18.053763,blofin,0.02163,0.02165,1652.0,2501.0
2025-07-25T08:17:18.142905,bitget,0.021662,0.021665,2250.0,5399.0
2025-07-25T08:17:18.239308,bingx,0.02164,0.02167,8580.9,11165.3
2025-07-25T08:17:18.307193,bitget,0.021663,0.021665,2250.0,5399.0
2025-07-25T08:17:18.442656,bitget,0.021663,0.021665,2250.0,5399.0
2025-07-25T08:17:18.574416,blofin,0.02163,0.02165,1652.0,2501.0
2025-07-25T08:17:18.582577,bitmart,0.021618,0.021691,1902.0,7032.0
2025-07-25T08:17:18.594278,bitget,0.021663,0.021665,2250.0,2458.0
2025-07-25T08:17:18.744676,bitget,0.021663,0.021665,2250.0,2941.0
2025-07-25T08:17:18.898923,bitget,0.021663,0.021665,2250.0,2941.0
2025-07-25T08:17:19.057499,blofin,0.02163,0.02165,948.0,5365.0
2025-07-25T08:17:19.131563,mexc,0.02165,0.02166,109335134.0,109335134.0
2025-07-25T08:17:19.152990,bingx,0.02164,0.02167,8580.9,11165.3
2025-07-25T08:17:19.197857,bitget,0.021663,0.021665,2250.0,2941.0
2025-07-25T08:17:19.312380,bybit,0.021649,0.021654,1310.0,500.0
2025-07-25T08:17:19.348345,bitget,0.021663,0.021667,2250.0,4677.0
2025-07-25T08:17:19.411511,bybit,0.02165,0.0,1310.0,0.0
2025-07-25T08:17:19.497350,bitget,0.021666,0.021672,2250.0,2941.0
2025-07-25T08:17:19.560169,blofin,0.02163,0.02165,949.0,5363.0
2025-07-25T08:17:19.571256,bitmart,0.021618,0.021691,1879.0,1262.0
2025-07-25T08:17:19.644092,bitget,0.021667,0.021669,2250.0,4678.0
2025-07-25T08:17:19.797512,bitget,0.021667,0.021668,2250.0,2458.0
2025-07-25T08:17:19.894229,binance,0.02165,0.02165,0.0,0.0
2025-07-25T08:17:19.943428,bitget,0.021667,0.021668,2250.0,5399.0
2025-07-25T08:17:20.047942,bingx,0.02164,0.02167,8580.9,11165.3
2025-07-25T08:17:20.067512,blofin,0.02163,0.02165,949.0,5363.0
2025-07-25T08:17:20.096825,bitget,0.021667,0.021668,2250.0,2458.0
2025-07-25T08:17:20.411632,bybit,0.021651,0.0,1310.0,0.0
2025-07-25T08:17:20.467834,bitmart,0.021618,0.021691,1922.0,111.0
2025-07-25T08:17:20.511633,bybit,0.021652,0.0,1310.0,0.0
2025-07-25T08:17:20.544076,bitget,0.021667,0.02167,2250.0,4679.0
2025-07-25T08:17:20.565901,blofin,0.02163,0.02165,949.0,5363.0
2025-07-25T08:17:20.694980,bitget,0.021665,0.021667,4672.0,2250.0
2025-07-25T08:17:20.849818,bitget,0.021665,0.021667,4672.0,5191.0
2025-07-25T08:17:20.953093,bingx,0.02164,0.02167,8580.9,11165.3
2025-07-25T08:17:20.997212,bitget,0.021665,0.021667,4672.0,5191.0
2025-07-25T08:17:21.050837,okx,0.02164,0.02166,462.1,5341.68
2025-07-25T08:17:21.064905,blofin,0.02163,0.02165,2633.0,3.0
2025-07-25T08:17:21.147125,bitget,0.021665,0.021667,4672.0,5191.0
2025-07-25T08:17:21.211599,bybit,0.021648,0.021653,360.0,1310.0
2025-07-25T08:17:21.215476,gateio,0.02163,0.02166,2790.0,172.0
2025-07-25T08:17:21.306471,bitget,0.021663,0.021665,4673.0,4672.0
2025-07-25T08:17:21.311578,bybit,0.021639,0.021647,1310.0,1310.0
2025-07-25T08:17:21.396629,okx,0.02163,0.02165,25892.21,1980.0
2025-07-25T08:17:21.411766,bybit,0.021642,0.021646,370.0,1310.0
2025-07-25T08:17:21.446330,bitget,0.021654,0.021661,63123.0,2941.0
2025-07-25T08:17:21.499364,okx,0.02163,0.02165,10148.24,2441.88
2025-07-25T08:17:21.535189,mexc,0.021651,0.021656,109335134.0,109335134.0
2025-07-25T08:17:21.557717,blofin,0.02163,0.02165,2633.0,3.0
2025-07-25T08:17:21.579226,bitmart,0.021612,0.021681,567.0,2208.0
2025-07-25T08:17:21.595934,bitget,0.021655,0.021663,5191.0,4673.0
2025-07-25T08:17:21.617070,gateio,0.02164,0.02166,173.0,172.0
2025-07-25T08:17:21.711604,bybit,0.021644,0.021653,1250.0,1310.0
2025-07-25T08:17:21.744546,bitget,0.021656,0.021665,5191.0,2941.0
2025-07-25T08:17:21.811959,bybit,0.021645,0.0,1310.0,0.0
2025-07-25T08:17:21.855682,bingx,0.02163,0.02165,21311.9,4519.6
2025-07-25T08:17:21.894261,binance,0.02165,0.02165,0.0,0.0
2025-07-25T08:17:21.899409,bitget,0.021657,0.021665,5191.0,2941.0
2025-07-25T08:17:22.045154,bitget,0.021658,0.021665,5191.0,2941.0
2025-07-25T08:17:22.076864,blofin,0.02163,0.02166,2851.0,2244.0
2025-07-25T08:17:22.156157,bingx,0.02164,0.02166,16691.9,9041.4
2025-07-25T08:17:22.195552,bitget,0.021659,0.021665,2941.0,2941.0
2025-07-25T08:17:22.212102,bybit,0.021649,0.0,790.0,0.0
2025-07-25T08:17:22.345834,bitget,0.021659,0.021665,2941.0,2941.0
2025-07-25T08:17:22.479705,bitmart,0.021615,0.021685,2916.0,13944.0
2025-07-25T08:17:22.500088,bitget,0.021656,0.021665,2941.0,2941.0
2025-07-25T08:17:22.508832,gateio,0.02163,0.02166,2790.0,172.0
2025-07-25T08:17:22.552290,blofin,0.02163,0.02164,192.0,6.0
2025-07-25T08:17:22.595931,gateio,0.02163,0.02166,3000.0,172.0
2025-07-25T08:17:22.611944,bybit,0.0,0.021652,0.0,1310.0
2025-07-25T08:17:22.628642,gateio,0.02164,0.02166,173.0,172.0
2025-07-25T08:17:22.645114,bitget,0.021656,0.021664,2941.0,2458.0
2025-07-25T08:17:22.801334,bitget,0.021657,0.021664,46834.0,5399.0
2025-07-25T08:17:22.895987,binance,0.02165,0.02165,0.0,0.0
2025-07-25T08:17:22.911956,bybit,0.0,0.021651,0.0,1310.0
2025-07-25T08:17:22.945734,bitget,0.021658,0.021664,14050.0,5399.0
2025-07-25T08:17:22.977672,gateio,0.02163,0.02166,2790.0,172.0
2025-07-25T08:17:23.057640,bingx,0.02164,0.02166,16691.9,9041.4
2025-07-25T08:17:23.062244,blofin,0.02163,0.02164,192.0,6.0
2025-07-25T08:17:23.100636,bitget,0.021656,0.021664,4672.0,5399.0
2025-07-25T08:17:23.213680,bybit,0.0,0.0,0.0,0.0
2025-07-25T08:17:23.246217,bitget,0.021657,0.021663,46834.0,2458.0
2025-07-25T08:17:23.368863,bingx,0.02163,0.02165,21311.9,4519.6
2025-07-25T08:17:23.395961,bitget,0.021658,0.021662,2250.0,2458.0
2025-07-25T08:17:23.514610,gateio,0.02163,0.02166,3000.0,172.0
2025-07-25T08:17:23.546394,bitget,0.021659,0.021661,2250.0,2458.0
2025-07-25T08:17:23.571575,blofin,0.02163,0.02164,192.0,6.0
2025-07-25T08:17:23.576269,bitmart,0.021615,0.021685,135.0,7018.0
2025-07-25T08:17:23.611596,bybit,0.021643,0.02165,520.0,1310.0
2025-07-25T08:17:23.701071,bitget,0.021659,0.02166,2250.0,2458.0
2025-07-25T08:17:23.711748,bybit,0.0,0.0,0.0,0.0
2025-07-25T08:17:23.852389,bitget,0.021659,0.02166,2250.0,5293.0
2025-07-25T08:17:23.911666,mexc,0.021645,0.021648,109335134.0,109335134.0
2025-07-25T08:17:24.000089,bitget,0.021659,0.02166,2250.0,2458.0
2025-07-25T08:17:24.044328,blofin,0.02163,0.02164,19.0,6.0
2025-07-25T08:17:24.259656,bingx,0.02163,0.02165,21311.9,4519.6
2025-07-25T08:17:24.297306,bitget,0.021659,0.02166,2250.0,5293.0
2025-07-25T08:17:24.467841,bitmart,0.021614,0.021683,171.0,6665.0
2025-07-25T08:17:24.556997,blofin,0.02163,0.02164,20.0,1.0
2025-07-25T08:17:24.598840,bitget,0.021659,0.02166,2250.0,2458.0
2025-07-25T08:17:24.711362,bybit,0.0,0.0,0.0,0.0
2025-07-25T08:17:24.897004,bitget,0.021659,0.02166,2250.0,5293.0
2025-07-25T08:17:25.012278,bybit,0.0,0.0,0.0,0.0
2025-07-25T08:17:25.055088,blofin,0.02163,0.02164,20.0,1.0
2025-07-25T08:17:25.178604,bingx,0.02163,0.02165,21311.9,4519.6
2025-07-25T08:17:25.196829,bitget,0.021659,0.02166,2250.0,5293.0
2025-07-25T08:17:25.544952,bitmart,0.021614,0.021683,161.0,5496.0
2025-07-25T08:17:25.558079,blofin,0.02163,0.02164,20.0,1.0
2025-07-25T08:17:26.058065,blofin,0.02163,0.02164,21.0,1.0
2025-07-25T08:17:26.067918,bingx,0.02163,0.02165,21311.9,4519.6
2025-07-25T08:17:26.275627,mexc,0.021645,0.021648,109335134.0,109335134.0
2025-07-25T08:17:26.381071,gateio,0.02163,0.02166,2790.0,172.0
2025-07-25T08:17:26.542690,blofin,0.02163,0.02164,20.0,1.0
2025-07-25T08:17:26.576151,bitmart,0.021614,0.021683,437.0,8012.0
2025-07-25T08:17:26.578730,gateio,0.02163,0.02166,2790.0,902.0
2025-07-25T08:17:26.707723,gateio,0.02163,0.02165,3000.0,173.0
2025-07-25T08:17:26.970577,bingx,0.02163,0.02165,21311.9,4519.6
2025-07-25T08:17:27.046754,gateio,0.02163,0.02166,3000.0,902.0
2025-07-25T08:17:27.051687,blofin,0.02163,0.02164,20.0,1.0
2025-07-25T08:17:27.058331,gateio,0.02164,0.02166,173.0,902.0
2025-07-25T08:17:27.109848,okx,0.02163,0.02165,10148.24,461.88
2025-07-25T08:17:27.111961,bybit,0.021644,0.0,1310.0,0.0
2025-07-25T08:17:27.149016,bitget,0.021659,0.021667,6359.0,7615.0
2025-07-25T08:17:27.212230,bybit,0.021646,0.021654,1250.0,500.0
2025-07-25T08:17:27.298929,bitget,0.02166,0.021667,5085.0,7615.0
2025-07-25T08:17:27.311645,bybit,0.021646,0.0,1540.0,0.0
2025-07-25T08:17:27.454821,bitget,0.021661,0.021663,2250.0,2458.0
2025-07-25T08:17:27.477951,bitmart,0.021614,0.021683,814.0,1848.0
2025-07-25T08:17:27.550145,blofin,0.02163,0.02164,19.0,1.0
2025-07-25T08:17:27.572742,bingx,0.02165,0.02166,16693.0,9042.4
2025-07-25T08:17:27.597939,bitget,0.021662,0.021663,2250.0,2458.0
2025-07-25T08:17:27.611841,bybit,0.0,0.021653,0.0,1310.0
2025-07-25T08:17:27.711999,bybit,0.021647,0.0,1310.0,0.0
2025-07-25T08:17:27.752599,bitget,0.021662,0.021665,2250.0,4674.0
2025-07-25T08:17:27.812178,bybit,0.021648,0.021654,1310.0,500.0
2025-07-25T08:17:27.832804,okx,0.02163,0.02165,26752.07,461.88
2025-07-25T08:17:27.894396,binance,0.02165,0.02165,0.0,0.0
2025-07-25T08:17:27.901271,bitget,0.021666,0.021667,3375.0,4674.0
2025-07-25T08:17:28.050665,bitget,0.021666,0.021669,3375.0,7509.0
2025-07-25T08:17:28.059453,blofin,0.02163,0.02164,19.0,1.0
2025-07-25T08:17:28.199459,bitget,0.021666,0.021669,3375.0,7509.0
2025-07-25T08:17:28.349074,bitget,0.021658,0.021666,2835.0,6194.0
2025-07-25T08:17:28.401338,okx,0.02163,0.02165,10148.24,461.88
2025-07-25T08:17:28.414626,bybit,0.021649,0.0,1310.0,0.0
2025-07-25T08:17:28.466407,gateio,0.02164,0.02166,173.0,730.0
2025-07-25T08:17:28.479367,bingx,0.02165,0.02166,16693.0,9042.4
2025-07-25T08:17:28.504752,bitget,0.021663,0.021673,2835.0,12999.0
2025-07-25T08:17:28.511864,bybit,0.021651,0.0,1250.0,0.0
2025-07-25T08:17:28.559803,gateio,0.02164,0.02167,173.0,173.0
2025-07-25T08:17:28.565750,bitmart,0.021614,0.021688,1774.0,1947.0
2025-07-25T08:17:28.566062,blofin,0.02163,0.02164,493.0,1.0
2025-07-25T08:17:28.586758,gateio,0.02164,0.02167,173.0,903.0
2025-07-25T08:17:28.612689,bybit,0.021652,0.0,1310.0,0.0
2025-07-25T08:17:28.649359,bitget,0.021664,0.021673,2250.0,12999.0
2025-07-25T08:17:28.661276,mexc,0.021645,0.021648,109335134.0,109335134.0
2025-07-25T08:17:28.666155,okx,0.02163,0.02165,40005.41,461.88
2025-07-25T08:17:28.711863,bybit,0.021653,0.0,1310.0,0.0
2025-07-25T08:17:28.798234,okx,0.02163,0.02165,41605.41,461.88
2025-07-25T08:17:28.800249,bitget,0.021666,0.021673,2835.0,10058.0
2025-07-25T08:17:28.894105,binance,0.02165,0.02165,0.0,0.0
2025-07-25T08:17:28.914210,okx,0.02164,0.02166,9189.18,6861.68
2025-07-25T08:17:28.954824,bitget,0.021672,0.021677,2250.0,2876.0
2025-07-25T08:17:29.075189,blofin,0.02163,0.02164,493.0,1.0
2025-07-25T08:17:29.099297,bitget,0.021672,0.021677,2250.0,2876.0
2025-07-25T08:17:29.377846,bingx,0.02165,0.02166,16693.0,9042.4
2025-07-25T08:17:29.401921,bitget,0.021672,0.021679,2250.0,14913.0
2025-07-25T08:17:29.476913,bitmart,0.021621,0.021692,2489.0,1091.0
2025-07-25T08:17:29.552438,bitget,0.02167,0.021677,4670.0,2835.0
2025-07-25T08:17:29.566664,blofin,0.02163,0.02164,493.0,1.0
2025-07-25T08:17:29.702011,bitget,0.02167,0.021677,4670.0,2835.0
2025-07-25T08:17:29.894278,binance,0.02165,0.02165,0.0,0.0
2025-07-25T08:17:29.999731,bitget,0.02167,0.021677,4670.0,2835.0
2025-07-25T08:17:30.055485,blofin,0.02163,0.02164,2937.0,1.0
2025-07-25T08:17:30.284317,bingx,0.02165,0.02166,16693.0,9042.4
2025-07-25T08:17:30.303885,bitget,0.021668,0.021677,4670.0,2835.0
2025-07-25T08:17:30.451945,bitget,0.021668,0.021676,7505.0,2458.0
2025-07-25T08:17:30.549707,blofin,0.02163,0.02164,5259.0,1.0
2025-07-25T08:17:30.572512,bitmart,0.021621,0.021692,498.0,1039.0
2025-07-25T08:17:30.602411,bitget,0.021669,0.021675,2250.0,2458.0
2025-07-25T08:17:30.751358,bitget,0.02167,0.021674,2250.0,2458.0
2025-07-25T08:17:30.900579,bitget,0.021671,0.021673,2250.0,2458.0
2025-07-25T08:17:31.032339,mexc,0.021654,0.021655,109335134.0,109335134.0
2025-07-25T08:17:31.051632,bitget,0.021671,0.021672,2250.0,2458.0
2025-07-25T08:17:31.067819,blofin,0.02163,0.02164,5259.0,1.0
2025-07-25T08:17:31.187163,bingx,0.02165,0.02166,16693.0,9042.4
2025-07-25T08:17:31.200971,bitget,0.021671,0.021672,2250.0,2458.0
2025-07-25T08:17:31.351748,bitget,0.021671,0.021672,2250.0,2458.0
2025-07-25T08:17:31.479846,bitmart,0.021621,0.021692,498.0,1219.0
2025-07-25T08:17:31.501468,bitget,0.021671,0.021677,2250.0,2835.0
2025-07-25T08:17:31.560512,blofin,0.02163,0.02164,5259.0,1.0
2025-07-25T08:17:31.651040,bitget,0.021671,0.021674,2250.0,4676.0
2025-07-25T08:17:31.662983,gateio,0.02164,0.02166,173.0,178.0
2025-07-25T08:17:31.711481,bybit,0.021648,0.0,360.0,0.0
2025-07-25T08:17:31.801332,bitget,0.021667,0.02167,4671.0,3687.0
2025-07-25T08:17:31.894343,binance,0.02165,0.02165,0.0,0.0
2025-07-25T08:17:31.951725,bitget,0.021667,0.02167,4671.0,3687.0
2025-07-25T08:17:32.058094,blofin,0.02163,0.02164,5259.0,1.0
2025-07-25T08:17:32.083362,gateio,0.02164,0.02167,173.0,903.0
2025-07-25T08:17:32.090044,bingx,0.02165,0.02166,16693.0,9042.4
2025-07-25T08:17:32.101993,bitget,0.021667,0.021672,4671.0,2458.0
2025-07-25T08:17:32.114582,bybit,0.021649,0.0,1310.0,0.0
2025-07-25T08:17:32.213108,bybit,0.021651,0.0,380.0,0.0
2025-07-25T08:17:32.254994,bitget,0.021668,0.021675,2835.0,4676.0
2025-07-25T08:17:32.313217,bybit,0.021652,0.0,1310.0,0.0
2025-07-25T08:17:32.401802,bitget,0.021668,0.021675,2835.0,7511.0
2025-07-25T08:17:32.552500,bitget,0.021668,0.021677,2835.0,4676.0
2025-07-25T08:17:32.561444,blofin,0.02163,0.02164,6347.0,1.0
2025-07-25T08:17:32.575644,bitmart,0.021621,0.021692,2882.0,208.0
2025-07-25T08:17:32.701191,bitget,0.021668,0.021677,2835.0,7511.0
2025-07-25T08:17:32.852081,bitget,0.021668,0.021677,2835.0,7511.0
2025-07-25T08:17:32.894189,binance,0.02165,0.02165,0.0,0.0
2025-07-25T08:17:32.990894,bingx,0.02165,0.02166,16693.0,9042.4
2025-07-25T08:17:33.001994,bitget,0.021668,0.021677,2835.0,7511.0
2025-07-25T08:17:33.052424,blofin,0.02163,0.02164,6346.0,1.0
2025-07-25T08:17:33.075635,okx,0.02164,0.02166,9189.18,1761.68
2025-07-25T08:17:33.188576,okx,0.02164,0.02166,9189.18,461.68
2025-07-25T08:17:33.272485,gateio,0.02164,0.02166,173.0,178.0
2025-07-25T08:17:33.309511,bitget,0.021668,0.021677,2835.0,7511.0
2025-07-25T08:17:33.311814,bybit,0.021651,0.0,380.0,0.0
2025-07-25T08:17:33.414831,mexc,0.021654,0.021655,109335134.0,109335134.0
2025-07-25T08:17:33.460243,bitget,0.021666,0.021677,4672.0,7511.0
2025-07-25T08:17:33.483866,bitmart,0.021618,0.021692,424.0,5462.0
2025-07-25T08:17:33.511564,bybit,0.0,0.021653,0.0,1310.0
2025-07-25T08:17:33.581268,blofin,0.02163,0.02164,6346.0,1.0
2025-07-25T08:17:33.609901,bitget,0.021666,0.021677,4672.0,7511.0
2025-07-25T08:17:33.754335,bitget,0.021666,0.021677,4672.0,7511.0
2025-07-25T08:17:33.893996,bingx,0.02165,0.02166,16693.0,9042.4
2025-07-25T08:17:33.894608,binance,0.02165,0.02165,0.0,0.0
2025-07-25T08:17:33.903511,bitget,0.021666,0.021673,4672.0,14050.0
2025-07-25T08:17:34.053078,bitget,0.021667,0.021672,2250.0,3992.0
2025-07-25T08:17:34.075549,blofin,0.02163,0.02164,5997.0,1.0
2025-07-25T08:17:34.202980,bitget,0.021667,0.021671,2250.0,2458.0
2025-07-25T08:17:34.354975,bitget,0.021667,0.021671,2250.0,5262.0
2025-07-25T08:17:34.463927,gateio,0.02164,0.02167,173.0,903.0
2025-07-25T08:17:34.511283,bybit,0.0,0.021654,0.0,500.0
2025-07-25T08:17:34.546149,blofin,0.02163,0.02164,5997.0,1.0
2025-07-25T08:17:34.569152,bitmart,0.021619,0.021692,4524.0,5462.0
2025-07-25T08:17:34.611927,bybit,0.0,0.0,0.0,0.0
2025-07-25T08:17:34.662982,bitget,0.021667,0.021672,5054.0,3992.0
2025-07-25T08:17:34.802388,bingx,0.02165,0.02166,16693.0,9042.4
2025-07-25T08:17:34.803167,bitget,0.021668,0.021672,2804.0,3992.0
2025-07-25T08:17:34.924658,gateio,0.02164,0.02166,173.0,178.0
2025-07-25T08:17:34.960068,bitget,0.021668,0.021672,2804.0,3992.0
2025-07-25T08:17:35.058243,blofin,0.02163,0.02164,5881.0,1.0
2025-07-25T08:17:35.102923,gateio,0.02164,0.02167,173.0,903.0
2025-07-25T08:17:35.103915,bitget,0.021664,0.021672,4672.0,2804.0
2025-07-25T08:17:35.256756,bitget,0.021668,0.021673,2804.0,14334.0
2025-07-25T08:17:35.407913,bitget,0.021669,0.021677,2250.0,2835.0
2025-07-25T08:17:35.511773,bybit,0.021652,0.0,1310.0,0.0
2025-07-25T08:17:35.551366,blofin,0.02163,0.02164,5881.0,1.0
2025-07-25T08:17:35.553425,bitget,0.02167,0.021677,2250.0,2835.0
2025-07-25T08:17:35.577303,bitmart,0.02162,0.021692,9737.0,5462.0
2025-07-25T08:17:35.700533,bingx,0.02165,0.02166,16693.0,9042.4
2025-07-25T08:17:35.703526,bitget,0.021671,0.021676,5054.0,5262.0
2025-07-25T08:17:35.802631,mexc,0.02165,0.021658,109335134.0,109335134.0
2025-07-25T08:17:35.854216,bitget,0.021671,0.021675,5054.0,2458.0
2025-07-25T08:17:35.893979,binance,0.02165,0.02165,0.0,0.0
2025-07-25T08:17:36.003592,bitget,0.021671,0.021672,2250.0,2458.0
2025-07-25T08:17:36.062748,blofin,0.02163,0.02164,5579.0,1.0
2025-07-25T08:17:36.155091,bitget,0.021669,0.021672,7477.0,2458.0
2025-07-25T08:17:36.303426,bitget,0.021669,0.021672,7477.0,2458.0
2025-07-25T08:17:36.411894,bybit,0.0,0.0,0.0,0.0
2025-07-25T08:17:36.545931,blofin,0.02163,0.02164,5578.0,1.0
2025-07-25T08:17:36.568314,bitmart,0.02162,0.021691,596.0,2007.0
2025-07-25T08:17:36.603344,bingx,0.02165,0.02166,16693.0,9042.4
2025-07-25T08:17:36.756460,bitget,0.02167,0.021672,2804.0,2458.0
2025-07-25T08:17:36.904943,bitget,0.02167,0.021672,2804.0,2458.0
2025-07-25T08:17:37.013984,bybit,0.021651,0.0,380.0,0.0
2025-07-25T08:17:37.055126,bitget,0.021668,0.021672,4673.0,2458.0
2025-07-25T08:17:37.059919,blofin,0.02163,0.02164,7053.0,1.0
2025-07-25T08:17:37.204398,bitget,0.021668,0.021671,4673.0,2458.0
2025-07-25T08:17:37.356025,bitget,0.021669,0.021671,2250.0,2458.0
2025-07-25T08:17:37.494286,bitmart,0.02162,0.021692,596.0,2972.0
2025-07-25T08:17:37.504407,bitget,0.021669,0.021671,2250.0,2458.0
2025-07-25T08:17:37.511440,bingx,0.02165,0.02166,16693.0,9042.4
2025-07-25T08:17:37.555412,blofin,0.02163,0.02164,7034.0,1.0
2025-07-25T08:17:37.656934,bitget,0.021669,0.021673,2250.0,4678.0
2025-07-25T08:17:37.805040,bitget,0.02167,0.021673,2250.0,4678.0
2025-07-25T08:17:37.960310,bitget,0.02167,0.021672,5054.0,2458.0
2025-07-25T08:17:38.061065,blofin,0.02163,0.02164,7034.0,1.0
2025-07-25T08:17:38.105441,bitget,0.021671,0.021672,2250.0,2458.0
2025-07-25T08:17:38.186273,mexc,0.02165,0.021658,109335134.0,109335134.0
2025-07-25T08:17:38.256811,bitget,0.021671,0.021672,2250.0,2458.0
2025-07-25T08:17:38.405000,bitget,0.021671,0.021672,2250.0,2458.0
2025-07-25T08:17:38.440882,bingx,0.02165,0.02166,16693.0,9042.4
2025-07-25T08:17:38.469026,bitmart,0.02162,0.021692,6016.0,2972.0
2025-07-25T08:17:38.556184,bitget,0.021671,0.021672,5054.0,2458.0
2025-07-25T08:17:38.558276,blofin,0.02163,0.02164,7034.0,1.0
2025-07-25T08:17:38.811440,bybit,0.0,0.0,0.0,0.0
2025-07-25T08:17:38.894422,binance,0.02165,0.02165,0.0,0.0
2025-07-25T08:17:38.898975,okx,0.02164,0.02166,21852.65,461.68
2025-07-25T08:17:38.911867,bybit,0.021653,0.0,1770.0,0.0
2025-07-25T08:17:38.931364,gateio,0.02165,0.02167,178.0,903.0
2025-07-25T08:17:39.005423,bitget,0.021673,0.021679,3375.0,10921.0
2025-07-25T08:17:39.009569,bingx,0.02165,0.02167,20010.7,644.4
2025-07-25T08:17:39.045718,gateio,0.02165,0.02167,178.0,173.0
2025-07-25T08:17:39.061285,blofin,0.02163,0.02164,7034.0,1.0
2025-07-25T08:17:39.112674,bybit,0.021655,0.021656,3080.0,240.0
2025-07-25T08:17:39.159360,bitget,0.021675,0.021682,2804.0,4677.0
2025-07-25T08:17:39.212101,bybit,0.0,0.0,0.0,0.0
2025-07-25T08:17:39.306412,bitget,0.021676,0.021682,2250.0,7481.0
2025-07-25T08:17:39.348999,okx,0.02164,0.02166,28552.65,461.68
2025-07-25T08:17:39.412856,bybit,0.0,0.0,0.0,0.0
2025-07-25T08:17:39.458932,bitget,0.021677,0.021682,2250.0,7481.0
2025-07-25T08:17:39.562574,blofin,0.02164,0.02166,5200.0,3113.0
2025-07-25T08:17:39.576494,bitmart,0.021627,0.021702,7753.0,528.0
2025-07-25T08:17:39.605655,bitget,0.021678,0.021681,2250.0,2458.0
2025-07-25T08:17:39.712101,bybit,0.0,0.0,0.0,0.0
2025-07-25T08:17:39.756241,bitget,0.021679,0.021681,2250.0,5262.0
2025-07-25T08:17:39.894204,binance,0.02166,0.02166,0.0,0.0
2025-07-25T08:17:39.907977,bitget,0.021679,0.021681,2250.0,5262.0
2025-07-25T08:17:39.914279,bingx,0.02165,0.02167,20010.7,644.4
2025-07-25T08:17:40.063124,blofin,0.02164,0.02166,5200.0,3113.0
2025-07-25T08:17:40.211815,bybit,0.021659,0.021666,1310.0,260.0
2025-07-25T08:17:40.216033,gateio,0.02165,0.02168,178.0,3622.0
2025-07-25T08:17:40.266885,gateio,0.02165,0.02168,178.0,3449.0
2025-07-25T08:17:40.293160,gateio,0.02165,0.02168,1296.0,3449.0
2025-07-25T08:17:40.313476,bybit,0.021664,0.0,2560.0,0.0
2025-07-25T08:17:40.321159,gateio,0.02166,0.02168,178.0,3449.0
2025-07-25T08:17:40.368048,bitget,0.021683,0.021688,3375.0,58199.0
2025-07-25T08:17:40.389012,gateio,0.02166,0.02168,178.0,895.0
2025-07-25T08:17:40.398076,okx,0.02165,0.02166,1980.0,461.68
2025-07-25T08:17:40.401041,gateio,0.02166,0.02168,178.0,1786.0
2025-07-25T08:17:40.411332,bybit,0.021665,0.0,520.0,0.0
2025-07-25T08:17:40.500588,okx,0.02165,0.02167,32213.5,9563.38
2025-07-25T08:17:40.506699,bitget,0.021687,0.021689,3375.0,14050.0
2025-07-25T08:17:40.523556,bingx,0.02165,0.02167,8909.9,4691.3
2025-07-25T08:17:40.548621,blofin,0.02164,0.02166,5202.0,3113.0
2025-07-25T08:17:40.569323,mexc,0.02165,0.021658,109335134.0,109335134.0
2025-07-25T08:17:40.583416,bitmart,0.021636,0.021709,706.0,47.0
2025-07-25T08:17:40.604428,gateio,0.02166,0.02168,178.0,895.0
2025-07-25T08:17:40.611633,bybit,0.0,0.0,0.0,0.0
2025-07-25T08:17:40.624623,gateio,0.02166,0.02168,178.0,343.0
2025-07-25T08:17:40.641520,gateio,0.02166,0.02168,178.0,165.0
2025-07-25T08:17:40.658996,bitget,0.021687,0.021691,3375.0,3147.0
2025-07-25T08:17:40.776662,gateio,0.02166,0.02168,178.0,343.0
2025-07-25T08:17:40.806558,bitget,0.021687,0.021691,3375.0,3147.0
2025-07-25T08:17:40.818317,bingx,0.02166,0.02169,8589.5,9386.8
2025-07-25T08:17:40.894273,binance,0.02167,0.02167,0.0,0.0
2025-07-25T08:17:40.911474,bybit,0.0,0.0,0.0,0.0
2025-07-25T08:17:40.958169,bitget,0.021687,0.021691,3375.0,3147.0
2025-07-25T08:17:41.068000,blofin,0.02165,0.02166,3256.0,1.0
2025-07-25T08:17:41.211308,bybit,0.0,0.0,0.0,0.0
2025-07-25T08:17:41.262373,bitget,0.021687,0.021691,3375.0,3147.0
2025-07-25T08:17:41.270510,okx,0.02165,0.02167,32213.5,463.38
2025-07-25T08:17:41.407197,bitget,0.021687,0.021691,3375.0,3147.0
2025-07-25T08:17:41.463096,bitmart,0.021639,0.021709,629.0,497.0
2025-07-25T08:17:41.562519,blofin,0.02165,0.02167,3657.0,1586.0
2025-07-25T08:17:41.707460,bitget,0.021687,0.021691,3375.0,3147.0
2025-07-25T08:17:41.718176,bingx,0.02166,0.02169,8589.5,9386.8
2025-07-25T08:17:41.811893,bybit,0.0,0.0,0.0,0.0
2025-07-25T08:17:41.860532,bitget,0.021684,0.021691,11040.0,3147.0
2025-07-25T08:17:41.894372,binance,0.02167,0.02167,0.0,0.0
2025-07-25T08:17:42.011715,bitget,0.021684,0.02169,11040.0,2458.0
2025-07-25T08:17:42.061884,blofin,0.02165,0.02167,3657.0,1586.0
2025-07-25T08:17:42.158981,bitget,0.021684,0.021689,11040.0,2458.0
2025-07-25T08:17:42.307407,bitget,0.021685,0.021689,2250.0,2458.0
2025-07-25T08:17:42.458369,bitget,0.021686,0.021689,2250.0,2458.0
2025-07-25T08:17:42.465432,bitmart,0.021637,0.021709,3468.0,418.0
2025-07-25T08:17:42.538561,blofin,0.02165,0.02167,3657.0,1587.0
2025-07-25T08:17:42.607986,bitget,0.021686,0.021689,2250.0,2458.0
2025-07-25T08:17:42.620929,bingx,0.02166,0.02169,8589.5,9386.8
2025-07-25T08:17:42.757397,bitget,0.021686,0.021689,5054.0,2458.0
2025-07-25T08:17:42.894406,binance,0.02167,0.02167,0.0,0.0
2025-07-25T08:17:42.908177,bitget,0.021686,0.021689,2250.0,5262.0
2025-07-25T08:17:42.952155,mexc,0.021673,0.021674,109335134.0,109335134.0
2025-07-25T08:17:43.011466,bybit,0.0,0.0,0.0,0.0
2025-07-25T08:17:43.067547,blofin,0.02165,0.02168,3130.0,3028.0
2025-07-25T08:17:43.208509,bitget,0.021686,0.021689,2250.0,5262.0
2025-07-25T08:17:43.485745,bitmart,0.021638,0.021709,3394.0,418.0
2025-07-25T08:17:43.527606,bingx,0.02166,0.02169,8589.5,9386.8
2025-07-25T08:17:43.557068,blofin,0.02165,0.02168,2921.0,3028.0
2025-07-25T08:17:43.611494,bybit,0.0,0.0,0.0,0.0
2025-07-25T08:17:43.811558,bitget,0.021686,0.021689,2250.0,2458.0
2025-07-25T08:17:43.911726,bybit,0.0,0.0,0.0,0.0
2025-07-25T08:17:44.060722,blofin,0.02165,0.02168,2921.0,3028.0
2025-07-25T08:17:44.107982,bitget,0.021686,0.021689,2250.0,5269.0
2025-07-25T08:17:44.313152,bybit,0.021665,0.0,860.0,0.0
2025-07-25T08:17:44.426846,bingx,0.02166,0.02169,8589.5,9386.8
2025-07-25T08:17:44.492729,bitmart,0.021638,0.021709,2655.0,418.0
2025-07-25T08:17:44.558930,bitget,0.021684,0.021689,11039.0,5269.0
2025-07-25T08:17:44.568723,blofin,0.02165,0.02168,2921.0,3029.0
2025-07-25T08:17:44.811260,bybit,0.0,0.0,0.0,0.0
2025-07-25T08:17:44.859161,bitget,0.021684,0.021688,11039.0,5269.0
2025-07-25T08:17:44.896444,binance,0.02167,0.02167,0.0,0.0
2025-07-25T08:17:44.902546,gateio,0.02165,0.02168,2280.0,343.0
2025-07-25T08:17:44.911959,bybit,0.021665,0.0,340.0,0.0
2025-07-25T08:17:44.913946,gateio,0.02165,0.02167,2280.0,173.0
2025-07-25T08:17:45.010044,bitget,0.021682,0.021684,2420.0,6187.0
2025-07-25T08:17:45.035081,bingx,0.02166,0.02168,8588.4,4692.3
2025-07-25T08:17:45.047960,blofin,0.02165,0.02168,2924.0,3029.0
2025-07-25T08:17:45.111480,bybit,0.0,0.021666,0.0,2310.0
2025-07-25T08:17:45.155900,okx,0.02165,0.02167,8629.67,463.38
2025-07-25T08:17:45.159167,bitget,0.021678,0.021683,4671.0,2458.0
2025-07-25T08:17:45.314991,bitget,0.021678,0.021683,4671.0,5269.0
2025-07-25T08:17:45.333645,bingx,0.02165,0.02167,8909.9,4691.3
2025-07-25T08:17:45.369484,mexc,0.021673,0.021674,109335134.0,109335134.0
2025-07-25T08:17:45.460593,bitget,0.021678,0.021683,4671.0,5269.0
2025-07-25T08:17:45.528585,gateio,0.02165,0.02167,2490.0,173.0
2025-07-25T08:17:45.533678,blofin,0.02165,0.02168,2924.0,3029.0
2025-07-25T08:17:45.545918,gateio,0.02166,0.02168,173.0,343.0
2025-07-25T08:17:45.568873,bitmart,0.021627,0.0217,6789.0,5769.0
2025-07-25T08:17:45.611383,bitget,0.021678,0.021684,4671.0,2385.0
2025-07-25T08:17:45.611550,bybit,0.0,0.021666,0.0,260.0
2025-07-25T08:17:45.711555,bybit,0.0,0.0,0.0,0.0
2025-07-25T08:17:45.759238,bitget,0.021683,0.021685,2250.0,4899.0
2025-07-25T08:17:45.894190,binance,0.02167,0.02167,0.0,0.0
2025-07-25T08:17:45.910747,bitget,0.021683,0.021687,2250.0,4678.0
2025-07-25T08:17:45.947597,bingx,0.02166,0.02169,8589.5,9305.9
2025-07-25T08:17:46.055481,okx,0.02165,0.02167,25233.5,463.38
2025-07-25T08:17:46.060086,bitget,0.021683,0.021687,2250.0,4678.0
2025-07-25T08:17:46.060193,blofin,0.02165,0.02166,4.0,1224.0
2025-07-25T08:17:46.211084,bitget,0.021683,0.021687,2250.0,7489.0
2025-07-25T08:17:46.359762,bitget,0.021683,0.021687,6348.0,4678.0
2025-07-25T08:17:46.498753,bitmart,0.021627,0.021708,93805.0,1748.0
2025-07-25T08:17:46.517073,bitget,0.021683,0.021687,6348.0,4678.0
2025-07-25T08:17:46.548647,blofin,0.02165,0.02166,220.0,4.0
2025-07-25T08:17:46.711530,bybit,0.021665,0.0,480.0,0.0
2025-07-25T08:17:46.810442,bitget,0.021684,0.021687,2811.0,4678.0
2025-07-25T08:17:46.837523,bingx,0.02166,0.02169,8589.5,9305.9
2025-07-25T08:17:46.962416,bitget,0.021683,0.021687,1287.0,4678.0
2025-07-25T08:17:47.082471,blofin,0.02165,0.02167,220.0,3050.0
2025-07-25T08:17:47.110102,bitget,0.021683,0.021686,4098.0,2458.0
2025-07-25T08:17:47.260211,bitget,0.021684,0.021686,2250.0,2458.0
2025-07-25T08:17:47.411806,bitget,0.021684,0.021685,2250.0,2458.0
2025-07-25T08:17:47.474954,bitmart,0.021635,0.021708,6629.0,1681.0
2025-07-25T08:17:47.562467,bitget,0.021684,0.021685,2250.0,2458.0
2025-07-25T08:17:47.563980,blofin,0.02165,0.02167,1491.0,4.0
2025-07-25T08:17:47.712585,bitget,0.021684,0.021685,2250.0,2458.0
2025-07-25T08:17:47.742331,bingx,0.02166,0.02169,8589.5,9305.9
2025-07-25T08:17:47.749859,mexc,0.021667,0.02167,109335134.0,109335134.0
2025-07-25T08:17:48.012489,bitget,0.021684,0.021685,5061.0,2458.0
2025-07-25T08:17:48.065930,blofin,0.02165,0.02167,1491.0,4.0
2025-07-25T08:17:48.162500,bitget,0.021685,0.02169,5269.0,4676.0
2025-07-25T08:17:48.311398,bitget,0.021686,0.021689,2250.0,4676.0
2025-07-25T08:17:48.412077,bybit,0.0,0.0,0.0,0.0
2025-07-25T08:17:48.466023,bitget,0.021684,0.021689,4669.0,7487.0
2025-07-25T08:17:48.554547,blofin,0.02165,0.02167,1491.0,4.0
2025-07-25T08:17:48.577555,bitmart,0.021635,0.021708,3118.0,358.0
2025-07-25T08:17:48.610924,bitget,0.021684,0.021689,7480.0,7487.0
2025-07-25T08:17:48.647696,bingx,0.02166,0.02169,8589.5,9305.9
2025-07-25T08:17:48.711554,bybit,0.0,0.0,0.0,0.0
2025-07-25T08:17:48.761190,bitget,0.021684,0.021689,4669.0,7487.0
2025-07-25T08:17:48.893841,binance,0.02167,0.02167,0.0,0.0
2025-07-25T08:17:48.912619,bitget,0.021684,0.021689,4669.0,4676.0
2025-07-25T08:17:49.062382,bitget,0.021685,0.021689,2811.0,4676.0
2025-07-25T08:17:49.064098,blofin,0.02165,0.02168,1235.0,4218.0
2025-07-25T08:17:49.212170,bitget,0.021683,0.021689,7480.0,7487.0
2025-07-25T08:17:49.364019,bitget,0.021683,0.021689,7480.0,7487.0
2025-07-25T08:17:49.481745,bitmart,0.021635,0.021708,584.0,356.0
2025-07-25T08:17:49.512540,bitget,0.021683,0.021689,7480.0,7487.0
2025-07-25T08:17:49.556818,bingx,0.02166,0.02169,8589.5,9305.9
2025-07-25T08:17:49.564310,blofin,0.02165,0.02167,3499.0,3051.0
2025-07-25T08:17:49.611472,bybit,0.0,0.0,0.0,0.0
2025-07-25T08:17:49.662180,bitget,0.021683,0.021689,4669.0,7487.0
2025-07-25T08:17:49.814297,bitget,0.021683,0.021689,4669.0,7487.0
2025-07-25T08:17:50.046597,blofin,0.02165,0.02167,3499.0,3051.0
2025-07-25T08:17:50.051111,gateio,0.02165,0.02168,2342.0,343.0
2025-07-25T08:17:50.148116,mexc,0.021667,0.02167,109335134.0,109335134.0
2025-07-25T08:17:50.194847,gateio,0.02165,0.02167,2342.0,173.0
2025-07-25T08:17:50.212717,bybit,0.0,0.021666,0.0,1380.0
2025-07-25T08:17:50.262153,bitget,0.021674,0.021687,4678.0,14050.0
2025-07-25T08:17:50.274612,gateio,0.02165,0.02167,2552.0,173.0
2025-07-25T08:17:50.286674,gateio,0.02165,0.02167,2342.0,173.0
2025-07-25T08:17:50.312260,bybit,0.021654,0.021662,350.0,1310.0
2025-07-25T08:17:50.357247,okx,0.02165,0.02167,8629.67,463.38
2025-07-25T08:17:50.364706,gateio,0.02165,0.02167,1358.0,173.0
2025-07-25T08:17:50.411726,bybit,0.0,0.021662,0.0,1810.0
2025-07-25T08:17:50.415450,bitget,0.021674,0.02168,4678.0,3687.0
2025-07-25T08:17:50.454984,bingx,0.02165,0.02167,8909.9,29644.7
2025-07-25T08:17:50.511380,bybit,0.0,0.021661,0.0,1310.0
2025-07-25T08:17:50.563051,bitget,0.021674,0.021679,4678.0,3491.0
2025-07-25T08:17:50.564356,blofin,0.02165,0.02167,3497.0,3051.0
2025-07-25T08:17:50.587653,bitmart,0.021627,0.021699,92.0,1693.0
2025-07-25T08:17:50.717738,bitget,0.021674,0.021679,4678.0,6302.0
2025-07-25T08:17:50.863177,bitget,0.021674,0.021679,7489.0,2811.0
2025-07-25T08:17:50.894196,binance,0.02167,0.02167,0.0,0.0
2025-07-25T08:17:51.013184,bitget,0.021675,0.02168,2811.0,5138.0
2025-07-25T08:17:51.047912,blofin,0.02165,0.02166,1.0,3872.0
2025-07-25T08:17:51.162375,bitget,0.021675,0.02168,2811.0,7949.0
2025-07-25T08:17:51.311863,bybit,0.021655,0.0,1310.0,0.0
2025-07-25T08:17:51.313145,bitget,0.021673,0.021679,2811.0,2385.0
2025-07-25T08:17:51.353238,bingx,0.02165,0.02167,8909.9,29644.7
2025-07-25T08:17:51.411639,bybit,0.0,0.02166,0.0,1310.0
2025-07-25T08:17:51.432838,gateio,0.02165,0.02167,240.0,173.0
2025-07-25T08:17:51.463042,bitget,0.021673,0.021679,2811.0,2811.0
2025-07-25T08:17:51.496850,okx,0.02165,0.02167,360.37,2063.38
2025-07-25T08:17:51.551120,blofin,0.02165,0.02167,1.0,3875.0
2025-07-25T08:17:51.572870,bitmart,0.021624,0.021699,97.0,138.0
2025-07-25T08:17:51.615576,bitget,0.021673,0.021679,2811.0,2811.0
2025-07-25T08:17:51.712538,bybit,0.0,0.0,0.0,0.0
2025-07-25T08:17:51.764895,bitget,0.021673,0.021679,2811.0,2811.0
2025-07-25T08:17:51.893902,binance,0.02167,0.02167,0.0,0.0
2025-07-25T08:17:52.065652,bitget,0.021673,0.021679,2811.0,2811.0
2025-07-25T08:17:52.067277,blofin,0.02165,0.02167,1.0,3875.0
2025-07-25T08:17:52.215322,bitget,0.021673,0.021679,2811.0,2811.0
2025-07-25T08:17:52.252581,bingx,0.02165,0.02167,8909.9,29644.7
2025-07-25T08:17:52.515546,bitget,0.021673,0.02168,2811.0,5138.0
2025-07-25T08:17:52.551566,mexc,0.021662,0.021665,109335134.0,109335134.0
2025-07-25T08:17:52.552284,blofin,0.02165,0.02167,1.0,3875.0
2025-07-25T08:17:52.562411,bitmart,0.021624,0.021695,97.0,6557.0
2025-07-25T08:17:52.664836,bitget,0.021673,0.02168,2811.0,7949.0
2025-07-25T08:17:52.818052,bitget,0.021673,0.021679,2811.0,2385.0
2025-07-25T08:17:52.964491,bitget,0.021673,0.021679,2811.0,5196.0
2025-07-25T08:17:53.060741,blofin,0.02164,0.02167,2514.0,3880.0
2025-07-25T08:17:53.116081,bitget,0.021673,0.021679,2811.0,2811.0
2025-07-25T08:17:53.155470,bingx,0.02165,0.02167,8909.9,29644.7
2025-07-25T08:17:53.211489,bybit,0.0,0.0,0.0,0.0
2025-07-25T08:17:53.414143,bitget,0.021673,0.02168,2811.0,5138.0
2025-07-25T08:17:53.511338,bybit,0.0,0.0,0.0,0.0
2025-07-25T08:17:53.552998,blofin,0.02164,0.02167,2514.0,3880.0
2025-07-25T08:17:53.568813,bitget,0.021673,0.02168,2811.0,7949.0
2025-07-25T08:17:53.570143,bitmart,0.021624,0.021695,311.0,5250.0
2025-07-25T08:17:53.712138,bybit,0.021657,0.0,100.0,0.0
2025-07-25T08:17:53.715875,bitget,0.021673,0.021679,2811.0,2385.0
2025-07-25T08:17:53.866739,bitget,0.021673,0.021678,2811.0,2458.0
2025-07-25T08:17:54.015078,bitget,0.021673,0.021677,2811.0,2458.0
2025-07-25T08:17:54.033923,blofin,0.02164,0.02166,2522.0,3874.0
2025-07-25T08:17:54.059903,bingx,0.02165,0.02167,8909.9,29644.7
2025-07-25T08:17:54.164294,bitget,0.021673,0.021676,2811.0,2458.0
2025-07-25T08:17:54.316239,bitget,0.021673,0.021675,2811.0,2458.0
2025-07-25T08:17:54.464568,bitget,0.021673,0.021675,2811.0,2458.0
2025-07-25T08:17:54.475074,bitmart,0.021624,0.021695,311.0,7058.0
2025-07-25T08:17:54.539768,blofin,0.02164,0.02166,2522.0,3874.0
2025-07-25T08:17:54.619012,bitget,0.021673,0.021675,2811.0,2458.0
2025-07-25T08:17:54.711934,bybit,0.021659,0.021666,1250.0,260.0
2025-07-25T08:17:54.765389,bitget,0.021673,0.021679,2811.0,2946.0
2025-07-25T08:17:54.789378,okx,0.02165,0.02167,360.37,463.38
2025-07-25T08:17:54.812007,bybit,0.021658,0.021665,300.0,1310.0
2025-07-25T08:17:54.894433,binance,0.02167,0.02167,0.0,0.0
2025-07-25T08:17:54.927888,bitget,0.021678,0.021681,2250.0,18897.0
2025-07-25T08:17:54.937620,mexc,0.021662,0.021665,109335134.0,109335134.0
2025-07-25T08:17:54.963531,bingx,0.02165,0.02167,8909.9,29644.7
2025-07-25T08:17:55.012015,bybit,0.021657,0.0,450.0,0.0
2025-07-25T08:17:55.055270,blofin,0.02164,0.02167,2522.0,3882.0
2025-07-25T08:17:55.078701,bitget,0.021679,0.021681,2250.0,7550.0
2025-07-25T08:17:55.111522,bybit,0.0,0.021664,0.0,1310.0
2025-07-25T08:17:55.215755,bitget,0.021679,0.02168,2250.0,2458.0
2025-07-25T08:17:55.283694,okx,0.02165,0.02167,9028.08,463.38
2025-07-25T08:17:55.311378,bybit,0.021658,0.021666,1810.0,260.0
2025-07-25T08:17:55.365353,bitget,0.021679,0.021685,2250.0,58972.0
2025-07-25T08:17:55.413491,bybit,0.021659,0.0,1660.0,0.0
2025-07-25T08:17:55.452452,gateio,0.02165,0.02168,240.0,343.0
2025-07-25T08:17:55.488625,bitmart,0.02163,0.021701,46649.0,113.0
2025-07-25T08:17:55.500402,gateio,0.02165,0.02168,1097.0,343.0
2025-07-25T08:17:55.511878,bybit,0.02166,0.0,1310.0,0.0
2025-07-25T08:17:55.518468,bitget,0.02168,0.021686,2250.0,2811.0
2025-07-25T08:17:55.551204,blofin,0.02164,0.02166,2588.0,3872.0
2025-07-25T08:17:55.666391,bitget,0.021681,0.021686,2250.0,2811.0
2025-07-25T08:17:55.804629,gateio,0.02166,0.02168,175.0,343.0
2025-07-25T08:17:55.811837,bybit,0.021662,0.0,1250.0,0.0
2025-07-25T08:17:55.817390,bitget,0.021682,0.021686,2250.0,2811.0
2025-07-25T08:17:55.868877,bingx,0.02166,0.02168,4294.2,29645.7
2025-07-25T08:17:55.893912,binance,0.02167,0.02167,0.0,0.0
2025-07-25T08:17:55.911142,bybit,0.021663,0.0,1310.0,0.0
2025-07-25T08:17:55.966733,bitget,0.021685,0.021686,2250.0,2811.0
2025-07-25T08:17:56.060667,blofin,0.02164,0.02166,2588.0,3872.0
2025-07-25T08:17:56.115896,bitget,0.021685,0.021686,2250.0,2811.0
2025-07-25T08:17:56.266344,bitget,0.021685,0.021686,2250.0,2811.0
2025-07-25T08:17:56.416672,bitget,0.021685,0.021686,2250.0,2811.0
2025-07-25T08:17:56.463440,bitmart,0.021632,0.021704,3090.0,259.0
2025-07-25T08:17:56.548004,blofin,0.02165,0.02166,776.0,2.0
2025-07-25T08:17:56.568397,bitget,0.021685,0.021686,2250.0,2811.0
2025-07-25T08:17:56.713027,bybit,0.021664,0.0,1310.0,0.0
2025-07-25T08:17:56.716751,bitget,0.021685,0.021691,2250.0,327.0
2025-07-25T08:17:56.768260,bingx,0.02166,0.02168,4294.2,29645.7
2025-07-25T08:17:56.811819,bybit,0.021665,0.0,1310.0,0.0
2025-07-25T08:17:56.870177,bitget,0.021686,0.021691,2250.0,7187.0
2025-07-25T08:17:56.893840,binance,0.02167,0.02167,0.0,0.0
2025-07-25T08:17:56.990951,okx,0.02165,0.02167,14028.08,463.38
2025-07-25T08:17:57.025696,bitget,0.021687,0.021691,2250.0,7187.0
2025-07-25T08:17:57.050420,blofin,0.02165,0.02167,776.0,5.0
2025-07-25T08:17:57.074416,bingx,0.02167,0.02168,4295.3,29646.8
2025-07-25T08:17:57.166550,bitget,0.021687,0.02169,2250.0,5326.0
2025-07-25T08:17:57.303394,mexc,0.021665,0.021669,109335134.0,109335134.0
2025-07-25T08:17:57.317541,bitget,0.021687,0.021689,2250.0,2458.0
2025-07-25T08:17:57.470383,bitget,0.021687,0.021689,2250.0,5326.0
2025-07-25T08:17:57.551090,blofin,0.02165,0.02167,776.0,5.0
2025-07-25T08:17:57.576131,bitmart,0.021635,0.021712,18412.0,86596.0
2025-07-25T08:17:57.620402,bitget,0.021687,0.021689,2250.0,5326.0
2025-07-25T08:17:57.734122,gateio,0.02165,0.02168,2320.0,343.0
2025-07-25T08:17:57.769725,bitget,0.02168,0.021689,2868.0,5326.0
2025-07-25T08:17:57.808375,gateio,0.02165,0.02168,2554.0,343.0
2025-07-25T08:17:57.811386,bybit,0.021663,0.0,350.0,0.0
2025-07-25T08:17:57.893888,binance,0.02167,0.02167,0.0,0.0
2025-07-25T08:17:57.897727,okx,0.02165,0.02167,9028.08,463.38
2025-07-25T08:17:57.918011,bitget,0.02168,0.021689,6368.0,5326.0
2025-07-25T08:17:57.978890,bingx,0.02166,0.02168,8588.4,29645.7
2025-07-25T08:17:58.011291,bybit,0.0,0.0,0.0,0.0
2025-07-25T08:17:58.060290,blofin,0.02165,0.02167,229.0,4789.0
2025-07-25T08:17:58.110908,gateio,0.02165,0.02167,2554.0,175.0
2025-07-25T08:17:58.220474,bitget,0.02168,0.021689,6368.0,5326.0
2025-07-25T08:17:58.282284,bingx,0.02165,0.02167,8909.9,29644.7
2025-07-25T08:17:58.371138,bitget,0.021678,0.021688,4674.0,46834.0
2025-07-25T08:17:58.480228,bitmart,0.021632,0.021707,9090.0,10301.0
2025-07-25T08:17:58.517273,bitget,0.021679,0.021687,2250.0,16508.0
2025-07-25T08:17:58.572271,blofin,0.02165,0.02167,229.0,4789.0
2025-07-25T08:17:58.622712,gateio,0.02165,0.02168,2554.0,343.0
2025-07-25T08:17:58.669217,bitget,0.02168,0.021686,2250.0,6450.0
2025-07-25T08:17:58.711775,bybit,0.021664,0.0,1310.0,0.0
2025-07-25T08:17:58.775606,gateio,0.02165,0.02167,2554.0,175.0
2025-07-25T08:17:58.819281,bitget,0.02168,0.021685,2250.0,2250.0
2025-07-25T08:17:58.878481,bingx,0.02167,0.02168,4295.3,29646.8
2025-07-25T08:17:58.884992,gateio,0.02165,0.02167,2790.0,175.0
2025-07-25T08:17:58.894323,binance,0.02167,0.02167,0.0,0.0
2025-07-25T08:17:58.913107,bybit,0.0,0.0,0.0,0.0
2025-07-25T08:17:58.969413,bitget,0.021684,0.021685,2250.0,5118.0
2025-07-25T08:17:59.086647,blofin,0.02165,0.02167,2660.0,5.0
2025-07-25T08:17:59.121521,bitget,0.02168,0.021684,2250.0,2250.0
2025-07-25T08:17:59.211567,bybit,0.021663,0.0,350.0,0.0
2025-07-25T08:17:59.270386,gateio,0.02165,0.02168,2790.0,343.0
2025-07-25T08:17:59.272143,bitget,0.02168,0.021684,2250.0,5118.0
2025-07-25T08:17:59.289263,gateio,0.02166,0.02168,175.0,343.0
2025-07-25T08:17:59.311395,bybit,0.021664,0.0,1310.0,0.0
2025-07-25T08:17:59.411437,bybit,0.021665,0.0,1310.0,0.0
2025-07-25T08:17:59.444986,bitget,0.02168,0.021684,2250.0,2250.0
2025-07-25T08:17:59.511410,bybit,0.021663,0.0,350.0,0.0
2025-07-25T08:17:59.549545,blofin,0.02165,0.02167,2660.0,5.0
2025-07-25T08:17:59.572157,bitget,0.02168,0.021687,2250.0,2868.0
2025-07-25T08:17:59.572420,bitmart,0.021635,0.021707,12472.0,4060.0
2025-07-25T08:17:59.640740,gateio,0.02165,0.02168,2320.0,343.0
2025-07-25T08:17:59.657392,mexc,0.021665,0.021671,109335134.0,109335134.0
2025-07-25T08:17:59.719590,bitget,0.02168,0.02169,2250.0,2868.0
2025-07-25T08:17:59.777693,bingx,0.02167,0.02168,4295.3,29646.8
2025-07-25T08:17:59.783030,gateio,0.02166,0.02168,175.0,343.0
2025-07-25T08:17:59.869942,bitget,0.02168,0.02169,2250.0,2868.0
2025-07-25T08:18:00.024322,bitget,0.02168,0.02169,2250.0,2868.0
2025-07-25T08:18:00.059228,blofin,0.02165,0.02167,18.0,6605.0
2025-07-25T08:18:00.095996,okx,0.02165,0.02167,9028.08,463.38
2025-07-25T08:18:00.170022,bitget,0.02168,0.02169,2250.0,2868.0
2025-07-25T08:18:00.470605,bitget,0.021682,0.02169,2868.0,2868.0
2025-07-25T08:18:00.505015,bitmart,0.021632,0.021707,2930.0,284.0
2025-07-25T08:18:00.604333,blofin,0.02165,0.02167,18.0,6605.0
2025-07-25T08:18:00.618490,bitget,0.021683,0.021689,2250.0,2458.0
2025-07-25T08:18:00.682561,bingx,0.02167,0.02168,4295.3,29646.8
2025-07-25T08:18:00.771367,bitget,0.021684,0.021688,2250.0,2458.0
2025-07-25T08:18:00.918629,bitget,0.021684,0.021687,2250.0,2458.0
2025-07-25T08:18:00.962918,okx,0.02165,0.02167,14028.08,463.38
2025-07-25T08:18:01.081273,bitget,0.021684,0.021687,2250.0,2458.0
2025-07-25T08:18:01.084826,blofin,0.02165,0.02167,18.0,6605.0
2025-07-25T08:18:01.219997,bitget,0.021684,0.021687,2250.0,2458.0
2025-07-25T08:18:01.479206,bitmart,0.021632,0.021707,2930.0,284.0
2025-07-25T08:18:01.552334,blofin,0.02165,0.02167,18.0,5965.0
2025-07-25T08:18:01.588414,bingx,0.02167,0.02168,4295.3,29646.8
2025-07-25T08:18:01.711846,bybit,0.021664,0.0,1310.0,0.0
2025-07-25T08:18:01.820435,bitget,0.021684,0.021691,5118.0,3195.0
2025-07-25T08:18:01.851017,gateio,0.02166,0.02168,175.0,165.0
2025-07-25T08:18:01.894798,binance,0.02167,0.02167,0.0,0.0
2025-07-25T08:18:01.914556,bybit,0.021667,0.021672,350.0,260.0
2025-07-25T08:18:01.972608,bitget,0.021685,0.021691,5118.0,327.0
2025-07-25T08:18:02.012239,bybit,0.021668,0.0,1250.0,0.0
2025-07-25T08:18:02.081137,blofin,0.02165,0.02167,257.0,5.0
2025-07-25T08:18:02.086607,okx,0.02165,0.02167,14028.08,55174.06
2025-07-25T08:18:02.111254,mexc,0.021665,0.021671,109335134.0,109335134.0
2025-07-25T08:18:02.114048,bybit,0.021669,0.0,1310.0,0.0
2025-07-25T08:18:02.123037,bitget,0.02169,0.021691,2250.0,327.0
2025-07-25T08:18:02.196294,okx,0.02166,0.02167,8978.19,30604.36
2025-07-25T08:18:02.213172,bybit,0.02167,0.0,1310.0,0.0
2025-07-25T08:18:02.279456,bitget,0.02169,0.021691,2250.0,327.0
2025-07-25T08:18:02.287466,gateio,0.02166,0.02168,175.0,341.0
2025-07-25T08:18:02.300835,okx,0.02166,0.02167,8978.19,30604.36
2025-07-25T08:18:02.419568,bitget,0.021682,0.021691,2868.0,3195.0
2025-07-25T08:18:02.448150,okx,0.02166,0.02167,8978.19,29037.89
2025-07-25T08:18:02.489809,bitmart,0.021638,0.021712,2134.0,224.0
2025-07-25T08:18:02.497103,bingx,0.02167,0.02168,4295.3,29646.8
2025-07-25T08:18:02.563549,blofin,0.02165,0.02167,257.0,5.0
2025-07-25T08:18:02.571222,bitget,0.021687,0.021691,4674.0,3195.0
2025-07-25T08:18:02.721638,bitget,0.021687,0.021691,4674.0,3195.0
2025-07-25T08:18:02.812202,bybit,0.0,0.0,0.0,0.0
2025-07-25T08:18:02.893955,binance,0.02167,0.02167,0.0,0.0
2025-07-25T08:18:03.089151,blofin,0.02165,0.02167,257.0,4661.0
2025-07-25T08:18:03.170846,bitget,0.021687,0.021691,7542.0,327.0
2025-07-25T08:18:03.320218,bitget,0.021687,0.021691,7542.0,3195.0
2025-07-25T08:18:03.391641,bingx,0.02167,0.02168,4295.3,29646.8
2025-07-25T08:18:03.471035,bitget,0.021687,0.021691,4674.0,3195.0
2025-07-25T08:18:03.492131,bitmart,0.021639,0.021712,5263.0,3048.0
2025-07-25T08:18:03.565570,blofin,0.02165,0.02167,3739.0,5.0
2025-07-25T08:18:03.627927,bitget,0.021687,0.021691,4674.0,3195.0
2025-07-25T08:18:03.776241,bitget,0.021687,0.021691,4674.0,3195.0
2025-07-25T08:18:03.912186,bybit,0.021667,0.0,350.0,0.0
2025-07-25T08:18:03.921390,bitget,0.021687,0.021691,4674.0,3195.0
2025-07-25T08:18:04.072208,bitget,0.021685,0.021691,4675.0,3195.0
2025-07-25T08:18:04.096997,blofin,0.02165,0.02167,3739.0,5.0
2025-07-25T08:18:04.221328,bitget,0.021685,0.02169,4675.0,2458.0
2025-07-25T08:18:04.297324,bingx,0.02167,0.02168,4295.3,29646.8
2025-07-25T08:18:04.311908,bybit,0.021667,0.0,1470.0,0.0
2025-07-25T08:18:04.372942,bitget,0.021685,0.021689,4675.0,2458.0
2025-07-25T08:18:04.490808,bitmart,0.021639,0.021712,2955.0,14898.0
2025-07-25T08:18:04.506186,mexc,0.021669,0.021676,109335134.0,109335134.0
2025-07-25T08:18:04.521060,bitget,0.021683,0.021689,4675.0,5376.0
2025-07-25T08:18:04.573020,blofin,0.02165,0.02167,3739.0,5.0
2025-07-25T08:18:04.611426,bybit,0.021668,0.0,1310.0,0.0
2025-07-25T08:18:04.671709,bitget,0.021684,0.021691,2918.0,5009.0
2025-07-25T08:18:04.711506,bybit,0.021669,0.0,1310.0,0.0
2025-07-25T08:18:04.831089,bitget,0.021685,0.021691,5168.0,3245.0
2025-07-25T08:18:04.894034,binance,0.02167,0.02167,0.0,0.0
2025-07-25T08:18:04.974115,bitget,0.021686,0.021691,2250.0,3245.0
2025-07-25T08:18:05.052155,blofin,0.02165,0.02167,3003.0,2149.0
2025-07-25T08:18:05.122226,bitget,0.021686,0.02169,2250.0,2458.0
2025-07-25T08:18:05.200550,bingx,0.02167,0.02168,4295.3,29646.8
2025-07-25T08:18:05.274596,bitget,0.021686,0.02169,2250.0,5376.0
2025-07-25T08:18:05.422141,bitget,0.021686,0.02169,2250.0,5376.0
2025-07-25T08:18:05.577037,bitmart,0.021639,0.021712,2957.0,14898.0
2025-07-25T08:18:05.581234,blofin,0.02165,0.02167,475.0,3120.0
2025-07-25T08:18:05.722466,bitget,0.021686,0.02169,2250.0,2458.0
2025-07-25T08:18:05.873996,bitget,0.021687,0.02169,2918.0,2458.0
2025-07-25T08:18:05.914833,gateio,0.02166,0.02168,175.0,165.0
2025-07-25T08:18:05.928262,gateio,0.02166,0.02168,403.0,165.0
2025-07-25T08:18:06.013304,bybit,0.02167,0.0,1310.0,0.0
2025-07-25T08:18:06.027262,bitget,0.021687,0.021691,2918.0,327.0
2025-07-25T08:18:06.080956,blofin,0.02165,0.02167,475.0,3120.0
2025-07-25T08:18:06.102676,bingx,0.02167,0.02168,4295.3,29646.8
2025-07-25T08:18:06.174552,bitget,0.021688,0.021691,2250.0,327.0
2025-07-25T08:18:06.278566,gateio,0.02167,0.02168,176.0,165.0
