timestamp,exchange,bid,ask,bid_vol,ask_vol
2025-07-25T08:16:26.144191,bybit,0.04399,0.044,3743.0,26.0
2025-07-25T08:16:26.144214,bybit,0.04399,0.0,3360.0,0.0
2025-07-25T08:16:26.144235,bybit,0.04399,0.0,2977.0,0.0
2025-07-25T08:16:26.144254,bybit,0.04399,0.0,3360.0,0.0
2025-07-25T08:16:26.144274,bybit,0.04399,0.0,704.0,0.0
2025-07-25T08:16:26.144299,bybit,0.04399,0.0,1470.0,0.0
2025-07-25T08:16:26.681543,bitget,0.04399,0.04401,10577.0,44165.0
2025-07-25T08:16:26.684960,okx,0.044,0.04404,2708.771,13515.521
2025-07-25T08:16:26.694558,okx,0.044,0.04404,3526.956,13515.521
2025-07-25T08:16:26.797489,binance,0.044,0.044,0.0,0.0
2025-07-25T08:16:26.812396,okx,0.044,0.04404,2708.771,13515.521
2025-07-25T08:16:27.320736,bingx,0.044,0.0441,64931.0,154391.2
2025-07-25T08:16:27.555211,okx,0.044,0.04404,3526.956,13515.521
2025-07-25T08:16:27.978803,bingx,0.044,0.0441,64931.0,154391.2
2025-07-25T08:16:27.998903,okx,0.044,0.04404,2708.771,13515.521
2025-07-25T08:16:28.014302,lbank,0.0439,0.044,684727.65,116486.76
2025-07-25T08:16:28.174156,lbank,0.0439,0.044,684727.65,116486.76
2025-07-25T08:16:28.200800,bitmart,0.04388,0.04473,8280.0,11331.0
2025-07-25T08:16:28.471593,bybit,0.0,0.044,0.0,57.0
2025-07-25T08:16:28.596527,blofin,0.04398,0.04399,504.0,5.0
2025-07-25T08:16:28.596932,blofin,0.04398,0.04399,503.0,5.0
2025-07-25T08:16:28.597446,blofin,0.04398,0.04399,503.0,5.0
2025-07-25T08:16:28.676650,lbank,0.0439,0.044,684727.65,116486.76
2025-07-25T08:16:28.869062,mexc,0.04399,0.04401,2668924.0,2668924.0
2025-07-25T08:16:28.881170,bingx,0.044,0.0441,64931.0,154391.2
2025-07-25T08:16:29.071880,bybit,0.0,0.0,0.0,0.0
2025-07-25T08:16:29.089908,blofin,0.04398,0.04399,503.0,5.0
2025-07-25T08:16:29.099961,bitmart,0.04388,0.04473,8280.0,9406.0
2025-07-25T08:16:29.170778,bybit,0.0,0.0,0.0,0.0
2025-07-25T08:16:29.178858,lbank,0.0439,0.044,684727.65,116486.76
2025-07-25T08:16:29.180488,bingx,0.044,0.0441,64931.0,154391.2
2025-07-25T08:16:29.204239,okx,0.044,0.04404,3526.956,13515.521
2025-07-25T08:16:29.566667,blofin,0.04398,0.04399,584.0,5.0
2025-07-25T08:16:29.571846,bybit,0.04399,0.0,3743.0,0.0
2025-07-25T08:16:29.577805,bitget,0.04399,0.04401,10577.0,34165.0
2025-07-25T08:16:29.673714,lbank,0.0439,0.044,684727.65,116486.76
2025-07-25T08:16:29.771065,bybit,0.0,0.044,0.0,2203.0
2025-07-25T08:16:29.797895,binance,0.044,0.044,0.0,0.0
2025-07-25T08:16:29.871915,bybit,0.04404,0.04405,704.0,9992.0
2025-07-25T08:16:29.879131,bitget,0.04399,0.04402,10577.0,58612.0
2025-07-25T08:16:29.881881,gateio,0.044,0.04403,199.0,111.0
2025-07-25T08:16:29.898988,gateio,0.044,0.04405,199.0,104.0
2025-07-25T08:16:29.911059,gateio,0.044,0.04403,199.0,1362.0
2025-07-25T08:16:29.921198,gateio,0.044,0.04403,199.0,681.0
2025-07-25T08:16:29.933447,gateio,0.044,0.04405,199.0,104.0
2025-07-25T08:16:29.948737,gateio,0.04401,0.04409,1135.0,1136.0
2025-07-25T08:16:29.959256,gateio,0.04401,0.04409,1201.0,1136.0
2025-07-25T08:16:29.971273,bybit,0.04405,0.04407,704.0,383.0
2025-07-25T08:16:29.971540,gateio,0.04401,0.04409,1201.0,1.0
2025-07-25T08:16:29.990022,okx,0.04402,0.04407,1300.0,5336.158
2025-07-25T08:16:29.991707,gateio,0.04402,0.04408,12.0,111.0
2025-07-25T08:16:30.011224,gateio,0.04402,0.04407,12.0,111.0
2025-07-25T08:16:30.029200,bitget,0.04401,0.04404,15706.0,47415.0
2025-07-25T08:16:30.063133,gateio,0.04402,0.04407,78.0,111.0
2025-07-25T08:16:30.070837,bybit,0.0,0.04407,0.0,1798.0
2025-07-25T08:16:30.077612,blofin,0.04398,0.04399,584.0,5.0
2025-07-25T08:16:30.085460,bingx,0.044,0.0441,64931.0,154391.2
2025-07-25T08:16:30.097599,okx,0.04403,0.04407,1300.0,1521.252
2025-07-25T08:16:30.133620,bitmart,0.04388,0.04475,8280.0,34793.0
2025-07-25T08:16:30.178087,bitget,0.04403,0.04405,15706.0,47558.0
2025-07-25T08:16:30.216728,gateio,0.04406,0.04409,1135.0,105.0
2025-07-25T08:16:30.271417,bybit,0.04407,0.04408,704.0,1385.0
2025-07-25T08:16:30.278309,ascendex,0.04357,0.04446,22957.0,0.0
2025-07-25T08:16:30.290905,gateio,0.04406,0.04409,1147.0,105.0
2025-07-25T08:16:30.306655,lbank,0.0439,0.044,684727.65,116486.76
2025-07-25T08:16:30.329200,bitget,0.04403,0.04404,34165.0,10000.0
2025-07-25T08:16:30.341055,gateio,0.04406,0.04409,12.0,105.0
2025-07-25T08:16:30.355694,okx,0.04406,0.04411,3003.612,9076.469
2025-07-25T08:16:30.370743,bybit,0.0,0.0,0.0,0.0
2025-07-25T08:16:30.374744,gateio,0.04406,0.04409,5.0,105.0
2025-07-25T08:16:30.390770,gateio,0.04405,0.04409,132.0,105.0
2025-07-25T08:16:30.480353,bitget,0.04404,0.04407,10000.0,11895.0
2025-07-25T08:16:30.542402,blofin,0.04398,0.04399,584.0,5.0
2025-07-25T08:16:30.587062,ascendex,0.04359,0.04447,22946.0,0.0
2025-07-25T08:16:30.629077,bitget,0.04404,0.04407,10000.0,44165.0
2025-07-25T08:16:30.670874,bybit,0.0,0.0,0.0,0.0
2025-07-25T08:16:30.687067,bingx,0.0441,0.0443,258.8,88079.2
2025-07-25T08:16:30.778946,bitget,0.04404,0.04407,10577.0,44165.0
2025-07-25T08:16:30.797716,binance,0.0441,0.0441,0.0,0.0
2025-07-25T08:16:30.929967,bitget,0.04404,0.04407,10577.0,59373.0
2025-07-25T08:16:31.071699,bybit,0.0,0.04409,0.0,4703.0
2025-07-25T08:16:31.087322,blofin,0.04403,0.04404,950.0,5.0
2025-07-25T08:16:31.101659,bitmart,0.04394,0.04478,8280.0,928.0
2025-07-25T08:16:31.114137,okx,0.04406,0.04411,3003.612,11076.469
2025-07-25T08:16:31.170948,bybit,0.0,0.04409,0.0,4320.0
2025-07-25T08:16:31.173934,lbank,0.044,0.0442,107002.17,486095.04
2025-07-25T08:16:31.213004,ascendex,0.04341,0.0,0.0,0.0
2025-07-25T08:16:31.235459,bitget,0.04404,0.04407,10577.0,46060.0
2025-07-25T08:16:31.256982,gateio,0.04405,0.04409,132.0,3105.0
2025-07-25T08:16:31.259909,mexc,0.04402,0.04403,2668924.0,2668924.0
2025-07-25T08:16:31.271033,bybit,0.0,0.0,0.0,0.0
2025-07-25T08:16:31.275007,gateio,0.04405,0.04409,66.0,3105.0
2025-07-25T08:16:31.378974,bitget,0.04404,0.04407,10577.0,44165.0
2025-07-25T08:16:31.532023,bitget,0.04404,0.04407,10577.0,44165.0
2025-07-25T08:16:31.556749,blofin,0.04403,0.04404,952.0,5.0
2025-07-25T08:16:31.571331,bybit,0.0,0.04409,0.0,2047.0
2025-07-25T08:16:31.589148,bingx,0.0441,0.0443,258.8,88079.2
2025-07-25T08:16:31.679802,bitget,0.04404,0.04407,44742.0,44165.0
2025-07-25T08:16:31.797718,binance,0.0441,0.0441,0.0,0.0
2025-07-25T08:16:31.833227,bitget,0.04404,0.04407,44742.0,44165.0
2025-07-25T08:16:31.849505,ascendex,0.04358,0.0448,22957.0,48273.0
2025-07-25T08:16:31.870848,bybit,0.0,0.04409,0.0,2430.0
2025-07-25T08:16:31.875319,gateio,0.04404,0.04409,66.0,3105.0
2025-07-25T08:16:31.971348,bybit,0.04405,0.04407,4437.0,626.0
2025-07-25T08:16:31.975347,gateio,0.04404,0.04409,66.0,3171.0
2025-07-25T08:16:31.983509,bitget,0.04404,0.04406,10577.0,34165.0
2025-07-25T08:16:32.006980,okx,0.04405,0.0441,3131.068,9273.0
2025-07-25T08:16:32.071583,bybit,0.0,0.0,0.0,0.0
2025-07-25T08:16:32.085443,blofin,0.04403,0.04406,952.0,727.0
2025-07-25T08:16:32.131055,bitget,0.04404,0.04405,577.0,10000.0
2025-07-25T08:16:32.156572,ascendex,0.04356,0.04458,0.0,0.0
2025-07-25T08:16:32.157259,okx,0.04405,0.0441,3003.612,9273.0
2025-07-25T08:16:32.176695,lbank,0.044,0.0442,107002.17,486095.04
2025-07-25T08:16:32.183384,bitmart,0.04394,0.04479,8280.0,35320.0
2025-07-25T08:16:32.280153,bitget,0.04404,0.04405,577.0,10000.0
2025-07-25T08:16:32.397238,okx,0.04405,0.0441,3003.612,7973.0
2025-07-25T08:16:32.429526,bitget,0.04404,0.04405,577.0,10000.0
2025-07-25T08:16:32.477910,ascendex,0.0,0.04464,0.0,2421.0
2025-07-25T08:16:32.492605,bingx,0.0441,0.0443,258.8,88079.2
2025-07-25T08:16:32.531014,gateio,0.04403,0.04407,12.0,111.0
2025-07-25T08:16:32.559578,blofin,0.04403,0.04406,952.0,727.0
2025-07-25T08:16:32.570977,bybit,0.0,0.04406,0.0,718.0
2025-07-25T08:16:32.580222,bitget,0.04403,0.04405,45433.0,10000.0
2025-07-25T08:16:32.677263,lbank,0.044,0.0442,107002.17,486095.04
2025-07-25T08:16:32.709743,okx,0.04405,0.0441,3003.612,10677.718
2025-07-25T08:16:32.733737,bitget,0.04403,0.04405,11845.0,44165.0
2025-07-25T08:16:32.786259,ascendex,0.04352,0.04449,1948.0,28090.0
2025-07-25T08:16:32.797496,binance,0.0441,0.0441,0.0,0.0
2025-07-25T08:16:32.868975,gateio,0.04403,0.04407,78.0,111.0
2025-07-25T08:16:32.880557,bitget,0.04403,0.04405,11845.0,10563.0
2025-07-25T08:16:32.904090,okx,0.04405,0.0441,3003.612,9273.0
2025-07-25T08:16:33.030615,bitget,0.04403,0.04405,11845.0,10563.0
2025-07-25T08:16:33.055707,okx,0.04405,0.04409,1703.612,16036.947
2025-07-25T08:16:33.071040,bybit,0.0,0.04406,0.0,1101.0
2025-07-25T08:16:33.083675,blofin,0.04403,0.04406,954.0,1035.0
2025-07-25T08:16:33.090981,ascendex,0.0,0.0445,0.0,28077.0
2025-07-25T08:16:33.104175,bitmart,0.04394,0.04478,8280.0,30393.0
2025-07-25T08:16:33.170972,bybit,0.04403,0.04405,4437.0,1826.0
2025-07-25T08:16:33.175739,okx,0.04404,0.04409,3003.612,16036.947
2025-07-25T08:16:33.177797,lbank,0.044,0.0442,107002.17,486095.04
2025-07-25T08:16:33.181606,bitget,0.04403,0.04405,577.0,44728.0
2025-07-25T08:16:33.189204,gateio,0.04403,0.04407,12.0,111.0
2025-07-25T08:16:33.270826,bybit,0.0,0.04404,0.0,1344.0
2025-07-25T08:16:33.275227,gateio,0.04403,0.04407,5.0,177.0
2025-07-25T08:16:33.290666,gateio,0.04402,0.04407,12.0,177.0
2025-07-25T08:16:33.298580,okx,0.04404,0.04408,1703.612,16314.543
2025-07-25T08:16:33.331053,bitget,0.04401,0.04403,45433.0,11268.0
2025-07-25T08:16:33.371244,bybit,0.0,0.0,0.0,0.0
2025-07-25T08:16:33.375172,gateio,0.04402,0.04407,7.0,177.0
2025-07-25T08:16:33.390581,gateio,0.04401,0.04406,1135.0,111.0
2025-07-25T08:16:33.393832,bingx,0.0441,0.0443,258.8,88079.2
2025-07-25T08:16:33.414340,ascendex,0.04359,0.04452,0.0,0.0
2025-07-25T08:16:33.415076,gateio,0.04401,0.04406,1201.0,111.0
2025-07-25T08:16:33.482911,bitget,0.04401,0.04403,55433.0,11268.0
2025-07-25T08:16:33.517362,gateio,0.04402,0.04406,12.0,111.0
2025-07-25T08:16:33.554974,blofin,0.04403,0.04405,4.0,674.0
2025-07-25T08:16:33.631335,bitget,0.04401,0.04403,55433.0,11268.0
2025-07-25T08:16:33.668667,mexc,0.04404,0.04406,2668924.0,2668924.0
2025-07-25T08:16:33.677799,lbank,0.044,0.0442,107002.17,486095.04
2025-07-25T08:16:33.731854,ascendex,0.0,0.04448,0.0,28096.0
2025-07-25T08:16:33.769221,gateio,0.04402,0.04406,12.0,56.0
2025-07-25T08:16:33.770778,bybit,0.04402,0.0,8250.0,0.0
2025-07-25T08:16:33.780656,bitget,0.04401,0.04403,55433.0,11268.0
2025-07-25T08:16:33.790940,gateio,0.04402,0.04405,12.0,111.0
2025-07-25T08:16:33.799046,binance,0.0441,0.0441,0.0,0.0
2025-07-25T08:16:33.801710,okx,0.04403,0.04407,4016.319,1405.432
2025-07-25T08:16:33.824999,gateio,0.04402,0.04405,12.0,83.0
2025-07-25T08:16:33.870767,bybit,0.04402,0.0,6762.0,0.0
2025-07-25T08:16:33.931251,bitget,0.04401,0.04402,10000.0,15706.0
2025-07-25T08:16:33.972127,bybit,0.04401,0.0,5482.0,0.0
2025-07-25T08:16:34.031327,okx,0.04402,0.04406,2705.751,4270.674
2025-07-25T08:16:34.052433,ascendex,0.04358,0.04458,0.0,0.0
2025-07-25T08:16:34.069946,blofin,0.04403,0.04404,4.0,1094.0
2025-07-25T08:16:34.070677,bybit,0.04401,0.0,12244.0,0.0
2025-07-25T08:16:34.081293,bitget,0.04401,0.04402,10000.0,12987.0
2025-07-25T08:16:34.119476,bitmart,0.04394,0.04475,8280.0,6675.0
2025-07-25T08:16:34.155520,okx,0.04402,0.04406,3523.936,4270.674
2025-07-25T08:16:34.171414,bybit,0.04401,0.0,5482.0,0.0
2025-07-25T08:16:34.175753,lbank,0.044,0.0442,107002.17,486095.04
2025-07-25T08:16:34.233186,gateio,0.04402,0.04405,12.0,42.0
2025-07-25T08:16:34.271225,bybit,0.04401,0.0,5865.0,0.0
2025-07-25T08:16:34.283769,lbank,0.0441,0.0442,94.16,486095.04
2025-07-25T08:16:34.295770,bingx,0.0441,0.0443,258.8,88079.2
2025-07-25T08:16:34.345436,gateio,0.04402,0.04406,12.0,66.0
2025-07-25T08:16:34.357264,gateio,0.04402,0.04406,12.0,54.0
2025-07-25T08:16:34.360749,ascendex,0.0,0.04453,0.0,47847.0
2025-07-25T08:16:34.364621,okx,0.04403,0.04406,1402.986,4270.674
2025-07-25T08:16:34.381129,bitget,0.04401,0.04402,10000.0,12987.0
2025-07-25T08:16:34.533965,bitget,0.04401,0.04403,10000.0,45996.0
2025-07-25T08:16:34.564231,blofin,0.04401,0.04404,2.0,1116.0
2025-07-25T08:16:34.676960,lbank,0.0442,0.0443,71815.29,229652.28
2025-07-25T08:16:34.677719,ascendex,0.0,0.04447,0.0,24491.0
2025-07-25T08:16:34.684197,bitget,0.04401,0.04403,10000.0,11831.0
2025-07-25T08:16:34.685597,okx,0.04403,0.04406,2702.986,4270.674
2025-07-25T08:16:34.798231,binance,0.0441,0.0441,0.0,0.0
2025-07-25T08:16:34.984634,bitget,0.04401,0.04403,10000.0,45996.0
2025-07-25T08:16:35.077238,gateio,0.04402,0.04407,12.0,66.0
2025-07-25T08:16:35.088615,blofin,0.04401,0.04404,2.0,1116.0
2025-07-25T08:16:35.090707,gateio,0.04402,0.04408,12.0,951.0
2025-07-25T08:16:35.135740,bitget,0.04401,0.04403,10000.0,11831.0
2025-07-25T08:16:35.171367,bybit,0.04403,0.04407,1087.0,3524.0
2025-07-25T08:16:35.195531,bitmart,0.0439,0.04475,8279.0,774.0
2025-07-25T08:16:35.202869,bingx,0.0441,0.0443,258.8,88079.2
2025-07-25T08:16:35.247020,gateio,0.04402,0.04408,1147.0,951.0
2025-07-25T08:16:35.257657,okx,0.04404,0.04409,3521.084,11901.842
2025-07-25T08:16:35.271564,bybit,0.04404,0.04407,711.0,1256.0
2025-07-25T08:16:35.277579,lbank,0.0442,0.0443,71815.29,229652.28
2025-07-25T08:16:35.284360,bitget,0.04402,0.04405,15706.0,47997.0
2025-07-25T08:16:35.305095,ascendex,0.0,0.04447,0.0,0.0
2025-07-25T08:16:35.365489,okx,0.04404,0.04409,2702.899,11901.842
2025-07-25T08:16:35.370838,bybit,0.0,0.04406,0.0,2076.0
2025-07-25T08:16:35.432189,bitget,0.04403,0.04404,10000.0,10000.0
2025-07-25T08:16:35.546277,blofin,0.04401,0.04402,2.0,118.0
2025-07-25T08:16:35.570856,bybit,0.04405,0.0,704.0,0.0
2025-07-25T08:16:35.623967,ascendex,0.04358,0.04452,12395.0,28071.0
2025-07-25T08:16:35.675180,lbank,0.0442,0.0443,71815.29,229652.28
2025-07-25T08:16:35.696981,okx,0.04404,0.04409,3521.084,2821.252
2025-07-25T08:16:35.738170,bitget,0.04403,0.04405,10000.0,44728.0
2025-07-25T08:16:35.771071,bybit,0.0,0.04407,0.0,873.0
2025-07-25T08:16:35.797203,binance,0.0441,0.0441,0.0,0.0
2025-07-25T08:16:35.801166,okx,0.04405,0.04409,1300.0,1521.252
2025-07-25T08:16:35.809309,gateio,0.04402,0.04409,1147.0,3001.0
2025-07-25T08:16:35.847189,gateio,0.04403,0.04409,181.0,3001.0
2025-07-25T08:16:35.870720,bybit,0.04407,0.04408,704.0,2253.0
2025-07-25T08:16:35.883981,bitget,0.04403,0.04405,10000.0,44728.0
2025-07-25T08:16:35.953440,okx,0.04406,0.0441,1300.0,1521.252
2025-07-25T08:16:35.983162,gateio,0.04405,0.04409,1135.0,3001.0
2025-07-25T08:16:36.032165,bitget,0.04404,0.04407,15706.0,50795.0
2025-07-25T08:16:36.061113,mexc,0.04402,0.04403,2668924.0,2668924.0
2025-07-25T08:16:36.073041,blofin,0.04402,0.04404,50.0,4.0
2025-07-25T08:16:36.101917,bingx,0.0441,0.0443,258.8,88079.2
2025-07-25T08:16:36.103033,gateio,0.04406,0.04409,12.0,3001.0
2025-07-25T08:16:36.170246,bitmart,0.0439,0.04479,8279.0,2355.0
2025-07-25T08:16:36.171318,gateio,0.04406,0.04409,78.0,3001.0
2025-07-25T08:16:36.185179,bitget,0.04404,0.04407,35676.0,34165.0
2025-07-25T08:16:36.204524,lbank,0.044,0.0442,974745.45,506518.8
2025-07-25T08:16:36.242399,ascendex,0.0436,0.04448,6584.0,0.0
2025-07-25T08:16:36.332384,bitget,0.04405,0.04407,15706.0,34728.0
2025-07-25T08:16:36.371110,bybit,0.0,0.04408,0.0,1380.0
2025-07-25T08:16:36.485127,bitget,0.04405,0.04407,25706.0,44165.0
2025-07-25T08:16:36.523587,okx,0.04407,0.04411,1402.819,2587.954
2025-07-25T08:16:36.558033,blofin,0.04402,0.04404,85.0,4.0
2025-07-25T08:16:36.567775,ascendex,0.0435,0.0445,0.0,0.0
2025-07-25T08:16:36.632567,bitget,0.04405,0.04407,25706.0,10000.0
2025-07-25T08:16:36.648878,okx,0.04407,0.04412,2702.819,14910.07
2025-07-25T08:16:36.676074,lbank,0.044,0.0442,88327.65,506518.8
2025-07-25T08:16:36.784323,bitget,0.04405,0.04407,25706.0,10000.0
2025-07-25T08:16:36.798154,binance,0.0441,0.0441,0.0,0.0
2025-07-25T08:16:36.870949,bybit,0.04408,0.04409,704.0,2113.0
2025-07-25T08:16:36.884683,ascendex,0.04354,0.04452,719.0,28058.0
2025-07-25T08:16:36.933752,bitget,0.04405,0.04408,10000.0,45996.0
2025-07-25T08:16:37.006334,bingx,0.0441,0.0443,258.8,88079.2
2025-07-25T08:16:37.011268,okx,0.04407,0.04412,5521.004,13610.07
2025-07-25T08:16:37.072618,blofin,0.04404,0.04406,668.0,585.0
2025-07-25T08:16:37.085732,bitget,0.04406,0.04408,15706.0,34728.0
2025-07-25T08:16:37.177080,lbank,0.044,0.0442,88327.65,506518.8
2025-07-25T08:16:37.193700,ascendex,0.04361,0.0,22936.0,0.0
2025-07-25T08:16:37.205516,bitmart,0.0439,0.04481,8279.0,29882.0
2025-07-25T08:16:37.236934,bitget,0.04406,0.04408,25706.0,34165.0
2025-07-25T08:16:37.270954,bybit,0.04409,0.04412,711.0,6199.0
2025-07-25T08:16:37.366655,okx,0.04407,0.04413,15998.66,19016.983
2025-07-25T08:16:37.383886,bitget,0.04406,0.04408,25706.0,10000.0
2025-07-25T08:16:37.472368,bybit,0.0441,0.04411,704.0,2173.0
2025-07-25T08:16:37.472575,okx,0.04408,0.04412,1300.0,5705.095
2025-07-25T08:16:37.502622,ascendex,0.04361,0.04451,45882.0,0.0
2025-07-25T08:16:37.534186,bitget,0.04407,0.04408,15706.0,10000.0
2025-07-25T08:16:37.561376,blofin,0.04405,0.04406,948.0,585.0
2025-07-25T08:16:37.676032,lbank,0.044,0.0442,88327.65,506518.8
2025-07-25T08:16:37.730993,gateio,0.04406,0.04409,78.0,3000.0
2025-07-25T08:16:37.774764,gateio,0.04406,0.04409,259.0,2925.0
2025-07-25T08:16:37.797148,binance,0.0441,0.0441,0.0,0.0
2025-07-25T08:16:37.825058,ascendex,0.04362,0.04456,22931.0,0.0
2025-07-25T08:16:37.834065,bitget,0.04407,0.04409,25706.0,34810.0
2025-07-25T08:16:37.906664,bingx,0.0441,0.0443,258.8,88079.2
2025-07-25T08:16:37.950243,okx,0.04409,0.04413,1300.0,1521.252
2025-07-25T08:16:38.081526,blofin,0.04405,0.04406,948.0,585.0
2025-07-25T08:16:38.092560,bitmart,0.04395,0.04482,8280.0,42481.0
2025-07-25T08:16:38.139713,ascendex,0.0,0.0446,0.0,5418.0
2025-07-25T08:16:38.174313,lbank,0.044,0.0442,88327.65,506518.8
2025-07-25T08:16:38.284161,bitget,0.04407,0.04409,25706.0,44810.0
2025-07-25T08:16:38.363136,gateio,0.04406,0.04409,259.0,2692.0
2025-07-25T08:16:38.371649,bybit,0.0,0.04412,0.0,2268.0
2025-07-25T08:16:38.373365,gateio,0.04406,0.04411,259.0,104.0
2025-07-25T08:16:38.443179,gateio,0.04406,0.04411,247.0,104.0
2025-07-25T08:16:38.455283,mexc,0.04404,0.04406,2668924.0,2668924.0
2025-07-25T08:16:38.455578,ascendex,0.04348,0.0449,0.0,3155.0
2025-07-25T08:16:38.460747,gateio,0.04406,0.04411,1382.0,104.0
2025-07-25T08:16:38.499910,okx,0.04409,0.04414,1300.0,11891.546
2025-07-25T08:16:38.570927,bybit,0.04411,0.04413,711.0,1971.0
2025-07-25T08:16:38.583924,bitget,0.04408,0.04409,15706.0,10082.0
2025-07-25T08:16:38.584483,blofin,0.04406,0.04408,728.0,3.0
2025-07-25T08:16:38.637188,gateio,0.04406,0.04413,1382.0,104.0
2025-07-25T08:16:38.734537,bitget,0.04408,0.04409,35676.0,10082.0
2025-07-25T08:16:38.770580,bybit,0.0,0.04413,0.0,2354.0
2025-07-25T08:16:38.771742,ascendex,0.0,0.04452,0.0,0.0
2025-07-25T08:16:38.797395,binance,0.0441,0.0441,0.0,0.0
2025-07-25T08:16:38.812478,bingx,0.0441,0.0443,258.8,88079.2
2025-07-25T08:16:38.884863,bitget,0.04408,0.04409,35676.0,10082.0
2025-07-25T08:16:39.034043,bitget,0.04408,0.04409,35676.0,10082.0
2025-07-25T08:16:39.055557,blofin,0.04406,0.04409,728.0,4518.0
2025-07-25T08:16:39.082034,ascendex,0.04363,0.04456,22925.0,28039.0
2025-07-25T08:16:39.101082,bitmart,0.04395,0.04482,8280.0,6504.0
2025-07-25T08:16:39.171101,bybit,0.0,0.04413,0.0,1971.0
2025-07-25T08:16:39.268995,gateio,0.04406,0.04413,1382.0,3104.0
2025-07-25T08:16:39.271074,bybit,0.0,0.04413,0.0,2377.0
2025-07-25T08:16:39.333060,bitget,0.04408,0.04409,35676.0,10082.0
2025-07-25T08:16:39.371384,bybit,0.0,0.04413,0.0,2760.0
2025-07-25T08:16:39.391921,ascendex,0.04346,0.0,0.0,0.0
2025-07-25T08:16:39.485489,bitget,0.04408,0.04409,15706.0,10082.0
2025-07-25T08:16:39.569476,blofin,0.04406,0.04409,1703.0,4031.0
2025-07-25T08:16:39.635683,bitget,0.04407,0.04409,21268.0,10082.0
2025-07-25T08:16:39.713508,ascendex,0.04362,0.04456,0.0,56085.0
2025-07-25T08:16:39.714664,bingx,0.0441,0.0443,258.8,88079.2
2025-07-25T08:16:39.771331,bybit,0.04409,0.04412,4437.0,1392.0
2025-07-25T08:16:39.785501,bitget,0.04407,0.04409,21268.0,10082.0
2025-07-25T08:16:39.796504,binance,0.0441,0.0441,0.0,0.0
2025-07-25T08:16:39.940854,bitget,0.04407,0.04409,21268.0,10645.0
2025-07-25T08:16:39.980891,okx,0.04409,0.04414,1300.0,13298.408
2025-07-25T08:16:40.022340,ascendex,0.0,0.04453,0.0,47854.0
2025-07-25T08:16:40.069949,blofin,0.04406,0.04409,2301.0,4031.0
2025-07-25T08:16:40.070646,bybit,0.0,0.04411,0.0,626.0
2025-07-25T08:16:40.086130,bitget,0.04407,0.04409,11268.0,44810.0
2025-07-25T08:16:40.108532,bitmart,0.04395,0.04481,8280.0,1833.0
2025-07-25T08:16:40.170977,bybit,0.0,0.04411,0.0,1009.0
2025-07-25T08:16:40.337621,ascendex,0.0436,0.0449,1087.0,20513.0
2025-07-25T08:16:40.372305,bybit,0.0,0.04411,0.0,626.0
2025-07-25T08:16:40.406512,lbank,0.044,0.0442,88327.65,506518.8
2025-07-25T08:16:40.438064,lbank,0.044,0.0442,88327.65,506518.8
2025-07-25T08:16:40.551292,blofin,0.04406,0.04409,975.0,4674.0
2025-07-25T08:16:40.617755,bingx,0.0441,0.0443,258.8,88079.2
2025-07-25T08:16:40.798220,binance,0.0441,0.0441,0.0,0.0
2025-07-25T08:16:40.815635,mexc,0.04407,0.04408,2668924.0,2668924.0
2025-07-25T08:16:40.921844,bingx,0.0441,0.0443,258.8,88079.2
2025-07-25T08:16:40.925962,gateio,0.04406,0.04412,1382.0,111.0
2025-07-25T08:16:40.950874,gateio,0.04406,0.04411,1201.0,111.0
2025-07-25T08:16:40.961006,ascendex,0.04337,0.0,0.0,0.0
2025-07-25T08:16:40.976372,bybit,0.0,0.04411,0.0,1009.0
2025-07-25T08:16:40.988245,bitget,0.04406,0.04409,34165.0,44810.0
2025-07-25T08:16:41.070677,blofin,0.04406,0.04409,975.0,4674.0
2025-07-25T08:16:41.102836,okx,0.04408,0.04413,1300.0,12627.759
2025-07-25T08:16:41.135747,bitmart,0.04395,0.04481,8280.0,1879.0
2025-07-25T08:16:41.137397,bitget,0.04405,0.04409,45433.0,44810.0
2025-07-25T08:16:41.167328,gateio,0.04406,0.04411,66.0,111.0
2025-07-25T08:16:41.171545,bybit,0.04408,0.0441,8220.0,718.0
2025-07-25T08:16:41.174335,lbank,0.044,0.0442,88327.65,506518.8
2025-07-25T08:16:41.271644,bybit,0.04407,0.04409,4437.0,2138.0
2025-07-25T08:16:41.286486,bitget,0.04405,0.04408,45433.0,34165.0
2025-07-25T08:16:41.347519,gateio,0.04405,0.04411,1202.0,177.0
2025-07-25T08:16:41.357472,okx,0.04408,0.04413,1300.0,17162.392
2025-07-25T08:16:41.438030,bitget,0.04405,0.04407,21268.0,10000.0
2025-07-25T08:16:41.462354,okx,0.04407,0.04412,2702.819,5148.718
2025-07-25T08:16:41.564935,blofin,0.04406,0.04409,51.0,4364.0
2025-07-25T08:16:41.570898,bybit,0.04407,0.0,4477.0,0.0
2025-07-25T08:16:41.590590,bitget,0.04405,0.04407,21268.0,10000.0
2025-07-25T08:16:41.601358,ascendex,0.04363,0.04452,0.0,28071.0
2025-07-25T08:16:41.658410,okx,0.04407,0.04412,2702.819,6556.296
2025-07-25T08:16:41.675403,lbank,0.044,0.0442,88327.65,506518.8
2025-07-25T08:16:41.736221,bitget,0.04405,0.04407,21268.0,10000.0
2025-07-25T08:16:41.771408,bybit,0.0,0.04408,0.0,12.0
2025-07-25T08:16:41.798941,okx,0.04407,0.04412,2702.819,5148.718
2025-07-25T08:16:41.799435,binance,0.0441,0.0441,0.0,0.0
2025-07-25T08:16:41.827530,bingx,0.0441,0.0443,258.8,88079.2
2025-07-25T08:16:41.886677,bitget,0.04405,0.04407,21268.0,10563.0
2025-07-25T08:16:41.916230,ascendex,0.0436,0.04451,0.0,28077.0
2025-07-25T08:16:41.941671,gateio,0.04405,0.04411,1202.0,66.0
2025-07-25T08:16:41.951168,gateio,0.0441,0.04413,2270.0,3000.0
2025-07-25T08:16:41.970868,bybit,0.04412,0.04413,2678.0,1402.0
2025-07-25T08:16:41.971659,gateio,0.0441,0.04413,2402.0,3000.0
2025-07-25T08:16:41.988958,gateio,0.0441,0.04413,1267.0,3000.0
2025-07-25T08:16:42.037428,bitget,0.0441,0.04413,55683.0,3761.0
2025-07-25T08:16:42.070852,bybit,0.04412,0.0,1257.0,0.0
2025-07-25T08:16:42.081537,blofin,0.04406,0.04408,3.0,978.0
2025-07-25T08:16:42.096050,okx,0.04412,0.04416,1300.0,83.4
2025-07-25T08:16:42.098948,gateio,0.0441,0.04413,132.0,3000.0
2025-07-25T08:16:42.138200,bitmart,0.04395,0.04496,8280.0,114712.0
2025-07-25T08:16:42.186427,bitget,0.04411,0.04413,15706.0,55433.0
2025-07-25T08:16:42.226026,ascendex,0.0,0.04451,0.0,0.0
2025-07-25T08:16:42.360933,okx,0.04412,0.04416,1300.0,40.616
2025-07-25T08:16:42.366644,bitget,0.04411,0.04412,15706.0,44165.0
2025-07-25T08:16:42.370623,bybit,0.0,0.0,0.0,0.0
2025-07-25T08:16:42.391009,gateio,0.04409,0.04413,66.0,3000.0
2025-07-25T08:16:42.408747,gateio,0.0441,0.04413,1135.0,3000.0
2025-07-25T08:16:42.424971,bingx,0.0442,0.0443,554.0,670.8
2025-07-25T08:16:42.486719,bitget,0.04409,0.04412,34165.0,44165.0
2025-07-25T08:16:42.488574,okx,0.04412,0.04416,1300.0,83.4
2025-07-25T08:16:42.542601,ascendex,0.04365,0.04458,22915.0,28027.0
2025-07-25T08:16:42.566461,blofin,0.04407,0.04409,666.0,4027.0
2025-07-25T08:16:42.613009,okx,0.04412,0.04416,1300.0,10500.963
2025-07-25T08:16:42.641138,bitget,0.0441,0.04412,10000.0,44165.0
2025-07-25T08:16:42.667525,gateio,0.0441,0.04413,1201.0,3000.0
2025-07-25T08:16:42.672528,lbank,0.0442,0.0443,147426.33,279959.52
2025-07-25T08:16:42.786439,bitget,0.0441,0.04412,10558.0,44165.0
2025-07-25T08:16:42.797451,binance,0.0442,0.0442,0.0,0.0
2025-07-25T08:16:42.810090,okx,0.04412,0.04416,1300.0,40.616
2025-07-25T08:16:42.936545,bitget,0.0441,0.04412,10558.0,44737.0
2025-07-25T08:16:42.970947,bybit,0.0,0.0,0.0,0.0
2025-07-25T08:16:43.057517,okx,0.04412,0.04416,1300.0,3761.963
2025-07-25T08:16:43.071420,bybit,0.0,0.04413,0.0,23.0
2025-07-25T08:16:43.081974,blofin,0.04409,0.04411,274.0,2.0
2025-07-25T08:16:43.153565,bitmart,0.04335,0.04486,2392.0,2551.0
2025-07-25T08:16:43.176221,lbank,0.0442,0.0443,147426.33,279959.52
2025-07-25T08:16:43.200153,mexc,0.0441,0.04411,2668924.0,2668924.0
2025-07-25T08:16:43.331151,bingx,0.0442,0.0443,554.0,670.8
2025-07-25T08:16:43.490920,ascendex,0.04352,0.04468,0.0,27964.0
2025-07-25T08:16:43.494138,okx,0.04412,0.04416,1300.0,40.616
2025-07-25T08:16:43.569257,blofin,0.04409,0.04411,274.0,2.0
2025-07-25T08:16:43.670875,bybit,0.04412,0.0,1640.0,0.0
2025-07-25T08:16:43.677309,lbank,0.0442,0.0443,147426.33,279959.52
2025-07-25T08:16:43.771297,bybit,0.04412,0.0,1257.0,0.0
2025-07-25T08:16:43.797651,binance,0.0442,0.0442,0.0,0.0
2025-07-25T08:16:43.870894,bybit,0.0,0.0,0.0,0.0
2025-07-25T08:16:44.069735,blofin,0.04409,0.04412,640.0,473.0
2025-07-25T08:16:44.144100,bitmart,0.04335,0.04486,3846.0,1951.0
2025-07-25T08:16:44.170718,bybit,0.0,0.0,0.0,0.0
2025-07-25T08:16:44.175146,lbank,0.0442,0.0443,147426.33,279959.52
2025-07-25T08:16:44.225228,bingx,0.0442,0.0443,554.0,670.8
2025-07-25T08:16:44.568415,blofin,0.04409,0.04412,640.0,473.0
2025-07-25T08:16:44.673892,lbank,0.0442,0.0443,147426.33,279959.52
2025-07-25T08:16:44.791111,okx,0.04412,0.04416,1300.0,83.4
2025-07-25T08:16:44.796597,binance,0.0442,0.0442,0.0,0.0
2025-07-25T08:16:44.890776,okx,0.04412,0.04416,1300.0,40.616
2025-07-25T08:16:45.008576,okx,0.04412,0.04416,1300.0,83.4
2025-07-25T08:16:45.010971,gateio,0.0441,0.04413,1201.0,2865.0
2025-07-25T08:16:45.032890,gateio,0.0441,0.04415,1201.0,104.0
2025-07-25T08:16:45.063737,ascendex,0.04336,0.0,6184.0,0.0
2025-07-25T08:16:45.071173,bybit,0.04412,0.0,2023.0,0.0
2025-07-25T08:16:45.077028,blofin,0.04409,0.04412,640.0,473.0
2025-07-25T08:16:45.136079,bingx,0.0442,0.0443,554.0,670.8
2025-07-25T08:16:45.153123,okx,0.04413,0.04416,1300.0,40.616
2025-07-25T08:16:45.155863,bitmart,0.04335,0.04486,2020.0,1585.0
2025-07-25T08:16:45.171151,bybit,0.04412,0.0,1257.0,0.0
2025-07-25T08:16:45.188065,bitget,0.0441,0.04413,21826.0,44165.0
2025-07-25T08:16:45.257842,okx,0.04413,0.04416,1300.0,83.4
2025-07-25T08:16:45.281091,gateio,0.0441,0.04415,1201.0,2410.0
2025-07-25T08:16:45.286613,lbank,0.0442,0.0443,147426.33,309860.28
2025-07-25T08:16:45.338057,bitget,0.04411,0.04413,25706.0,44737.0
2025-07-25T08:16:45.371732,ascendex,0.04366,0.0446,22910.0,0.0
2025-07-25T08:16:45.392471,okx,0.04413,0.04416,1300.0,40.616
2025-07-25T08:16:45.488152,bitget,0.04411,0.04413,25706.0,44737.0
2025-07-25T08:16:45.570640,blofin,0.04409,0.04412,357.0,333.0
2025-07-25T08:16:45.591361,mexc,0.0441,0.04411,2668924.0,2668924.0
2025-07-25T08:16:45.638600,bitget,0.04411,0.04413,26264.0,44737.0
2025-07-25T08:16:45.672045,lbank,0.0442,0.0443,147426.33,309860.28
2025-07-25T08:16:45.680911,ascendex,0.04329,0.0,0.0,0.0
2025-07-25T08:16:45.797140,binance,0.0442,0.0442,0.0,0.0
2025-07-25T08:16:45.870594,bybit,0.04412,0.0,2023.0,0.0
2025-07-25T08:16:45.990440,ascendex,0.04344,0.0,460.0,0.0
2025-07-25T08:16:46.039400,bingx,0.0442,0.0443,554.0,670.8
2025-07-25T08:16:46.083846,blofin,0.0441,0.04412,353.0,4.0
2025-07-25T08:16:46.130218,bitmart,0.04338,0.04485,334.0,6708.0
2025-07-25T08:16:46.171649,bybit,0.04412,0.0,1257.0,0.0
2025-07-25T08:16:46.172147,lbank,0.0442,0.0443,147426.33,309860.28
2025-07-25T08:16:46.470814,bybit,0.04412,0.0,2023.0,0.0
2025-07-25T08:16:46.538589,bitget,0.04411,0.04413,26264.0,44737.0
2025-07-25T08:16:46.565766,blofin,0.0441,0.04412,51.0,4.0
2025-07-25T08:16:46.570697,bybit,0.04412,0.0,1257.0,0.0
2025-07-25T08:16:46.688731,bitget,0.04411,0.04413,26264.0,44737.0
2025-07-25T08:16:46.798256,binance,0.0442,0.0442,0.0,0.0
2025-07-25T08:16:46.941712,bingx,0.0442,0.0443,554.0,670.8
2025-07-25T08:16:47.082809,blofin,0.0441,0.04412,73.0,2.0
2025-07-25T08:16:47.144320,bitget,0.04411,0.04413,26264.0,44737.0
2025-07-25T08:16:47.170884,bybit,0.04412,0.0,2023.0,0.0
2025-07-25T08:16:47.178108,lbank,0.0442,0.0443,147426.33,309860.28
2025-07-25T08:16:47.198413,bitmart,0.04338,0.04485,411.0,5635.0
2025-07-25T08:16:47.559130,blofin,0.0441,0.04412,73.0,2.0
2025-07-25T08:16:47.670141,lbank,0.0442,0.0443,147426.33,309860.28
2025-07-25T08:16:47.839936,bingx,0.0442,0.0443,554.0,670.8
2025-07-25T08:16:47.960739,mexc,0.0441,0.04411,2668924.0,2668924.0
2025-07-25T08:16:48.063438,blofin,0.0441,0.04412,203.0,2.0
2025-07-25T08:16:48.071197,bybit,0.0,0.0,0.0,0.0
2025-07-25T08:16:48.094146,bitmart,0.04338,0.04485,1331.0,3764.0
2025-07-25T08:16:48.185517,lbank,0.0442,0.0443,147426.33,309860.28
2025-07-25T08:16:48.194382,bitget,0.04411,0.04413,26264.0,44737.0
2025-07-25T08:16:48.339712,bitget,0.04411,0.04413,36234.0,44737.0
2025-07-25T08:16:48.370681,bybit,0.04413,0.04416,928.0,39208.0
2025-07-25T08:16:48.389680,okx,0.04414,0.04417,1300.0,1521.252
2025-07-25T08:16:48.394888,gateio,0.04411,0.04415,1135.0,2306.0
2025-07-25T08:16:48.411520,gateio,0.04411,0.04415,1201.0,2306.0
2025-07-25T08:16:48.470624,bybit,0.04413,0.0,704.0,0.0
2025-07-25T08:16:48.490993,bitget,0.04412,0.04413,15706.0,572.0
2025-07-25T08:16:48.503523,ascendex,0.0,0.04456,0.0,0.0
2025-07-25T08:16:48.505089,okx,0.04414,0.04417,1300.0,1521.252
2025-07-25T08:16:48.555243,blofin,0.0441,0.04412,203.0,2.0
2025-07-25T08:16:48.620872,okx,0.04414,0.04418,1300.0,6035.398
2025-07-25T08:16:48.639906,bitget,0.04412,0.04414,25706.0,34737.0
2025-07-25T08:16:48.671289,bybit,0.0,0.04416,0.0,41393.0
2025-07-25T08:16:48.680363,lbank,0.0442,0.0443,147426.33,309860.28
2025-07-25T08:16:48.743095,bingx,0.0442,0.0443,554.0,670.8
2025-07-25T08:16:48.770636,bybit,0.0,0.04416,0.0,41010.0
2025-07-25T08:16:48.790517,bitget,0.04412,0.04414,25706.0,34737.0
2025-07-25T08:16:48.797640,binance,0.0442,0.0442,0.0,0.0
2025-07-25T08:16:48.821352,ascendex,0.04367,0.0446,22904.0,56028.0
2025-07-25T08:16:48.873127,bybit,0.0,0.04416,0.0,41393.0
2025-07-25T08:16:48.942773,bitget,0.04412,0.04414,26264.0,34737.0
2025-07-25T08:16:48.994939,okx,0.04414,0.04418,1300.0,7968.292
2025-07-25T08:16:49.045490,bingx,0.0442,0.0443,554.0,670.8
2025-07-25T08:16:49.073172,bybit,0.0,0.04416,0.0,41010.0
2025-07-25T08:16:49.086910,blofin,0.0441,0.04412,203.0,2.0
2025-07-25T08:16:49.091819,bitget,0.04412,0.04414,26264.0,34737.0
2025-07-25T08:16:49.136458,bitmart,0.04339,0.04486,2487.0,7333.0
2025-07-25T08:16:49.171331,bybit,0.04413,0.0,1087.0,0.0
2025-07-25T08:16:49.174409,lbank,0.0442,0.0443,147426.33,309860.28
2025-07-25T08:16:49.240385,bitget,0.04413,0.04414,10000.0,34737.0
2025-07-25T08:16:49.270556,bybit,0.04415,0.0,704.0,0.0
2025-07-25T08:16:49.322878,okx,0.04414,0.04418,1300.0,5434.475
2025-07-25T08:16:49.370631,bybit,0.04415,0.0,808.0,0.0
2025-07-25T08:16:49.393520,bitget,0.04413,0.04414,19970.0,572.0
2025-07-25T08:16:49.444242,okx,0.04415,0.04419,1300.0,18114.915
2025-07-25T08:16:49.540372,bitget,0.04413,0.04415,19970.0,34737.0
2025-07-25T08:16:49.560584,okx,0.04415,0.04419,1300.0,13586.443
2025-07-25T08:16:49.575196,blofin,0.04411,0.04412,980.0,2.0
2025-07-25T08:16:49.672918,lbank,0.0442,0.0443,147426.33,309860.28
2025-07-25T08:16:49.691562,bitget,0.04413,0.04415,19970.0,34737.0
2025-07-25T08:16:49.782411,ascendex,0.04368,0.04462,22899.0,0.0
2025-07-25T08:16:49.797933,binance,0.0442,0.0442,0.0,0.0
2025-07-25T08:16:49.843945,bitget,0.04413,0.04415,20528.0,34737.0
2025-07-25T08:16:49.870838,bybit,0.0,0.0,0.0,0.0
2025-07-25T08:16:49.962332,bingx,0.0442,0.0443,554.0,670.8
2025-07-25T08:16:50.067123,blofin,0.04412,0.04414,631.0,5.0
2025-07-25T08:16:50.132957,bitmart,0.04338,0.04489,10188.0,1985.0
2025-07-25T08:16:50.171184,bybit,0.0,0.0,0.0,0.0
2025-07-25T08:16:50.281149,lbank,0.0442,0.0443,147426.33,309860.28
2025-07-25T08:16:50.291005,bitget,0.04413,0.04415,20528.0,44737.0
2025-07-25T08:16:50.336281,mexc,0.04411,0.04412,2668924.0,2668924.0
2025-07-25T08:16:50.420733,ascendex,0.0,0.04466,0.0,11439.0
2025-07-25T08:16:50.557075,blofin,0.04412,0.04415,1556.0,350.0
2025-07-25T08:16:50.570653,bybit,0.0,0.04416,0.0,41095.0
2025-07-25T08:16:50.671104,lbank,0.0442,0.0443,147426.33,309860.28
2025-07-25T08:16:50.796460,binance,0.0442,0.0442,0.0,0.0
2025-07-25T08:16:50.848692,bingx,0.0442,0.0443,554.0,670.8
2025-07-25T08:16:50.870581,bybit,0.04415,0.0,704.0,0.0
2025-07-25T08:16:50.970873,bybit,0.0,0.04416,0.0,41390.0
2025-07-25T08:16:51.067627,blofin,0.04412,0.04415,1556.0,347.0
2025-07-25T08:16:51.147817,bitmart,0.04338,0.04489,6751.0,1927.0
2025-07-25T08:16:51.179827,lbank,0.0442,0.0443,147426.33,309860.28
2025-07-25T08:16:51.565345,blofin,0.04412,0.04415,943.0,347.0
2025-07-25T08:16:51.675035,lbank,0.0442,0.0443,147426.33,309860.28
2025-07-25T08:16:51.752545,bingx,0.0442,0.0443,554.0,670.8
2025-07-25T08:16:51.770885,bybit,0.04415,0.0,763.0,0.0
2025-07-25T08:16:51.797383,binance,0.0442,0.0442,0.0,0.0
2025-07-25T08:16:51.971168,bybit,0.0,0.0,0.0,0.0
2025-07-25T08:16:52.063998,blofin,0.04412,0.04415,943.0,290.0
2025-07-25T08:16:52.145883,bitmart,0.04338,0.04489,4795.0,1547.0
2025-07-25T08:16:52.176498,lbank,0.0442,0.0443,147426.33,309860.28
2025-07-25T08:16:52.270564,bybit,0.0,0.0,0.0,0.0
2025-07-25T08:16:52.371428,bybit,0.04415,0.0,1146.0,0.0
2025-07-25T08:16:52.471730,bybit,0.04415,0.04416,1529.0,39588.0
2025-07-25T08:16:52.493918,okx,0.04415,0.04419,1300.0,4528.472
2025-07-25T08:16:52.542759,bitget,0.04413,0.04415,20528.0,572.0
2025-07-25T08:16:52.569826,blofin,0.04412,0.04415,943.0,293.0
2025-07-25T08:16:52.616975,gateio,0.04411,0.04415,1201.0,1306.0
2025-07-25T08:16:52.628402,gateio,0.04411,0.04417,1201.0,105.0
2025-07-25T08:16:52.633829,ascendex,0.0,0.04458,0.0,0.0
2025-07-25T08:16:52.665420,bingx,0.0442,0.0443,554.0,670.8
2025-07-25T08:16:52.673958,lbank,0.0442,0.0443,147426.33,309860.28
2025-07-25T08:16:52.698266,bitget,0.04414,0.04416,25706.0,45433.0
2025-07-25T08:16:52.701478,mexc,0.04411,0.04412,2668924.0,2668924.0
2025-07-25T08:16:52.771554,bybit,0.04415,0.0,1146.0,0.0
2025-07-25T08:16:52.796956,binance,0.0442,0.0442,0.0,0.0
2025-07-25T08:16:52.801670,okx,0.04416,0.04419,1300.0,4528.472
2025-07-25T08:16:52.951468,ascendex,0.04369,0.04462,22894.0,0.0
2025-07-25T08:16:52.992629,bitget,0.04414,0.04416,25706.0,46005.0
2025-07-25T08:16:53.062388,blofin,0.04412,0.04415,943.0,293.0
2025-07-25T08:16:53.076353,bybit,0.04415,0.0,1529.0,0.0
2025-07-25T08:16:53.112522,bitmart,0.04338,0.04491,15353.0,12514.0
2025-07-25T08:16:53.171613,bybit,0.04415,0.0,1146.0,0.0
2025-07-25T08:16:53.175144,lbank,0.0442,0.0443,147426.33,309860.28
2025-07-25T08:16:53.261914,ascendex,0.0,0.04473,0.0,0.0
2025-07-25T08:16:53.291551,okx,0.04415,0.04419,2709.498,4528.472
2025-07-25T08:16:53.293106,gateio,0.04411,0.04417,1201.0,1258.0
2025-07-25T08:16:53.293366,bitget,0.04414,0.04416,25706.0,56005.0
2025-07-25T08:16:53.394587,okx,0.04416,0.04419,1300.0,4528.472
2025-07-25T08:16:53.563230,blofin,0.04413,0.04415,1225.0,5.0
2025-07-25T08:16:53.563262,bingx,0.0442,0.0443,554.0,670.8
2025-07-25T08:16:53.570867,ascendex,0.04354,0.04466,4778.0,2853.0
2025-07-25T08:16:53.646966,gateio,0.04414,0.04417,1135.0,1258.0
2025-07-25T08:16:53.670492,bybit,0.04415,0.0,1529.0,0.0
2025-07-25T08:16:53.678448,lbank,0.0442,0.0443,147426.33,309860.28
2025-07-25T08:16:53.694767,gateio,0.04414,0.04417,1267.0,1258.0
2025-07-25T08:16:53.748020,bitget,0.04414,0.04416,25706.0,44737.0
2025-07-25T08:16:53.893291,bitget,0.04415,0.04416,15706.0,44737.0
2025-07-25T08:16:53.970760,bybit,0.04415,0.0,2950.0,0.0
2025-07-25T08:16:54.050576,bitget,0.04415,0.04416,25706.0,44737.0
2025-07-25T08:16:54.071512,bybit,0.04415,0.0,2567.0,0.0
2025-07-25T08:16:54.083424,blofin,0.04413,0.04416,1225.0,42.0
2025-07-25T08:16:54.193258,bitget,0.04415,0.04416,25706.0,44165.0
2025-07-25T08:16:54.197569,bitmart,0.04401,0.04486,8326.0,8324.0
2025-07-25T08:16:54.200876,ascendex,0.04352,0.0,0.0,0.0
2025-07-25T08:16:54.271360,bybit,0.04415,0.0,2950.0,0.0
2025-07-25T08:16:54.343025,bitget,0.04415,0.04416,25706.0,44165.0
2025-07-25T08:16:54.463475,bingx,0.0442,0.0443,554.0,670.8
2025-07-25T08:16:54.552430,blofin,0.04413,0.04415,971.0,332.0
2025-07-25T08:16:54.671539,bybit,0.04415,0.0,1146.0,0.0
2025-07-25T08:16:54.675280,lbank,0.0442,0.0443,147426.33,309860.28
2025-07-25T08:16:54.798544,binance,0.0442,0.0442,0.0,0.0
2025-07-25T08:16:55.068899,blofin,0.04413,0.04415,971.0,332.0
2025-07-25T08:16:55.070598,bybit,0.0,0.04416,0.0,39586.0
2025-07-25T08:16:55.118889,mexc,0.04413,0.04415,2668924.0,2668924.0
2025-07-25T08:16:55.137039,bitmart,0.04401,0.04491,8326.0,12514.0
2025-07-25T08:16:55.244306,bitget,0.04415,0.04416,25706.0,44165.0
2025-07-25T08:16:55.274917,lbank,0.0442,0.0443,166231.29,217460.04
2025-07-25T08:16:55.369447,bingx,0.0442,0.0443,554.0,670.8
2025-07-25T08:16:55.371498,bybit,0.04415,0.0,2950.0,0.0
2025-07-25T08:16:55.394250,bitget,0.04415,0.04416,25706.0,34165.0
2025-07-25T08:16:55.471381,bybit,0.04415,0.0,2567.0,0.0
2025-07-25T08:16:55.571979,blofin,0.04413,0.04416,1101.0,13.0
2025-07-25T08:16:55.675766,lbank,0.0442,0.0443,166231.29,217460.04
2025-07-25T08:16:56.071445,blofin,0.04413,0.04416,1104.0,13.0
2025-07-25T08:16:56.137449,bitmart,0.04401,0.04491,8326.0,12514.0
2025-07-25T08:16:56.152513,bitget,0.04415,0.04416,25706.0,44165.0
2025-07-25T08:16:56.170995,bybit,0.0,0.0,0.0,0.0
2025-07-25T08:16:56.178993,lbank,0.0442,0.0443,166231.29,217460.04
2025-07-25T08:16:56.265692,bingx,0.0442,0.0443,554.0,670.8
2025-07-25T08:16:56.370681,bybit,0.04415,0.0,7479.0,0.0
2025-07-25T08:16:56.444705,bitget,0.04415,0.04417,25706.0,34737.0
2025-07-25T08:16:56.554436,okx,0.04416,0.04419,2118.185,4528.472
2025-07-25T08:16:56.559075,blofin,0.04413,0.04416,1634.0,13.0
2025-07-25T08:16:56.597028,bitget,0.04415,0.04417,25706.0,34737.0
2025-07-25T08:16:56.623525,gateio,0.04414,0.04417,132.0,1258.0
2025-07-25T08:16:56.671664,bybit,0.04415,0.0,2567.0,0.0
2025-07-25T08:16:56.672759,lbank,0.0442,0.0443,166231.29,217460.04
2025-07-25T08:16:56.731713,ascendex,0.0437,0.04466,22889.0,0.0
2025-07-25T08:16:56.745466,bitget,0.04415,0.04416,25706.0,34165.0
2025-07-25T08:16:56.770671,bybit,0.04415,0.0,1146.0,0.0
2025-07-25T08:16:56.793560,okx,0.04416,0.04419,1300.0,4528.472
2025-07-25T08:16:56.895191,bitget,0.04415,0.04416,25706.0,44165.0
2025-07-25T08:16:57.046165,bitget,0.04415,0.04416,25706.0,44165.0
2025-07-25T08:16:57.055853,ascendex,0.04369,0.0,0.0,0.0
2025-07-25T08:16:57.065291,blofin,0.04413,0.04416,1389.0,2.0
2025-07-25T08:16:57.070710,bybit,0.04415,0.0,1529.0,0.0
2025-07-25T08:16:57.163368,bitmart,0.04368,0.0449,14128.0,928.0
2025-07-25T08:16:57.170212,bingx,0.0442,0.0443,554.0,670.8
2025-07-25T08:16:57.212595,gateio,0.04414,0.04417,132.0,1257.0
2025-07-25T08:16:57.270706,bybit,0.04417,0.04418,704.0,28.0
2025-07-25T08:16:57.292734,okx,0.04416,0.04421,1300.0,4081.725
2025-07-25T08:16:57.294923,gateio,0.04414,0.04418,132.0,1.0
2025-07-25T08:16:57.295288,gateio,0.04415,0.04418,1135.0,1.0
2025-07-25T08:16:57.323044,gateio,0.04415,0.04418,1135.0,578.0
2025-07-25T08:16:57.348991,bitget,0.04416,0.04418,44165.0,45433.0
2025-07-25T08:16:57.363627,ascendex,0.04362,0.0,33734.0,0.0
2025-07-25T08:16:57.370685,bybit,0.04417,0.0,1470.0,0.0
2025-07-25T08:16:57.391504,okx,0.04417,0.0442,3530.493,4526.423
2025-07-25T08:16:57.494630,okx,0.04418,0.04421,1300.0,1585.732
2025-07-25T08:16:57.495771,bitget,0.04416,0.04419,44165.0,47877.0
2025-07-25T08:16:57.501156,mexc,0.04413,0.04415,2668924.0,2668924.0
2025-07-25T08:16:57.569034,blofin,0.04413,0.04416,679.0,736.0
2025-07-25T08:16:57.651075,bitget,0.04417,0.04418,15706.0,572.0
2025-07-25T08:16:57.670646,bybit,0.0,0.0,0.0,0.0
2025-07-25T08:16:57.673505,ascendex,0.04372,0.0446,22883.0,0.0
2025-07-25T08:16:57.674156,lbank,0.0442,0.0443,166231.29,217460.04
2025-07-25T08:16:57.795518,binance,0.0442,0.0442,0.0,0.0
2025-07-25T08:16:57.795813,bitget,0.04417,0.04418,25706.0,10572.0
2025-07-25T08:16:57.947319,bitget,0.04417,0.04418,25706.0,10000.0
2025-07-25T08:16:57.970499,bybit,0.0,0.0,0.0,0.0
2025-07-25T08:16:57.981715,ascendex,0.04349,0.04466,0.0,12582.0
2025-07-25T08:16:58.068437,blofin,0.04415,0.04416,961.0,2.0
2025-07-25T08:16:58.076991,bingx,0.0442,0.0443,554.0,670.8
2025-07-25T08:16:58.150250,bitmart,0.04341,0.04494,10113.0,10392.0
2025-07-25T08:16:58.174028,lbank,0.0442,0.0443,166231.29,217460.04
2025-07-25T08:16:58.262443,bitget,0.04417,0.04418,25706.0,10000.0
2025-07-25T08:16:58.292021,ascendex,0.0,0.04474,0.0,10965.0
2025-07-25T08:16:58.572328,blofin,0.04416,0.04419,674.0,744.0
2025-07-25T08:16:58.601499,ascendex,0.0,0.04474,0.0,32310.0
2025-07-25T08:16:58.675248,lbank,0.0442,0.0443,166231.29,217460.04
2025-07-25T08:16:58.697056,bitget,0.04417,0.04418,15706.0,10000.0
2025-07-25T08:16:58.796960,binance,0.0442,0.0442,0.0,0.0
2025-07-25T08:16:58.976057,bingx,0.0442,0.0443,554.0,670.8
2025-07-25T08:16:58.994147,ascendex,0.0,0.04474,0.0,25728.0
2025-07-25T08:16:59.068714,blofin,0.04416,0.04419,679.0,748.0
2025-07-25T08:16:59.138177,bitmart,0.04341,0.04494,10113.0,10392.0
2025-07-25T08:16:59.174474,lbank,0.0442,0.0443,166231.29,217460.04
2025-07-25T08:16:59.252732,ascendex,0.0,0.04474,0.0,24220.0
2025-07-25T08:16:59.287829,bingx,0.0442,0.0443,554.0,670.8
2025-07-25T08:16:59.445495,okx,0.04419,0.04421,1300.0,18.063
2025-07-25T08:16:59.450608,gateio,0.04416,0.04424,1135.0,185.0
2025-07-25T08:16:59.540726,blofin,0.04416,0.04419,315.0,739.0
2025-07-25T08:16:59.552391,ascendex,0.0,0.04462,0.0,0.0
2025-07-25T08:16:59.559228,okx,0.0442,0.04422,1300.0,90.917
2025-07-25T08:16:59.597570,bitget,0.04418,0.04419,10000.0,82.0
2025-07-25T08:16:59.675133,lbank,0.0442,0.0443,166231.29,217460.04
2025-07-25T08:16:59.750858,bitget,0.04418,0.04419,10000.0,34247.0
2025-07-25T08:16:59.797694,binance,0.0442,0.0442,0.0,0.0
2025-07-25T08:16:59.881058,ascendex,0.0,0.0448,0.0,22603.0
2025-07-25T08:16:59.894989,mexc,0.04416,0.04417,2668924.0,2668924.0
2025-07-25T08:16:59.916139,okx,0.04419,0.04422,1300.0,90.917
2025-07-25T08:17:00.026471,okx,0.04419,0.04422,1300.0,90.917
2025-07-25T08:17:00.048628,bitget,0.04417,0.04419,558.0,34247.0
2025-07-25T08:17:00.070939,bybit,0.04417,0.0,704.0,0.0
2025-07-25T08:17:00.089753,blofin,0.04416,0.04419,311.0,670.0
2025-07-25T08:17:00.104743,bitmart,0.04342,0.04493,1807.0,59.0
2025-07-25T08:17:00.157698,okx,0.04419,0.04422,1300.0,4615.292
2025-07-25T08:17:00.183896,gateio,0.04416,0.04423,1135.0,111.0
2025-07-25T08:17:00.183950,ascendex,0.0,0.04463,0.0,30071.0
2025-07-25T08:17:00.187757,bingx,0.0442,0.0443,554.0,670.8
2025-07-25T08:17:00.194712,gateio,0.04415,0.04422,1135.0,111.0
2025-07-25T08:17:00.196810,bitget,0.04417,0.04419,10558.0,44247.0
2025-07-25T08:17:00.271043,bybit,0.0,0.04418,0.0,411.0
2025-07-25T08:17:00.290883,lbank,0.0442,0.0443,166231.29,217460.04
2025-07-25T08:17:00.349993,bitget,0.04416,0.04418,44165.0,34165.0
2025-07-25T08:17:00.395862,okx,0.04418,0.04421,1300.0,3413.944
2025-07-25T08:17:00.471421,bybit,0.0,0.04418,0.0,28.0
2025-07-25T08:17:00.494342,ascendex,0.04372,0.04462,0.0,28008.0
2025-07-25T08:17:00.505177,bitget,0.04416,0.04417,44165.0,10000.0
2025-07-25T08:17:00.551979,blofin,0.04416,0.04419,311.0,1465.0
2025-07-25T08:17:00.570480,bybit,0.0,0.04418,0.0,411.0
2025-07-25T08:17:00.647854,bitget,0.04416,0.04417,44165.0,10000.0
2025-07-25T08:17:00.671087,bybit,0.0,0.04418,0.0,28.0
2025-07-25T08:17:00.677290,lbank,0.0442,0.0443,166231.29,217460.04
2025-07-25T08:17:00.694586,okx,0.04418,0.04421,1300.0,1413.944
2025-07-25T08:17:00.797153,binance,0.0442,0.0442,0.0,0.0
2025-07-25T08:17:00.823862,ascendex,0.04364,0.04461,22931.0,28014.0
2025-07-25T08:17:00.970757,bybit,0.0,0.0,0.0,0.0
2025-07-25T08:17:01.055584,gateio,0.04415,0.04422,1135.0,292.0
2025-07-25T08:17:01.083926,blofin,0.04416,0.04419,311.0,1465.0
2025-07-25T08:17:01.091146,bingx,0.0442,0.0443,554.0,670.8
2025-07-25T08:17:01.135585,ascendex,0.04368,0.04498,4555.0,8676.0
2025-07-25T08:17:01.159866,bitmart,0.0434,0.04491,2478.0,1658.0
2025-07-25T08:17:01.252850,bitget,0.04415,0.04417,10558.0,10000.0
2025-07-25T08:17:01.345270,gateio,0.04415,0.04422,1135.0,580.0
2025-07-25T08:17:01.396309,okx,0.04416,0.04421,1300.0,9050.797
2025-07-25T08:17:01.397693,bitget,0.04415,0.04417,10558.0,44165.0
2025-07-25T08:17:01.503936,okx,0.04417,0.04422,1300.0,13668.137
2025-07-25T08:17:01.525236,gateio,0.04416,0.04422,1135.0,580.0
2025-07-25T08:17:01.548224,bitget,0.04415,0.04417,10558.0,10572.0
2025-07-25T08:17:01.550654,gateio,0.04416,0.04421,1135.0,111.0
2025-07-25T08:17:01.567456,blofin,0.04414,0.04417,466.0,237.0
2025-07-25T08:17:01.570615,bybit,0.04417,0.0,2023.0,0.0
2025-07-25T08:17:01.571367,gateio,0.04416,0.0442,1135.0,111.0
2025-07-25T08:17:01.590860,gateio,0.04416,0.04419,1267.0,111.0
2025-07-25T08:17:01.609732,okx,0.04418,0.04422,1300.0,90.917
2025-07-25T08:17:01.675592,lbank,0.0442,0.0443,166231.29,217460.04
2025-07-25T08:17:01.697712,bitget,0.04416,0.04419,15706.0,51250.0
2025-07-25T08:17:01.769379,ascendex,0.0,0.04461,0.0,0.0
2025-07-25T08:17:01.796967,binance,0.0442,0.0442,0.0,0.0
2025-07-25T08:17:01.849071,bitget,0.04417,0.04419,10000.0,34247.0
2025-07-25T08:17:01.986077,bingx,0.0442,0.0443,554.0,670.8
2025-07-25T08:17:01.999038,bitget,0.04417,0.04419,10000.0,34819.0
2025-07-25T08:17:02.059033,okx,0.04418,0.04422,2118.185,90.917
2025-07-25T08:17:02.062536,ascendex,0.04372,0.0,22878.0,0.0
2025-07-25T08:17:02.075264,blofin,0.04414,0.04417,466.0,241.0
2025-07-25T08:17:02.139243,bitmart,0.04342,0.04493,2235.0,5420.0
2025-07-25T08:17:02.152246,bitget,0.04417,0.04419,18990.0,34819.0
2025-07-25T08:17:02.170879,bybit,0.0,0.0,0.0,0.0
2025-07-25T08:17:02.177390,lbank,0.0442,0.0443,166231.29,217460.04
2025-07-25T08:17:02.192876,okx,0.04419,0.04422,1300.0,90.917
2025-07-25T08:17:02.300655,okx,0.04418,0.04422,2118.185,90.917
2025-07-25T08:17:02.306835,mexc,0.04416,0.04417,2675812.0,2675812.0
2025-07-25T08:17:02.397994,okx,0.04419,0.04422,1300.0,90.917
2025-07-25T08:17:02.448608,bitget,0.04417,0.04419,21451.0,34819.0
2025-07-25T08:17:02.499522,okx,0.04418,0.04422,2118.185,90.917
2025-07-25T08:17:02.556582,blofin,0.04416,0.04417,724.0,4.0
2025-07-25T08:17:02.606293,okx,0.04419,0.04422,1300.0,90.917
2025-07-25T08:17:02.679113,lbank,0.0442,0.0443,166231.29,217460.04
2025-07-25T08:17:02.742973,gateio,0.04416,0.04419,132.0,111.0
2025-07-25T08:17:02.770590,bybit,0.04417,0.0,1257.0,0.0
2025-07-25T08:17:02.888054,bingx,0.0442,0.0443,554.0,670.8
2025-07-25T08:17:02.900117,okx,0.04418,0.04422,1300.0,6032.008
2025-07-25T08:17:02.900557,bitget,0.04417,0.04418,2461.0,34165.0
2025-07-25T08:17:02.994244,okx,0.04418,0.04422,1300.0,90.917
2025-07-25T08:17:03.001659,ascendex,0.04372,0.0,0.0,0.0
2025-07-25T08:17:03.049411,bitget,0.04417,0.04418,2461.0,10000.0
2025-07-25T08:17:03.071155,bybit,0.04417,0.0,1640.0,0.0
2025-07-25T08:17:03.091524,blofin,0.04416,0.04417,729.0,4.0
2025-07-25T08:17:03.147879,gateio,0.04416,0.04419,66.0,111.0
2025-07-25T08:17:03.157814,bitmart,0.04341,0.04492,2674.0,948.0
2025-07-25T08:17:03.163416,gateio,0.04414,0.04419,1.0,111.0
2025-07-25T08:17:03.170541,bybit,0.04417,0.0,704.0,0.0
2025-07-25T08:17:03.179853,lbank,0.0442,0.0443,166231.29,217460.04
2025-07-25T08:17:03.190936,gateio,0.04415,0.04418,1135.0,111.0
2025-07-25T08:17:03.200065,bitget,0.04417,0.04418,2461.0,55433.0
2025-07-25T08:17:03.210703,gateio,0.04415,0.04417,1135.0,111.0
2025-07-25T08:17:03.268797,okx,0.04417,0.04421,4010.272,5941.979
2025-07-25T08:17:03.333806,ascendex,0.0,0.04474,0.0,2875.0
2025-07-25T08:17:03.349215,bitget,0.04417,0.04418,2461.0,55433.0
2025-07-25T08:17:03.395217,okx,0.04417,0.04421,1300.0,4524.886
2025-07-25T08:17:03.493660,bingx,0.0442,0.0443,554.0,670.8
2025-07-25T08:17:03.499221,bitget,0.04417,0.04418,2461.0,56005.0
2025-07-25T08:17:03.562631,blofin,0.04416,0.04418,5.0,183.0
2025-07-25T08:17:03.632467,ascendex,0.04362,0.0446,0.0,28014.0
2025-07-25T08:17:03.684223,lbank,0.0442,0.0443,166231.29,217460.04
2025-07-25T08:17:03.795230,binance,0.0442,0.0442,0.0,0.0
2025-07-25T08:17:03.943056,ascendex,0.04368,0.0,13551.0,0.0
2025-07-25T08:17:03.992694,gateio,0.04415,0.04419,1135.0,103.0
2025-07-25T08:17:04.070925,blofin,0.04414,0.04417,1379.0,5924.0
2025-07-25T08:17:04.134575,bitmart,0.04401,0.04488,8326.0,8326.0
2025-07-25T08:17:04.177080,lbank,0.0442,0.0443,166231.29,217460.04
2025-07-25T08:17:04.249640,bitget,0.04417,0.04418,12461.0,56005.0
2025-07-25T08:17:04.271176,ascendex,0.04361,0.0449,0.0,15593.0
2025-07-25T08:17:04.392601,bingx,0.0442,0.0443,554.0,670.8
2025-07-25T08:17:04.399750,bitget,0.04417,0.04418,2461.0,56005.0
2025-07-25T08:17:04.559413,blofin,0.04414,0.04417,330.0,6259.0
2025-07-25T08:17:04.570561,bybit,0.0,0.0,0.0,0.0
2025-07-25T08:17:04.581501,ascendex,0.0,0.04495,0.0,0.0
2025-07-25T08:17:04.672275,mexc,0.04416,0.04417,2675812.0,2675812.0
2025-07-25T08:17:04.676287,lbank,0.0442,0.0443,166231.29,217460.04
2025-07-25T08:17:05.075506,blofin,0.04414,0.04417,330.0,6282.0
2025-07-25T08:17:05.135347,bitmart,0.04401,0.04487,8326.0,5888.0
2025-07-25T08:17:05.170540,bybit,0.0,0.0,0.0,0.0
2025-07-25T08:17:05.212726,ascendex,0.04359,0.0,20487.0,0.0
2025-07-25T08:17:05.267518,lbank,0.0442,0.0443,166231.29,181008.24
2025-07-25T08:17:05.298319,bingx,0.0442,0.0443,554.0,670.8
2025-07-25T08:17:05.365273,gateio,0.04415,0.04419,1135.0,391.0
2025-07-25T08:17:05.470471,bybit,0.0,0.0,0.0,0.0
2025-07-25T08:17:05.519806,ascendex,0.04359,0.04626,19750.0,0.0
2025-07-25T08:17:05.555733,blofin,0.04414,0.04417,330.0,6282.0
2025-07-25T08:17:05.675174,lbank,0.0442,0.0443,166231.29,181008.24
2025-07-25T08:17:05.797703,binance,0.0442,0.0442,0.0,0.0
2025-07-25T08:17:05.851128,okx,0.04419,0.04421,11314.777,4524.886
2025-07-25T08:17:05.918478,bitget,0.04417,0.04418,2461.0,56005.0
2025-07-25T08:17:06.065679,blofin,0.04414,0.04416,331.0,6271.0
2025-07-25T08:17:06.125114,bitmart,0.04401,0.04489,8326.0,25565.0
2025-07-25T08:17:06.177807,lbank,0.0442,0.0443,166231.29,181008.24
2025-07-25T08:17:06.202595,bingx,0.0442,0.0443,554.0,670.8
2025-07-25T08:17:06.331239,gateio,0.04415,0.04418,1135.0,111.0
2025-07-25T08:17:06.342547,gateio,0.04414,0.04417,133.0,111.0
2025-07-25T08:17:06.350990,bitget,0.04415,0.04418,10558.0,56005.0
2025-07-25T08:17:06.370586,bybit,0.0,0.0,0.0,0.0
2025-07-25T08:17:06.461055,okx,0.04419,0.04421,11314.777,10524.887
2025-07-25T08:17:06.503336,bitget,0.04415,0.04417,10558.0,36626.0
2025-07-25T08:17:06.557637,blofin,0.04414,0.04416,331.0,6276.0
2025-07-25T08:17:06.571353,bybit,0.0,0.04418,0.0,794.0
2025-07-25T08:17:06.651224,bitget,0.04415,0.04417,10558.0,46626.0
2025-07-25T08:17:06.670650,bybit,0.0,0.04418,0.0,28.0
2025-07-25T08:17:06.684018,lbank,0.0442,0.0443,166231.29,181008.24
2025-07-25T08:17:06.796376,binance,0.0442,0.0442,0.0,0.0
2025-07-25T08:17:07.047048,mexc,0.04416,0.04418,2675812.0,2675812.0
2025-07-25T08:17:07.067034,blofin,0.04414,0.04416,329.0,6276.0
2025-07-25T08:17:07.105673,bingx,0.0442,0.0443,554.0,670.8
2025-07-25T08:17:07.148477,bitmart,0.04341,0.0449,34301.0,31648.0
2025-07-25T08:17:07.176176,lbank,0.0442,0.0443,166231.29,181008.24
2025-07-25T08:17:07.234831,gateio,0.04415,0.04417,1135.0,111.0
2025-07-25T08:17:07.395018,gateio,0.04415,0.04419,1135.0,391.0
2025-07-25T08:17:07.405206,bingx,0.0442,0.0443,554.0,670.8
2025-07-25T08:17:07.446764,okx,0.04419,0.04421,11314.777,4524.886
2025-07-25T08:17:07.551769,bitget,0.04415,0.04417,10558.0,34165.0
2025-07-25T08:17:07.565997,blofin,0.04414,0.04416,546.0,5.0
2025-07-25T08:17:07.678229,lbank,0.0442,0.0443,166231.29,181008.24
2025-07-25T08:17:07.696938,okx,0.04419,0.04421,11314.777,10552.911
2025-07-25T08:17:07.870853,bybit,0.0,0.04418,0.0,38.0
2025-07-25T08:17:08.060403,blofin,0.04414,0.04416,737.0,5.0
2025-07-25T08:17:08.128774,bitmart,0.04341,0.04489,34301.0,18755.0
2025-07-25T08:17:08.178288,lbank,0.0442,0.0443,166231.29,181008.24
2025-07-25T08:17:08.193350,okx,0.04419,0.04421,11314.777,4524.886
2025-07-25T08:17:08.303573,bitget,0.04415,0.04417,10558.0,34165.0
2025-07-25T08:17:08.306443,bingx,0.0442,0.0443,554.0,670.8
2025-07-25T08:17:08.452147,bitget,0.04415,0.04417,10558.0,34165.0
2025-07-25T08:17:08.566955,blofin,0.04414,0.04416,740.0,5.0
2025-07-25T08:17:08.602598,bitget,0.04415,0.04417,10558.0,34165.0
2025-07-25T08:17:08.797898,binance,0.0442,0.0442,0.0,0.0
2025-07-25T08:17:09.054920,blofin,0.04414,0.04417,740.0,3828.0
2025-07-25T08:17:09.193841,bitmart,0.04342,0.04489,4265.0,25388.0
2025-07-25T08:17:09.208964,bingx,0.0442,0.0443,554.0,670.8
2025-07-25T08:17:09.352391,bitget,0.04415,0.04417,10558.0,34165.0
2025-07-25T08:17:09.425479,mexc,0.04416,0.04418,2675812.0,2675812.0
2025-07-25T08:17:09.503095,bitget,0.04415,0.04417,10558.0,34165.0
2025-07-25T08:17:09.560723,blofin,0.04414,0.04417,740.0,3828.0
2025-07-25T08:17:09.711098,gateio,0.04416,0.04419,1135.0,288.0
2025-07-25T08:17:09.760639,gateio,0.04416,0.04419,132.0,288.0
2025-07-25T08:17:09.771302,bybit,0.04417,0.04418,13297.0,196.0
2025-07-25T08:17:09.796411,binance,0.0442,0.0442,0.0,0.0
2025-07-25T08:17:09.802980,bitget,0.04416,0.04418,26974.0,10572.0
2025-07-25T08:17:09.856232,okx,0.04419,0.04422,12614.777,7624.064
2025-07-25T08:17:09.896403,ascendex,0.04371,0.0446,22883.0,0.0
2025-07-25T08:17:09.954406,bitget,0.04417,0.04419,25706.0,47877.0
2025-07-25T08:17:10.000559,okx,0.04419,0.04422,12614.777,90.917
2025-07-25T08:17:10.086407,blofin,0.04414,0.04416,596.0,3823.0
2025-07-25T08:17:10.099395,okx,0.0442,0.04422,1300.0,90.917
2025-07-25T08:17:10.116906,bitmart,0.04342,0.04491,46016.0,4520.0
2025-07-25T08:17:10.117205,bingx,0.0442,0.0443,554.0,670.8
2025-07-25T08:17:10.120809,bitget,0.04417,0.04419,25706.0,44247.0
2025-07-25T08:17:10.213251,ascendex,0.04368,0.04493,0.0,25578.0
2025-07-25T08:17:10.255434,bitget,0.04417,0.04419,25706.0,44247.0
2025-07-25T08:17:10.296134,lbank,0.0442,0.0443,166231.29,181008.24
2025-07-25T08:17:10.375944,okx,0.04419,0.04422,12614.777,90.917
2025-07-25T08:17:10.527205,ascendex,0.04372,0.04474,22878.0,11826.0
2025-07-25T08:17:10.563694,blofin,0.04415,0.04418,674.0,3.0
2025-07-25T08:17:10.796900,binance,0.0442,0.0442,0.0,0.0
2025-07-25T08:17:10.832544,ascendex,0.04363,0.04474,0.0,30802.0
2025-07-25T08:17:11.014289,bingx,0.0442,0.0443,554.0,670.8
2025-07-25T08:17:11.067761,blofin,0.04416,0.04418,314.0,4.0
2025-07-25T08:17:11.071155,bybit,0.04417,0.0,12531.0,0.0
2025-07-25T08:17:11.096803,bitmart,0.04344,0.04491,2221.0,5646.0
2025-07-25T08:17:11.143285,ascendex,0.0,0.0449,0.0,1095.0
2025-07-25T08:17:11.155220,bitget,0.04417,0.04419,15706.0,44247.0
2025-07-25T08:17:11.171139,bybit,0.04417,0.0,1257.0,0.0
2025-07-25T08:17:11.306180,bitget,0.04417,0.04418,15706.0,34165.0
2025-07-25T08:17:11.317281,okx,0.04419,0.04422,11314.777,9139.667
2025-07-25T08:17:11.452356,ascendex,0.0,0.04474,0.0,2875.0
2025-07-25T08:17:11.454419,bitget,0.04416,0.04418,10558.0,52117.0
2025-07-25T08:17:11.470864,bybit,0.0,0.0,0.0,0.0
2025-07-25T08:17:11.566191,blofin,0.04415,0.04419,314.0,1158.0
2025-07-25T08:17:11.603987,bitget,0.04416,0.04418,10558.0,52117.0
2025-07-25T08:17:11.755323,bitget,0.04416,0.04418,10558.0,52117.0
2025-07-25T08:17:11.760141,ascendex,0.04371,0.04464,0.0,13802.0
2025-07-25T08:17:11.797208,binance,0.0442,0.0442,0.0,0.0
2025-07-25T08:17:11.807171,mexc,0.04415,0.04416,2675812.0,2675812.0
2025-07-25T08:17:11.904503,bitget,0.04416,0.04418,10558.0,52117.0
2025-07-25T08:17:11.917961,bingx,0.0442,0.0443,554.0,670.8
2025-07-25T08:17:12.011392,gateio,0.04416,0.04419,66.0,288.0
2025-07-25T08:17:12.035257,gateio,0.04415,0.04418,1135.0,111.0
2025-07-25T08:17:12.044494,gateio,0.04415,0.04418,1201.0,111.0
2025-07-25T08:17:12.057445,bitget,0.04416,0.04418,10558.0,52117.0
2025-07-25T08:17:12.061238,blofin,0.04415,0.04418,124.0,1515.0
2025-07-25T08:17:12.070657,bybit,0.04417,0.0,704.0,0.0
2025-07-25T08:17:12.081135,ascendex,0.0,0.0449,0.0,0.0
2025-07-25T08:17:12.153814,okx,0.04419,0.04422,11314.777,13664.042
2025-07-25T08:17:12.199839,bitmart,0.04343,0.0449,1462.0,8089.0
2025-07-25T08:17:12.204818,bitget,0.04416,0.04417,10000.0,34165.0
2025-07-25T08:17:12.281852,okx,0.04419,0.04422,11314.777,9139.667
2025-07-25T08:17:12.355650,bitget,0.04416,0.04417,10000.0,34165.0
2025-07-25T08:17:12.371348,bybit,0.0,0.0,0.0,0.0
2025-07-25T08:17:12.391530,ascendex,0.04372,0.04461,0.0,28014.0
2025-07-25T08:17:12.401509,lbank,0.0442,0.0443,166231.29,181008.24
2025-07-25T08:17:12.402763,okx,0.04419,0.04422,11314.777,10587.512
2025-07-25T08:17:12.403213,lbank,0.0442,0.0443,166231.29,181008.24
2025-07-25T08:17:12.456989,gateio,0.04415,0.04418,1267.0,111.0
2025-07-25T08:17:12.511226,bitget,0.04416,0.04417,10000.0,34165.0
2025-07-25T08:17:12.550871,blofin,0.04415,0.04418,124.0,1515.0
2025-07-25T08:17:12.655241,bitget,0.04416,0.04418,10000.0,63385.0
2025-07-25T08:17:12.673457,okx,0.04419,0.04422,11314.777,9139.667
2025-07-25T08:17:12.674346,lbank,0.0442,0.0443,166231.29,181008.24
2025-07-25T08:17:12.703598,ascendex,0.04362,0.04576,0.0,0.0
2025-07-25T08:17:12.797564,binance,0.0442,0.0442,0.0,0.0
2025-07-25T08:17:12.821062,bingx,0.0442,0.0443,554.0,670.8
2025-07-25T08:17:12.970908,bybit,0.0,0.0,0.0,0.0
2025-07-25T08:17:13.022898,ascendex,0.0,0.04462,0.0,0.0
2025-07-25T08:17:13.070005,blofin,0.04415,0.04416,3.0,118.0
2025-07-25T08:17:13.070722,bybit,0.04417,0.0,1087.0,0.0
2025-07-25T08:17:13.139742,bingx,0.0442,0.0443,554.0,670.8
2025-07-25T08:17:13.170512,bybit,0.04417,0.0,704.0,0.0
2025-07-25T08:17:13.177533,lbank,0.0442,0.0443,166231.29,181008.24
2025-07-25T08:17:13.188591,bitmart,0.04342,0.04489,2223.0,6633.0
2025-07-25T08:17:13.270434,bybit,0.0,0.0,0.0,0.0
2025-07-25T08:17:13.341088,ascendex,0.0,0.04464,0.0,30417.0
2025-07-25T08:17:13.559823,blofin,0.04414,0.04418,180.0,118.0
2025-07-25T08:17:13.689648,lbank,0.0442,0.0443,166231.29,181008.24
2025-07-25T08:17:13.770566,bybit,0.0,0.04418,0.0,579.0
2025-07-25T08:17:13.842923,gateio,0.04415,0.04418,132.0,111.0
2025-07-25T08:17:13.854776,gateio,0.04414,0.04418,1.0,111.0
2025-07-25T08:17:13.855578,bitget,0.04415,0.04417,10558.0,34165.0
2025-07-25T08:17:13.870924,bybit,0.04415,0.04417,5000.0,2433.0
2025-07-25T08:17:13.904723,gateio,0.04414,0.04417,1.0,111.0
2025-07-25T08:17:13.937837,gateio,0.04414,0.04416,1.0,111.0
2025-07-25T08:17:13.956541,okx,0.04417,0.0442,127.081,8500.846
2025-07-25T08:17:13.970513,bybit,0.0,0.04417,0.0,2050.0
2025-07-25T08:17:14.006994,bitget,0.04413,0.04416,34165.0,10000.0
2025-07-25T08:17:14.026317,bingx,0.0442,0.0443,554.0,670.8
2025-07-25T08:17:14.065894,okx,0.04416,0.0442,1300.0,8500.846
2025-07-25T08:17:14.070823,bybit,0.0,0.04417,0.0,2433.0
2025-07-25T08:17:14.076990,gateio,0.04414,0.04416,67.0,111.0
2025-07-25T08:17:14.077588,blofin,0.04414,0.04418,180.0,118.0
2025-07-25T08:17:14.144040,bitmart,0.0434,0.04489,49528.0,4875.0
2025-07-25T08:17:14.156425,bitget,0.04414,0.04416,10558.0,44165.0
2025-07-25T08:17:14.170682,bybit,0.0,0.04417,0.0,2050.0
2025-07-25T08:17:14.177488,lbank,0.0442,0.0443,166231.29,181008.24
2025-07-25T08:17:14.200353,mexc,0.04415,0.04416,2675812.0,2675812.0
2025-07-25T08:17:14.270543,bybit,0.04415,0.0,5766.0,0.0
2025-07-25T08:17:14.283848,ascendex,0.04368,0.0446,0.0,28021.0
2025-07-25T08:17:14.301970,okx,0.04416,0.0442,1156.187,143.813
2025-07-25T08:17:14.307766,bitget,0.04414,0.04416,10000.0,10000.0
2025-07-25T08:17:14.400430,okx,0.04416,0.0442,1156.187,143.813
2025-07-25T08:17:14.456180,bitget,0.04414,0.04417,10000.0,68152.0
2025-07-25T08:17:14.544610,blofin,0.04414,0.04415,7.0,816.0
2025-07-25T08:17:14.605988,bitget,0.04414,0.04417,10000.0,44737.0
2025-07-25T08:17:14.632542,bingx,0.0442,0.0443,554.0,670.8
2025-07-25T08:17:14.675303,lbank,0.0442,0.0443,166231.29,181008.24
2025-07-25T08:17:14.759053,bitget,0.04414,0.04417,10558.0,44165.0
2025-07-25T08:17:14.796483,binance,0.0442,0.0442,0.0,0.0
2025-07-25T08:17:14.970603,bybit,0.04415,0.0,5000.0,0.0
2025-07-25T08:17:15.056701,bitget,0.04414,0.04416,10558.0,34165.0
2025-07-25T08:17:15.061204,blofin,0.04414,0.04415,7.0,820.0
2025-07-25T08:17:15.094131,bitmart,0.04341,0.04488,5455.0,5137.0
2025-07-25T08:17:15.171106,bybit,0.0,0.04417,0.0,2433.0
2025-07-25T08:17:15.207130,bitget,0.04414,0.04416,10000.0,44165.0
2025-07-25T08:17:15.235370,ascendex,0.0,0.04562,0.0,0.0
2025-07-25T08:17:15.269100,lbank,0.0442,0.0443,166231.29,181008.24
2025-07-25T08:17:15.270436,bybit,0.04415,0.04417,5383.0,2050.0
2025-07-25T08:17:15.356880,bitget,0.04414,0.04416,10000.0,44165.0
2025-07-25T08:17:15.370879,bybit,0.04415,0.0,5000.0,0.0
2025-07-25T08:17:15.534336,bingx,0.0442,0.0443,554.0,670.8
2025-07-25T08:17:15.559117,blofin,0.04414,0.04416,7.0,537.0
2025-07-25T08:17:15.571070,bybit,0.0,0.04417,0.0,2453.0
2025-07-25T08:17:15.671021,bybit,0.04415,0.04417,5383.0,2070.0
2025-07-25T08:17:15.678062,lbank,0.0442,0.0443,166231.29,181008.24
2025-07-25T08:17:16.058906,blofin,0.04414,0.04416,7.0,537.0
2025-07-25T08:17:16.071197,bybit,0.04415,0.0,5000.0,0.0
2025-07-25T08:17:16.099804,bitmart,0.0434,0.04489,49528.0,38561.0
2025-07-25T08:17:16.134374,bingx,0.0442,0.0443,554.0,670.8
2025-07-25T08:17:16.170441,bybit,0.0,0.04417,0.0,2453.0
2025-07-25T08:17:16.174441,lbank,0.0442,0.0443,166231.29,181008.24
2025-07-25T08:17:16.271003,bybit,0.0,0.0,0.0,0.0
2025-07-25T08:17:16.500007,ascendex,0.04352,0.0,16390.0,0.0
2025-07-25T08:17:16.548747,okx,0.04416,0.0442,1156.187,2143.813
2025-07-25T08:17:16.551048,gateio,0.04414,0.04415,1.0,111.0
2025-07-25T08:17:16.557080,blofin,0.04414,0.04415,7.0,661.0
2025-07-25T08:17:16.571968,bybit,0.0,0.04416,0.0,1654.0
2025-07-25T08:17:16.578563,mexc,0.04415,0.04416,2675812.0,2675812.0
2025-07-25T08:17:16.658030,okx,0.04415,0.04419,1300.0,11053.87
2025-07-25T08:17:16.670463,bybit,0.04415,0.04416,59.0,2037.0
2025-07-25T08:17:16.681025,lbank,0.0442,0.0443,166231.29,181008.24
2025-07-25T08:17:16.711262,bitget,0.04412,0.04414,11268.0,10000.0
2025-07-25T08:17:16.765679,okx,0.04414,0.04418,2707.742,6532.478
2025-07-25T08:17:16.797118,binance,0.0442,0.0442,0.0,0.0
2025-07-25T08:17:16.820607,ascendex,0.0437,0.04458,0.0,28027.0
2025-07-25T08:17:16.858118,bitget,0.04412,0.04414,11826.0,10000.0
2025-07-25T08:17:16.870689,bybit,0.0,0.04416,0.0,1654.0
2025-07-25T08:17:16.995538,okx,0.04415,0.04419,1300.0,11057.971
2025-07-25T08:17:17.014252,bitget,0.04412,0.04414,55991.0,10000.0
2025-07-25T08:17:17.038363,bingx,0.0442,0.0443,554.0,670.8
2025-07-25T08:17:17.066391,blofin,0.04414,0.04415,7.0,685.0
2025-07-25T08:17:17.150690,bitmart,0.04338,0.04488,41494.0,44105.0
2025-07-25T08:17:17.177920,lbank,0.0442,0.0443,166231.29,181008.24
2025-07-25T08:17:17.309512,bitget,0.04412,0.04415,55991.0,44165.0
2025-07-25T08:17:17.399345,gateio,0.04414,0.04415,1.0,399.0
2025-07-25T08:17:17.460868,ascendex,0.04337,0.04495,461.0,0.0
2025-07-25T08:17:17.558638,blofin,0.04414,0.04415,3.0,793.0
2025-07-25T08:17:17.679354,lbank,0.0442,0.0443,166231.29,181008.24
2025-07-25T08:17:17.940010,bingx,0.0442,0.0443,554.0,670.8
2025-07-25T08:17:17.971450,bybit,0.0,0.04416,0.0,1271.0
2025-07-25T08:17:18.056312,blofin,0.04414,0.04415,3.0,793.0
2025-07-25T08:17:18.058665,bitget,0.04413,0.04415,10000.0,44165.0
2025-07-25T08:17:18.071125,bybit,0.0,0.04416,0.0,1654.0
2025-07-25T08:17:18.079857,ascendex,0.04354,0.04453,0.0,0.0
2025-07-25T08:17:18.167566,bitmart,0.04338,0.04487,42614.0,30934.0
2025-07-25T08:17:18.178321,lbank,0.0442,0.0443,166231.29,181008.24
2025-07-25T08:17:18.355001,okx,0.04414,0.04418,2707.742,4032.25
2025-07-25T08:17:18.358687,bitget,0.04413,0.04414,10000.0,34165.0
2025-07-25T08:17:18.400464,ascendex,0.04364,0.0,0.0,0.0
2025-07-25T08:17:18.570578,bybit,0.0,0.04416,0.0,718.0
2025-07-25T08:17:18.577720,blofin,0.04412,0.04414,1.0,789.0
2025-07-25T08:17:18.598128,okx,0.04414,0.04419,2707.742,11057.971
2025-07-25T08:17:18.659522,bitget,0.04413,0.04414,10000.0,10000.0
2025-07-25T08:17:18.684993,lbank,0.0442,0.0443,166231.29,181008.24
2025-07-25T08:17:18.713128,ascendex,0.04338,0.0,44671.0,0.0
2025-07-25T08:17:18.809292,bitget,0.04413,0.04415,10000.0,44165.0
2025-07-25T08:17:18.842424,bingx,0.0442,0.0443,554.0,670.8
2025-07-25T08:17:18.963916,mexc,0.04414,0.04415,2675812.0,2675812.0
2025-07-25T08:17:19.023972,ascendex,0.04361,0.0,22946.0,0.0
2025-07-25T08:17:19.062003,blofin,0.04411,0.04414,392.0,794.0
2025-07-25T08:17:19.138845,bitmart,0.04339,0.04486,3440.0,6003.0
2025-07-25T08:17:19.179982,lbank,0.0442,0.0443,166231.29,181008.24
2025-07-25T08:17:19.305108,okx,0.04415,0.04419,1300.0,11057.971
2025-07-25T08:17:19.330145,ascendex,0.04337,0.0,0.0,0.0
2025-07-25T08:17:19.370491,bybit,0.04415,0.0,612.0,0.0
2025-07-25T08:17:19.551470,okx,0.04415,0.0442,1300.0,11199.733
2025-07-25T08:17:19.564533,blofin,0.04411,0.04414,405.0,291.0
2025-07-25T08:17:19.674994,lbank,0.0442,0.0443,166231.29,181008.24
2025-07-25T08:17:19.752142,bingx,0.0442,0.0443,554.0,670.8
2025-07-25T08:17:19.792322,okx,0.04414,0.0442,2707.742,11199.733
2025-07-25T08:17:19.947363,okx,0.04415,0.0442,1300.0,11199.733
2025-07-25T08:17:20.009706,bitget,0.04413,0.04415,10000.0,34165.0
2025-07-25T08:17:20.072494,blofin,0.04411,0.04414,727.0,4.0
2025-07-25T08:17:20.161275,bitmart,0.04339,0.04486,3606.0,1743.0
2025-07-25T08:17:20.283952,lbank,0.0442,0.0443,166231.29,181008.24
2025-07-25T08:17:20.393972,okx,0.04415,0.0442,2118.185,11199.733
2025-07-25T08:17:20.569167,blofin,0.04411,0.04414,727.0,4.0
2025-07-25T08:17:20.570682,bybit,0.0,0.04416,0.0,1484.0
2025-07-25T08:17:20.609674,bitget,0.04413,0.04415,10000.0,34165.0
2025-07-25T08:17:20.653528,bingx,0.0442,0.0443,554.0,670.8
2025-07-25T08:17:20.679749,lbank,0.0442,0.0443,166231.29,181008.24
2025-07-25T08:17:20.712870,okx,0.04415,0.04419,1300.0,11054.895
2025-07-25T08:17:20.815671,okx,0.04415,0.04419,1300.0,12505.219
2025-07-25T08:17:20.910259,bitget,0.04413,0.04415,10000.0,44165.0
2025-07-25T08:17:20.971301,bybit,0.04413,0.0,15711.0,0.0
2025-07-25T08:17:21.068438,blofin,0.04411,0.04414,727.0,4.0
2025-07-25T08:17:21.070876,bybit,0.0,0.0,0.0,0.0
2025-07-25T08:17:21.151041,bitmart,0.04338,0.04487,42614.0,30934.0
2025-07-25T08:17:21.210714,bitget,0.04412,0.04415,21826.0,44165.0
2025-07-25T08:17:21.272033,bybit,0.04413,0.0,4437.0,0.0
2025-07-25T08:17:21.355952,mexc,0.04414,0.04415,2675812.0,2675812.0
2025-07-25T08:17:21.361351,bitget,0.04412,0.04414,10558.0,34165.0
2025-07-25T08:17:21.370821,bybit,0.0,0.04415,0.0,1082.0
2025-07-25T08:17:21.404749,okx,0.04414,0.04418,2707.742,7041.288
2025-07-25T08:17:21.511197,bitget,0.04412,0.04414,10558.0,52117.0
2025-07-25T08:17:21.555071,bingx,0.0442,0.0443,554.0,670.8
2025-07-25T08:17:21.562254,blofin,0.04411,0.04414,727.0,316.0
2025-07-25T08:17:21.573998,ascendex,0.0,0.04475,0.0,0.0
2025-07-25T08:17:21.661452,bitget,0.04412,0.04414,10000.0,52117.0
2025-07-25T08:17:21.670892,bybit,0.04414,0.04416,704.0,383.0
2025-07-25T08:17:21.678433,lbank,0.0442,0.0443,166231.29,181008.24
2025-07-25T08:17:21.760775,okx,0.04414,0.04418,2707.742,5041.288
2025-07-25T08:17:21.771579,bybit,0.0,0.04416,0.0,766.0
2025-07-25T08:17:21.797193,binance,0.0442,0.0442,0.0,0.0
2025-07-25T08:17:21.811492,bitget,0.04412,0.04414,10000.0,52117.0
2025-07-25T08:17:21.996450,okx,0.04414,0.04418,2707.742,9717.375
2025-07-25T08:17:22.077067,blofin,0.04411,0.04414,726.0,314.0
2025-07-25T08:17:22.126242,bitmart,0.04339,0.04486,283.0,5763.0
2025-07-25T08:17:22.177452,lbank,0.0442,0.0443,166231.29,181008.24
2025-07-25T08:17:22.463269,bingx,0.0442,0.0443,554.0,670.8
2025-07-25T08:17:22.552929,blofin,0.04411,0.04414,30.0,793.0
2025-07-25T08:17:22.563120,bitget,0.04412,0.04414,10000.0,52117.0
2025-07-25T08:17:22.675402,lbank,0.0442,0.0443,166231.29,181008.24
2025-07-25T08:17:22.837210,ascendex,0.0,0.0448,0.0,0.0
2025-07-25T08:17:23.067051,blofin,0.04411,0.04414,34.0,793.0
2025-07-25T08:17:23.170523,bybit,0.0,0.0,0.0,0.0
2025-07-25T08:17:23.172741,okx,0.04414,0.04418,2707.742,4676.087
2025-07-25T08:17:23.175089,lbank,0.0442,0.0443,166231.29,181008.24
2025-07-25T08:17:23.200547,bitmart,0.04338,0.04487,42614.0,30934.0
2025-07-25T08:17:23.368739,bingx,0.0442,0.0443,554.0,670.8
2025-07-25T08:17:23.452706,ascendex,0.0,0.04476,0.0,41783.0
2025-07-25T08:17:23.490855,okx,0.04414,0.04418,2707.742,6676.087
2025-07-25T08:17:23.571764,blofin,0.04411,0.04414,32.0,793.0
2025-07-25T08:17:23.672987,lbank,0.0442,0.0443,166231.29,181008.24
2025-07-25T08:17:23.764663,mexc,0.04412,0.04414,2675812.0,2675812.0
2025-07-25T08:17:24.050692,blofin,0.04411,0.04414,32.0,794.0
2025-07-25T08:17:24.103267,bitmart,0.04339,0.04486,151.0,5520.0
2025-07-25T08:17:24.176763,lbank,0.0442,0.0443,166231.29,181008.24
2025-07-25T08:17:24.263173,bingx,0.0442,0.0443,554.0,670.8
2025-07-25T08:17:24.371268,bybit,0.04411,0.04413,4437.0,1870.0
2025-07-25T08:17:24.376541,gateio,0.04414,0.04415,1.0,465.0
2025-07-25T08:17:24.461532,okx,0.04412,0.04416,1300.0,9060.022
2025-07-25T08:17:24.471448,bybit,0.0,0.0,0.0,0.0
2025-07-25T08:17:24.513056,bitget,0.04411,0.04412,558.0,10000.0
2025-07-25T08:17:24.557125,blofin,0.04411,0.04414,32.0,794.0
2025-07-25T08:17:24.561013,okx,0.04412,0.04416,1300.0,9203.835
2025-07-25T08:17:24.571006,bybit,0.04411,0.0,4820.0,0.0
2025-07-25T08:17:24.666306,bitget,0.0441,0.04412,11826.0,10000.0
2025-07-25T08:17:24.671146,bybit,0.04412,0.0,704.0,0.0
2025-07-25T08:17:24.673288,lbank,0.0442,0.0443,166231.29,181008.24
2025-07-25T08:17:24.711018,ascendex,0.04368,0.04456,0.0,28046.0
2025-07-25T08:17:24.796385,binance,0.0442,0.0442,0.0,0.0
2025-07-25T08:17:24.807500,okx,0.04412,0.04416,1300.0,143.813
2025-07-25T08:17:24.812911,bitget,0.0441,0.04412,11268.0,10000.0
2025-07-25T08:17:24.964705,bitget,0.0441,0.04412,21268.0,10000.0
2025-07-25T08:17:25.025084,ascendex,0.04359,0.0,9531.0,0.0
2025-07-25T08:17:25.062660,blofin,0.04409,0.04412,2149.0,684.0
2025-07-25T08:17:25.162743,bingx,0.0442,0.0443,554.0,670.8
2025-07-25T08:17:25.197152,bitmart,0.04336,0.04485,52445.0,44504.0
2025-07-25T08:17:25.278937,lbank,0.0442,0.0443,166231.29,215330.64
2025-07-25T08:17:25.284814,bitget,0.0441,0.04412,10000.0,44165.0
2025-07-25T08:17:25.466028,bingx,0.0442,0.0443,554.0,670.8
2025-07-25T08:17:25.562117,blofin,0.04409,0.04412,2149.0,685.0
2025-07-25T08:17:25.656429,ascendex,0.04334,0.0,0.0,0.0
2025-07-25T08:17:25.714105,bitget,0.0441,0.04412,10000.0,44165.0
2025-07-25T08:17:25.796966,binance,0.0442,0.0442,0.0,0.0
2025-07-25T08:17:25.863104,bitget,0.0441,0.04412,10000.0,44165.0
2025-07-25T08:17:26.013131,bitget,0.0441,0.04412,10000.0,44165.0
2025-07-25T08:17:26.063842,blofin,0.04409,0.04412,2150.0,656.0
2025-07-25T08:17:26.092889,bitmart,0.04337,0.04484,11461.0,8932.0
2025-07-25T08:17:26.119755,mexc,0.0441,0.04411,2675812.0,2675812.0
2025-07-25T08:17:26.180065,lbank,0.0442,0.0443,166231.29,215330.64
2025-07-25T08:17:26.283380,ascendex,0.0,0.045,0.0,15849.0
2025-07-25T08:17:26.361361,okx,0.04412,0.04416,1300.0,2143.813
2025-07-25T08:17:26.369732,bingx,0.0442,0.0443,554.0,670.8
2025-07-25T08:17:26.545324,blofin,0.04409,0.04412,2150.0,656.0
2025-07-25T08:17:26.670084,bingx,0.0442,0.0443,554.0,670.8
2025-07-25T08:17:26.673734,lbank,0.0442,0.0443,166231.29,215330.64
2025-07-25T08:17:26.764205,bitget,0.0441,0.04412,10000.0,44165.0
2025-07-25T08:17:27.057013,blofin,0.04409,0.04411,2129.0,1271.0
2025-07-25T08:17:27.135578,bitmart,0.04336,0.04485,52445.0,44504.0
2025-07-25T08:17:27.170586,bybit,0.04412,0.04415,1087.0,880.0
2025-07-25T08:17:27.192437,okx,0.04412,0.04416,1300.0,143.813
2025-07-25T08:17:27.213915,bitget,0.0441,0.04412,10000.0,10000.0
2025-07-25T08:17:27.270555,bybit,0.04412,0.0,1470.0,0.0
2025-07-25T08:17:27.293626,okx,0.04413,0.04416,1300.0,143.813
2025-07-25T08:17:27.365057,bitget,0.04411,0.04413,15706.0,44165.0
2025-07-25T08:17:27.370390,bybit,0.04412,0.04415,1087.0,2832.0
2025-07-25T08:17:27.515690,bitget,0.04411,0.04413,25706.0,44165.0
2025-07-25T08:17:27.546876,ascendex,0.04348,0.0446,7140.0,0.0
2025-07-25T08:17:27.553525,blofin,0.0441,0.04412,2128.0,2.0
2025-07-25T08:17:27.575719,bingx,0.0442,0.0443,554.0,670.8
2025-07-25T08:17:27.673410,lbank,0.0442,0.0443,166231.29,215330.64
2025-07-25T08:17:27.798543,binance,0.0442,0.0442,0.0,0.0
2025-07-25T08:17:27.814799,bitget,0.04411,0.04413,25706.0,44165.0
2025-07-25T08:17:27.879747,ascendex,0.04344,0.0,0.0,0.0
2025-07-25T08:17:28.062477,blofin,0.0441,0.04412,2128.0,2.0
2025-07-25T08:17:28.070858,bybit,0.04412,0.0,1470.0,0.0
2025-07-25T08:17:28.099644,bitmart,0.04338,0.04485,1115.0,6101.0
2025-07-25T08:17:28.115367,bitget,0.04411,0.04413,25706.0,34165.0
2025-07-25T08:17:28.173390,ascendex,0.04328,0.04463,0.0,27989.0
2025-07-25T08:17:28.177038,lbank,0.0442,0.0443,166231.29,215330.64
2025-07-25T08:17:28.182444,gateio,0.04414,0.04415,1.0,399.0
2025-07-25T08:17:28.267154,bitget,0.04411,0.04413,25706.0,34165.0
2025-07-25T08:17:28.476921,bingx,0.0442,0.0443,554.0,670.8
2025-07-25T08:17:28.500575,ascendex,0.0,0.04486,0.0,2566.0
2025-07-25T08:17:28.501826,mexc,0.0441,0.04411,2675812.0,2675812.0
2025-07-25T08:17:28.565323,bitget,0.04411,0.04414,25706.0,57029.0
2025-07-25T08:17:28.569430,blofin,0.0441,0.04413,146.0,821.0
2025-07-25T08:17:28.570544,bybit,0.04414,0.04415,1087.0,880.0
2025-07-25T08:17:28.595916,okx,0.04413,0.04416,2118.185,143.813
2025-07-25T08:17:28.684641,gateio,0.04414,0.04415,67.0,288.0
2025-07-25T08:17:28.701248,okx,0.04413,0.04418,1300.0,10582.3
2025-07-25T08:17:28.715474,bitget,0.04412,0.04414,15706.0,34165.0
2025-07-25T08:17:28.796102,okx,0.04414,0.04418,2118.185,10582.3
2025-07-25T08:17:28.801216,ascendex,0.0,0.04456,0.0,0.0
2025-07-25T08:17:28.841678,gateio,0.04414,0.04415,133.0,288.0
2025-07-25T08:17:28.865816,bitget,0.04413,0.04415,10000.0,34737.0
2025-07-25T08:17:28.871066,bybit,0.04416,0.04417,704.0,1976.0
2025-07-25T08:17:28.910922,okx,0.04415,0.04418,1300.0,10582.3
2025-07-25T08:17:29.016298,bitget,0.04414,0.04415,15706.0,34165.0
2025-07-25T08:17:29.058283,okx,0.04415,0.04419,1300.0,7272.0
2025-07-25T08:17:29.078012,blofin,0.04409,0.04413,145.0,798.0
2025-07-25T08:17:29.085176,gateio,0.04414,0.04415,67.0,288.0
2025-07-25T08:17:29.128358,ascendex,0.04368,0.04458,11591.0,0.0
2025-07-25T08:17:29.130774,bitmart,0.0434,0.04487,380.0,646.0
2025-07-25T08:17:29.167011,bitget,0.04414,0.04416,15706.0,55446.0
2025-07-25T08:17:29.220496,lbank,0.0442,0.0443,166231.29,215330.64
2025-07-25T08:17:29.249493,gateio,0.04414,0.04417,67.0,103.0
2025-07-25T08:17:29.280854,gateio,0.04414,0.04417,133.0,103.0
2025-07-25T08:17:29.315244,bitget,0.04414,0.04415,15706.0,34165.0
2025-07-25T08:17:29.377097,gateio,0.04414,0.04417,67.0,103.0
2025-07-25T08:17:29.380125,bingx,0.0442,0.0443,554.0,670.8
2025-07-25T08:17:29.425278,okx,0.04415,0.04419,2118.185,7272.0
2025-07-25T08:17:29.446482,ascendex,0.04366,0.04459,22915.0,28027.0
2025-07-25T08:17:29.466358,bitget,0.04414,0.04416,15706.0,55446.0
2025-07-25T08:17:29.474362,gateio,0.04414,0.04417,67.0,247.0
2025-07-25T08:17:29.554631,okx,0.04415,0.04419,1300.0,9055.92
2025-07-25T08:17:29.570630,blofin,0.04411,0.04413,661.0,3.0
2025-07-25T08:17:29.615992,bitget,0.04414,0.04415,15706.0,34165.0
2025-07-25T08:17:29.688556,lbank,0.0442,0.0443,166231.29,215330.64
2025-07-25T08:17:29.765019,bitget,0.04414,0.04415,25706.0,34165.0
2025-07-25T08:17:29.773497,ascendex,0.0,0.04471,0.0,2869.0
2025-07-25T08:17:29.797539,binance,0.0442,0.0442,0.0,0.0
2025-07-25T08:17:29.915900,bitget,0.04414,0.04415,25706.0,34165.0
2025-07-25T08:17:30.062753,blofin,0.04412,0.04413,716.0,3.0
2025-07-25T08:17:30.070343,bybit,0.0,0.0,0.0,0.0
2025-07-25T08:17:30.080256,ascendex,0.0,0.04471,0.0,0.0
2025-07-25T08:17:30.132857,bitmart,0.0434,0.04487,429.0,2229.0
2025-07-25T08:17:30.270366,lbank,0.0442,0.0443,166231.29,215330.64
2025-07-25T08:17:30.279749,bingx,0.0442,0.0443,554.0,670.8
2025-07-25T08:17:30.399954,ascendex,0.0,0.04481,0.0,0.0
2025-07-25T08:17:30.554514,blofin,0.04412,0.04413,59.0,3.0
2025-07-25T08:17:30.570927,bybit,0.0,0.04417,0.0,2056.0
2025-07-25T08:17:30.683121,lbank,0.0442,0.0443,166231.29,215330.64
2025-07-25T08:17:30.715595,ascendex,0.0,0.04462,0.0,26571.0
2025-07-25T08:17:30.796727,binance,0.0442,0.0442,0.0,0.0
2025-07-25T08:17:30.815845,bitget,0.04414,0.04415,25706.0,34165.0
2025-07-25T08:17:30.881118,mexc,0.04413,0.04414,2675812.0,2675812.0
2025-07-25T08:17:30.896775,okx,0.04415,0.04419,2118.185,9055.92
2025-07-25T08:17:30.993530,okx,0.04416,0.04419,1300.0,9055.92
2025-07-25T08:17:31.036098,ascendex,0.0,0.0446,0.0,0.0
2025-07-25T08:17:31.069825,blofin,0.04412,0.04414,59.0,1.0
2025-07-25T08:17:31.087210,gateio,0.04414,0.04417,133.0,247.0
2025-07-25T08:17:31.099489,okx,0.04415,0.04419,1300.0,9055.92
2025-07-25T08:17:31.105692,bitmart,0.0434,0.04487,279.0,3584.0
2025-07-25T08:17:31.151121,gateio,0.04414,0.04417,133.0,144.0
2025-07-25T08:17:31.171449,bybit,0.04416,0.04417,2023.0,100.0
2025-07-25T08:17:31.175931,lbank,0.0442,0.0443,166231.29,215330.64
2025-07-25T08:17:31.187531,bingx,0.0442,0.0443,554.0,670.8
2025-07-25T08:17:31.197924,okx,0.04416,0.0442,1300.0,4527.96
2025-07-25T08:17:31.265984,bitget,0.04415,0.04417,49871.0,48130.0
2025-07-25T08:17:31.302056,okx,0.04416,0.04421,1300.0,10576.147
2025-07-25T08:17:31.356185,ascendex,0.04369,0.04463,22894.0,0.0
2025-07-25T08:17:31.416961,bitget,0.04415,0.04417,49871.0,36060.0
2025-07-25T08:17:31.470645,bybit,0.04416,0.0,704.0,0.0
2025-07-25T08:17:31.488075,bingx,0.0442,0.0443,554.0,670.8
2025-07-25T08:17:31.498317,gateio,0.04414,0.04417,67.0,144.0
2025-07-25T08:17:31.520156,gateio,0.04414,0.04417,67.0,210.0
2025-07-25T08:17:31.554178,okx,0.04416,0.0442,1300.0,8803.06
2025-07-25T08:17:31.564422,blofin,0.04412,0.04415,59.0,479.0
2025-07-25T08:17:31.566988,bitget,0.04415,0.04416,49871.0,34165.0
2025-07-25T08:17:31.605088,gateio,0.04414,0.04417,67.0,276.0
2025-07-25T08:17:31.670679,bybit,0.0,0.04417,0.0,653.0
2025-07-25T08:17:31.674777,lbank,0.0442,0.0443,166231.29,215330.64
2025-07-25T08:17:31.718300,bitget,0.04415,0.04416,15706.0,42560.0
2025-07-25T08:17:31.772317,bybit,0.04415,0.04416,10.0,1252.0
2025-07-25T08:17:31.796865,binance,0.0442,0.0442,0.0,0.0
2025-07-25T08:17:31.867645,bitget,0.04413,0.04415,10558.0,15706.0
2025-07-25T08:17:31.870479,bybit,0.04415,0.0,577.0,0.0
2025-07-25T08:17:31.878676,gateio,0.04414,0.04417,67.0,210.0
2025-07-25T08:17:31.893964,okx,0.04415,0.04419,2773.72,9053.87
2025-07-25T08:17:31.970546,bybit,0.04415,0.04416,1513.0,553.0
2025-07-25T08:17:31.994745,ascendex,0.04369,0.04462,0.0,0.0
2025-07-25T08:17:31.996727,okx,0.04416,0.0442,1300.0,9055.92
2025-07-25T08:17:32.016740,bitget,0.04413,0.04416,10558.0,54400.0
2025-07-25T08:17:32.062383,blofin,0.04412,0.04415,1304.0,3.0
2025-07-25T08:17:32.087048,gateio,0.04414,0.04417,67.0,144.0
2025-07-25T08:17:32.170389,bybit,0.0,0.04417,0.0,100.0
2025-07-25T08:17:32.173122,bitget,0.04413,0.04416,19420.0,54400.0
2025-07-25T08:17:32.177364,lbank,0.0442,0.0443,166231.29,215330.64
2025-07-25T08:17:32.193426,bitmart,0.04339,0.04488,32934.0,36751.0
2025-07-25T08:17:32.302073,ascendex,0.04368,0.04462,22899.0,13124.0
2025-07-25T08:17:32.316650,bitget,0.04414,0.04416,15706.0,33132.0
2025-07-25T08:17:32.356253,okx,0.04416,0.0442,1300.0,7045.607
2025-07-25T08:17:32.395404,bingx,0.0442,0.0443,554.0,670.8
2025-07-25T08:17:32.469905,bitget,0.04414,0.04416,25706.0,32560.0
2025-07-25T08:17:32.514384,gateio,0.04414,0.04417,133.0,144.0
2025-07-25T08:17:32.563722,blofin,0.04412,0.04415,1947.0,707.0
2025-07-25T08:17:32.620703,ascendex,0.04331,0.04482,0.0,1514.0
2025-07-25T08:17:32.624512,bitget,0.04414,0.04416,25706.0,32560.0
2025-07-25T08:17:32.675565,lbank,0.0442,0.0443,166231.29,215330.64
2025-07-25T08:17:32.759402,okx,0.04416,0.04421,1300.0,12048.842
2025-07-25T08:17:32.797182,binance,0.0442,0.0442,0.0,0.0
2025-07-25T08:17:32.918757,bitget,0.04415,0.04416,10000.0,32560.0
2025-07-25T08:17:33.058162,blofin,0.04412,0.04415,904.0,3.0
2025-07-25T08:17:33.182021,lbank,0.0442,0.0443,166231.29,215330.64
2025-07-25T08:17:33.195598,bitmart,0.0434,0.04487,6509.0,2140.0
2025-07-25T08:17:33.249235,mexc,0.04413,0.04414,2675812.0,2675812.0
2025-07-25T08:17:33.265993,ascendex,0.0,0.04472,0.0,0.0
2025-07-25T08:17:33.290980,bingx,0.0442,0.0443,554.0,670.8
2025-07-25T08:17:33.370678,bybit,0.04415,0.0,1130.0,0.0
2025-07-25T08:17:33.382901,okx,0.04416,0.0442,1300.0,7048.0
2025-07-25T08:17:33.422284,gateio,0.04414,0.04417,67.0,210.0
2025-07-25T08:17:33.470752,bybit,0.04415,0.0,747.0,0.0
2025-07-25T08:17:33.470815,gateio,0.04414,0.04417,1.0,210.0
2025-07-25T08:17:33.517516,bitget,0.04414,0.04416,10000.0,32560.0
2025-07-25T08:17:33.566633,gateio,0.04414,0.04417,67.0,210.0
2025-07-25T08:17:33.584209,blofin,0.04412,0.04416,904.0,330.0
2025-07-25T08:17:33.588327,okx,0.04416,0.0442,1300.0,8539.814
2025-07-25T08:17:33.590563,gateio,0.04414,0.04417,133.0,144.0
2025-07-25T08:17:33.601681,bingx,0.0442,0.0443,554.0,670.8
2025-07-25T08:17:33.670917,bybit,0.04415,0.0,1130.0,0.0
2025-07-25T08:17:33.673634,lbank,0.0442,0.0443,166231.29,215330.64
2025-07-25T08:17:33.770990,bybit,0.04415,0.0,747.0,0.0
2025-07-25T08:17:33.818645,bitget,0.04414,0.04416,10000.0,42560.0
2025-07-25T08:17:33.870802,bybit,0.04415,0.0,1130.0,0.0
2025-07-25T08:17:33.891350,ascendex,0.0,0.04472,0.0,16100.0
2025-07-25T08:17:33.970373,bybit,0.04415,0.0,1513.0,0.0
2025-07-25T08:17:34.078858,blofin,0.04412,0.04416,904.0,330.0
2025-07-25T08:17:34.093832,bitmart,0.04339,0.04488,32934.0,36751.0
2025-07-25T08:17:34.175537,lbank,0.0442,0.0443,166231.29,215330.64
2025-07-25T08:17:34.197910,okx,0.04416,0.0442,1300.0,4972.58
2025-07-25T08:17:34.205086,ascendex,0.0,0.04482,0.0,622.0
2025-07-25T08:17:34.269461,bitget,0.04414,0.04416,10000.0,42560.0
2025-07-25T08:17:34.299040,okx,0.04416,0.04421,1300.0,12048.842
2025-07-25T08:17:34.406906,okx,0.04416,0.0442,1300.0,9052.845
2025-07-25T08:17:34.418350,bitget,0.04414,0.04416,10000.0,42560.0
2025-07-25T08:17:34.471111,bybit,0.04416,0.0,704.0,0.0
2025-07-25T08:17:34.493896,bingx,0.0442,0.0443,554.0,670.8
2025-07-25T08:17:34.520583,ascendex,0.0,0.04473,0.0,0.0
2025-07-25T08:17:34.549532,blofin,0.04411,0.04416,774.0,338.0
2025-07-25T08:17:34.568749,bitget,0.04414,0.04416,10000.0,32560.0
2025-07-25T08:17:34.570862,bybit,0.04416,0.0,1470.0,0.0
2025-07-25T08:17:34.662490,okx,0.04416,0.04421,2118.185,10575.122
2025-07-25T08:17:34.673275,lbank,0.0442,0.0443,166231.29,215330.64
2025-07-25T08:17:34.768117,okx,0.04417,0.04421,1300.0,10575.122
2025-07-25T08:17:34.799740,binance,0.0442,0.0442,0.0,0.0
2025-07-25T08:17:34.834521,ascendex,0.0,0.04486,0.0,2566.0
2025-07-25T08:17:34.870257,bitget,0.04414,0.04416,10000.0,32560.0
2025-07-25T08:17:34.886512,okx,0.04416,0.04421,1300.0,10575.122
2025-07-25T08:17:35.063036,blofin,0.04412,0.04416,1737.0,999.0
2025-07-25T08:17:35.070648,bybit,0.04416,0.0,704.0,0.0
2025-07-25T08:17:35.096206,okx,0.04416,0.0442,1300.0,9052.845
2025-07-25T08:17:35.145098,bitmart,0.0434,0.04487,5247.0,125.0
2025-07-25T08:17:35.170394,bybit,0.04416,0.0,1470.0,0.0
2025-07-25T08:17:35.250686,okx,0.04416,0.04421,2118.185,10575.122
2025-07-25T08:17:35.280426,lbank,0.0442,0.0443,166231.29,189134.64
2025-07-25T08:17:35.318955,bitget,0.04414,0.04416,10000.0,32560.0
2025-07-25T08:17:35.358687,okx,0.04417,0.04421,1300.0,15101.032
2025-07-25T08:17:35.402567,bingx,0.0442,0.0443,554.0,670.8
2025-07-25T08:17:35.460631,ascendex,0.04369,0.0,22894.0,0.0
2025-07-25T08:17:35.493961,okx,0.04416,0.04421,2118.185,15101.032
2025-07-25T08:17:35.554499,blofin,0.04412,0.04416,896.0,338.0
2025-07-25T08:17:35.594546,okx,0.04417,0.04421,1300.0,15101.032
2025-07-25T08:17:35.627586,mexc,0.04413,0.04415,2675812.0,2675812.0
2025-07-25T08:17:35.677598,lbank,0.0442,0.0443,166231.29,189134.64
2025-07-25T08:17:35.703726,okx,0.04416,0.04421,2118.185,10575.122
2025-07-25T08:17:35.768719,bitget,0.04415,0.04417,15706.0,34165.0
2025-07-25T08:17:35.780576,ascendex,0.04368,0.04459,45803.0,0.0
2025-07-25T08:17:35.796297,binance,0.0442,0.0442,0.0,0.0
2025-07-25T08:17:35.797066,okx,0.04416,0.04421,2118.185,10575.122
2025-07-25T08:17:35.918985,bitget,0.04415,0.04417,25706.0,34165.0
2025-07-25T08:17:36.016949,okx,0.04417,0.04421,1300.0,10575.122
2025-07-25T08:17:36.062935,blofin,0.04413,0.04416,650.0,1.0
2025-07-25T08:17:36.101807,ascendex,0.04338,0.04466,22607.0,0.0
2025-07-25T08:17:36.161576,okx,0.04417,0.04421,1300.0,10575.122
2025-07-25T08:17:36.172331,lbank,0.0442,0.0443,166231.29,189134.64
2025-07-25T08:17:36.176964,bitmart,0.0434,0.04489,36544.0,38561.0
2025-07-25T08:17:36.270599,bybit,0.04416,0.0,704.0,0.0
2025-07-25T08:17:36.292579,okx,0.04416,0.04421,2118.185,10575.122
2025-07-25T08:17:36.305451,bingx,0.0442,0.0443,554.0,670.8
2025-07-25T08:17:36.369210,bitget,0.04415,0.04417,25706.0,34165.0
2025-07-25T08:17:36.371102,bybit,0.04416,0.0,1087.0,0.0
2025-07-25T08:17:36.409434,okx,0.04417,0.04421,1300.0,10575.122
2025-07-25T08:17:36.410703,ascendex,0.0,0.04472,0.0,0.0
2025-07-25T08:17:36.548825,blofin,0.04413,0.04417,650.0,22.0
2025-07-25T08:17:36.557057,okx,0.04417,0.04421,1300.0,10575.122
2025-07-25T08:17:36.660201,okx,0.04416,0.04421,2118.185,10575.122
2025-07-25T08:17:36.676182,lbank,0.0442,0.0443,166231.29,189134.64
2025-07-25T08:17:36.721708,ascendex,0.04353,0.0,644.0,0.0
2025-07-25T08:17:36.770958,bybit,0.04416,0.0,1470.0,0.0
2025-07-25T08:17:36.780872,okx,0.04417,0.04421,1300.0,10575.122
2025-07-25T08:17:36.897402,okx,0.04416,0.04421,2118.185,10575.122
2025-07-25T08:17:36.995383,okx,0.04417,0.04421,1300.0,10575.122
2025-07-25T08:17:37.067635,blofin,0.04413,0.04417,650.0,1305.0
2025-07-25T08:17:37.106994,okx,0.04417,0.04421,1300.0,10575.122
2025-07-25T08:17:37.108037,bitmart,0.04341,0.04488,4214.0,6832.0
2025-07-25T08:17:37.173889,bybit,0.04416,0.0,704.0,0.0
2025-07-25T08:17:37.175802,lbank,0.0442,0.0443,166231.29,189134.64
2025-07-25T08:17:37.209384,bingx,0.0442,0.0443,554.0,670.8
2025-07-25T08:17:37.255207,okx,0.04416,0.04421,2118.185,10575.122
2025-07-25T08:17:37.271035,bybit,0.04416,0.0,1087.0,0.0
2025-07-25T08:17:37.352554,ascendex,0.0,0.04486,0.0,0.0
2025-07-25T08:17:37.359922,okx,0.04417,0.04421,1300.0,10575.122
2025-07-25T08:17:37.370690,bybit,0.04416,0.0,1470.0,0.0
2025-07-25T08:17:37.497899,okx,0.04416,0.04421,2118.185,10575.122
2025-07-25T08:17:37.559826,blofin,0.04413,0.04417,650.0,1305.0
2025-07-25T08:17:37.598949,okx,0.04416,0.04421,2118.185,10575.122
2025-07-25T08:17:37.681735,lbank,0.0442,0.0443,166231.29,189134.64
2025-07-25T08:17:37.695748,okx,0.04417,0.04421,1300.0,10575.122
2025-07-25T08:17:37.796252,binance,0.0442,0.0442,0.0,0.0
2025-07-25T08:17:37.797641,okx,0.04416,0.04421,2118.185,10575.122
2025-07-25T08:17:37.899876,okx,0.04417,0.04421,1300.0,10575.122
2025-07-25T08:17:38.019048,mexc,0.04413,0.04415,2675812.0,2675812.0
2025-07-25T08:17:38.065980,blofin,0.04413,0.04417,650.0,1309.0
2025-07-25T08:17:38.092909,bitmart,0.04341,0.04488,6050.0,7829.0
2025-07-25T08:17:38.112706,bingx,0.0442,0.0443,554.0,670.8
2025-07-25T08:17:38.153170,okx,0.04417,0.04421,1300.0,10575.122
2025-07-25T08:17:38.171078,bybit,0.04416,0.0,704.0,0.0
2025-07-25T08:17:38.173923,lbank,0.0442,0.0443,166231.29,189134.64
2025-07-25T08:17:38.258239,okx,0.04416,0.04421,2118.185,10575.122
2025-07-25T08:17:38.270848,bybit,0.04416,0.0,1470.0,0.0
2025-07-25T08:17:38.366929,okx,0.04417,0.04421,1300.0,10575.122
2025-07-25T08:17:38.371160,bybit,0.04416,0.0,1087.0,0.0
2025-07-25T08:17:38.465156,okx,0.04416,0.04421,2118.185,10575.122
2025-07-25T08:17:38.470359,bybit,0.04416,0.0,1470.0,0.0
2025-07-25T08:17:38.560725,blofin,0.04413,0.04417,780.0,1309.0
2025-07-25T08:17:38.581033,okx,0.04417,0.04421,1300.0,10575.122
2025-07-25T08:17:38.687049,okx,0.04416,0.04421,2118.185,10575.122
2025-07-25T08:17:38.795647,okx,0.04417,0.04421,1300.0,10575.122
2025-07-25T08:17:38.921382,bitget,0.04415,0.04417,25706.0,34165.0
2025-07-25T08:17:38.926031,okx,0.04416,0.04421,2118.185,10575.122
2025-07-25T08:17:39.013088,gateio,0.04414,0.04419,133.0,103.0
2025-07-25T08:17:39.014734,bingx,0.0442,0.0443,554.0,670.8
2025-07-25T08:17:39.031452,okx,0.04416,0.04421,2118.185,1521.252
2025-07-25T08:17:39.035114,gateio,0.04415,0.04419,1135.0,103.0
2025-07-25T08:17:39.061406,blofin,0.04413,0.04417,783.0,1306.0
2025-07-25T08:17:39.071509,bitget,0.04415,0.04417,25706.0,34165.0
2025-07-25T08:17:39.090401,gateio,0.04416,0.04419,12.0,103.0
2025-07-25T08:17:39.160825,okx,0.04418,0.04421,1300.0,1521.252
2025-07-25T08:17:39.200472,bitmart,0.04341,0.0449,8691.0,46927.0
2025-07-25T08:17:39.221844,bitget,0.04415,0.04418,34568.0,56042.0
2025-07-25T08:17:39.242640,gateio,0.04416,0.04419,144.0,103.0
2025-07-25T08:17:39.293973,okx,0.04418,0.04422,1300.0,10665.014
2025-07-25T08:17:39.373335,bitget,0.04416,0.04417,25706.0,34165.0
2025-07-25T08:17:39.388736,ascendex,0.0437,0.04462,22889.0,0.0
2025-07-25T08:17:39.521703,bitget,0.04416,0.04417,25706.0,34165.0
2025-07-25T08:17:39.567097,blofin,0.04414,0.04417,780.0,1011.0
2025-07-25T08:17:39.693827,ascendex,0.04359,0.04467,16928.0,40250.0
2025-07-25T08:17:39.797239,binance,0.0442,0.0442,0.0,0.0
2025-07-25T08:17:39.913773,bingx,0.0442,0.0443,554.0,670.8
2025-07-25T08:17:40.001335,ascendex,0.04359,0.0,8861.0,0.0
2025-07-25T08:17:40.065860,blofin,0.04414,0.04417,780.0,1011.0
2025-07-25T08:17:40.093455,bitmart,0.04342,0.04489,5963.0,3329.0
2025-07-25T08:17:40.235195,gateio,0.04416,0.04423,144.0,181.0
2025-07-25T08:17:40.264121,gateio,0.04416,0.04425,332.0,100.0
2025-07-25T08:17:40.271139,bybit,0.04419,0.0442,1418.0,188.0
2025-07-25T08:17:40.282576,gateio,0.04416,0.04423,332.0,103.0
2025-07-25T08:17:40.289829,okx,0.04419,0.04424,3300.0,4657.274
2025-07-25T08:17:40.319395,gateio,0.04417,0.04423,1135.0,103.0
2025-07-25T08:17:40.370664,bybit,0.04419,0.0,1872.0,0.0
2025-07-25T08:17:40.402209,okx,0.04421,0.04424,1300.0,13703.977
2025-07-25T08:17:40.405677,mexc,0.04413,0.04415,2675812.0,2675812.0
2025-07-25T08:17:40.425290,bitget,0.04419,0.04421,14202.0,13325.0
2025-07-25T08:17:40.495261,lbank,0.0442,0.0443,166231.29,189134.64
2025-07-25T08:17:40.509482,okx,0.04421,0.04425,1300.0,11536.438
2025-07-25T08:17:40.552979,blofin,0.04414,0.04417,1054.0,685.0
2025-07-25T08:17:40.573959,bitget,0.04419,0.04422,14202.0,47787.0
2025-07-25T08:17:40.604909,gateio,0.04418,0.04423,7.0,103.0
2025-07-25T08:17:40.623080,ascendex,0.04372,0.0446,45767.0,0.0
2025-07-25T08:17:40.626441,gateio,0.04418,0.04423,12.0,103.0
2025-07-25T08:17:40.664349,gateio,0.04419,0.04423,1135.0,103.0
2025-07-25T08:17:40.690107,gateio,0.0442,0.04423,7.0,103.0
2025-07-25T08:17:40.723190,bitget,0.0442,0.04421,15706.0,10000.0
2025-07-25T08:17:40.724712,gateio,0.0442,0.04423,12.0,103.0
2025-07-25T08:17:40.767406,okx,0.04421,0.04425,1300.0,7014.621
2025-07-25T08:17:40.797246,binance,0.0442,0.0442,0.0,0.0
2025-07-25T08:17:40.817952,bingx,0.0442,0.0443,554.0,670.8
2025-07-25T08:17:40.872971,bitget,0.0442,0.04421,15706.0,10000.0
2025-07-25T08:17:40.934558,ascendex,0.04373,0.04467,22873.0,13492.0
2025-07-25T08:17:41.000450,gateio,0.0442,0.04423,5.0,103.0
2025-07-25T08:17:41.026719,bitget,0.0442,0.04421,15706.0,10000.0
2025-07-25T08:17:41.035149,gateio,0.04418,0.04423,5.0,103.0
2025-07-25T08:17:41.054620,gateio,0.04418,0.04423,12.0,103.0
2025-07-25T08:17:41.078500,blofin,0.04416,0.04417,1050.0,3.0
2025-07-25T08:17:41.158138,okx,0.04421,0.04425,1300.0,16058.256
2025-07-25T08:17:41.170531,bybit,0.0,0.0,0.0,0.0
2025-07-25T08:17:41.192220,lbank,0.0442,0.0443,166231.29,189134.64
2025-07-25T08:17:41.209872,bitmart,0.04345,0.04492,13744.0,4414.0
2025-07-25T08:17:41.243093,ascendex,0.0,0.04471,0.0,21709.0
2025-07-25T08:17:41.551502,ascendex,0.04243,0.045,13726.0,0.0
2025-07-25T08:17:41.571700,blofin,0.04417,0.04418,1325.0,5.0
2025-07-25T08:17:41.674179,lbank,0.0442,0.0443,166231.29,189134.64
2025-07-25T08:17:41.719549,bingx,0.0442,0.0443,554.0,670.8
2025-07-25T08:17:41.770319,bybit,0.0,0.0442,0.0,199.0
2025-07-25T08:17:41.797246,binance,0.0442,0.0442,0.0,0.0
2025-07-25T08:17:41.846815,gateio,0.04418,0.04423,144.0,103.0
2025-07-25T08:17:42.065984,blofin,0.04417,0.04418,1329.0,5.0
2025-07-25T08:17:42.126765,bitmart,0.04344,0.04493,47445.0,29557.0
2025-07-25T08:17:42.178122,lbank,0.0442,0.0443,166231.29,189134.64
2025-07-25T08:17:42.191291,ascendex,0.04242,0.0,0.0,0.0
2025-07-25T08:17:42.228732,gateio,0.04418,0.04423,144.0,169.0
2025-07-25T08:17:42.270833,bybit,0.04419,0.0,1106.0,0.0
2025-07-25T08:17:42.323026,bingx,0.0442,0.0443,554.0,670.8
2025-07-25T08:17:42.359511,okx,0.04421,0.04425,1300.0,17549.357
2025-07-25T08:17:42.370808,bybit,0.04419,0.0,1872.0,0.0
2025-07-25T08:17:42.374003,bitget,0.04419,0.04421,14202.0,21268.0
2025-07-25T08:17:42.500541,ascendex,0.04372,0.04467,22889.0,0.0
2025-07-25T08:17:42.523401,bitget,0.04419,0.04421,14202.0,38390.0
2025-07-25T08:17:42.538738,blofin,0.04417,0.04418,1571.0,5.0
2025-07-25T08:17:42.583622,okx,0.04421,0.04424,1300.0,5264.807
2025-07-25T08:17:42.676273,lbank,0.0442,0.0443,166231.29,189134.64
2025-07-25T08:17:42.786595,mexc,0.04418,0.04419,2675812.0,2675812.0
2025-07-25T08:17:42.797239,binance,0.0442,0.0442,0.0,0.0
2025-07-25T08:17:42.820355,ascendex,0.0,0.04474,0.0,5327.0
2025-07-25T08:17:43.067709,blofin,0.04417,0.04418,4.0,5.0
2025-07-25T08:17:43.070371,bybit,0.04419,0.0,1489.0,0.0
2025-07-25T08:17:43.135743,bitmart,0.04344,0.04491,5882.0,807.0
2025-07-25T08:17:43.141109,ascendex,0.04346,0.0,0.0,0.0
2025-07-25T08:17:43.170504,bybit,0.04419,0.0,1872.0,0.0
2025-07-25T08:17:43.176063,lbank,0.0442,0.0443,166231.29,189134.64
2025-07-25T08:17:43.222462,bingx,0.0442,0.0443,554.0,670.8
2025-07-25T08:17:43.270361,bybit,0.0,0.0,0.0,0.0
2025-07-25T08:17:43.370479,bybit,0.04419,0.0,1489.0,0.0
2025-07-25T08:17:43.560923,blofin,0.04417,0.04418,4.0,5.0
2025-07-25T08:17:43.570698,bybit,0.04419,0.0,1872.0,0.0
2025-07-25T08:17:43.790860,ascendex,0.0,0.04466,0.0,1852.0
2025-07-25T08:17:43.874355,bitget,0.04419,0.04421,14202.0,21840.0
2025-07-25T08:17:44.024868,bitget,0.04419,0.04421,14202.0,38390.0
2025-07-25T08:17:44.064315,blofin,0.04417,0.0442,4.0,12154.0
2025-07-25T08:17:44.101863,bitmart,0.04408,0.04489,8326.0,8326.0
2025-07-25T08:17:44.136651,bingx,0.0442,0.0443,554.0,670.8
2025-07-25T08:17:44.183083,lbank,0.0442,0.0443,166231.29,189134.64
2025-07-25T08:17:44.400320,ascendex,0.0,0.04612,0.0,3943.0
2025-07-25T08:17:44.433011,gateio,0.04418,0.04423,144.0,235.0
2025-07-25T08:17:44.454603,gateio,0.04418,0.04423,12.0,235.0
2025-07-25T08:17:44.470212,gateio,0.04418,0.04422,12.0,111.0
2025-07-25T08:17:44.470609,bybit,0.04419,0.0,1106.0,0.0
2025-07-25T08:17:44.474944,bitget,0.04418,0.04421,80156.0,38390.0
2025-07-25T08:17:44.490177,gateio,0.04418,0.04421,12.0,111.0
2025-07-25T08:17:44.534659,gateio,0.04418,0.04419,12.0,111.0
2025-07-25T08:17:44.568913,blofin,0.04417,0.0442,4.0,12154.0
2025-07-25T08:17:44.570625,bybit,0.04419,0.0442,553.0,2329.0
2025-07-25T08:17:44.597487,okx,0.04419,0.04424,1300.0,10535.758
2025-07-25T08:17:44.625005,bitget,0.04417,0.04421,68330.0,72555.0
2025-07-25T08:17:44.679676,lbank,0.0442,0.0443,166231.29,189134.64
2025-07-25T08:17:44.696013,okx,0.04419,0.04424,1300.0,16516.251
2025-07-25T08:17:44.720675,ascendex,0.04373,0.0,0.0,0.0
2025-07-25T08:17:44.774437,bitget,0.04417,0.0442,68888.0,16802.0
2025-07-25T08:17:44.796940,binance,0.0442,0.0442,0.0,0.0
2025-07-25T08:17:44.925145,bitget,0.04417,0.04419,68330.0,10000.0
2025-07-25T08:17:44.970276,bybit,0.0,0.0442,0.0,2712.0
2025-07-25T08:17:45.031828,bingx,0.0442,0.0443,554.0,670.8
2025-07-25T08:17:45.032378,ascendex,0.0437,0.04462,0.0,28002.0
2025-07-25T08:17:45.050544,blofin,0.04416,0.0442,766.0,12150.0
2025-07-25T08:17:45.070583,bybit,0.0,0.0442,0.0,3095.0
2025-07-25T08:17:45.075067,bitget,0.04417,0.04419,68330.0,10000.0
2025-07-25T08:17:45.135091,bitmart,0.04408,0.04489,8326.0,8326.0
2025-07-25T08:17:45.213758,mexc,0.04418,0.04419,2675812.0,2675812.0
2025-07-25T08:17:45.282181,lbank,0.0442,0.0443,166231.29,189134.64
2025-07-25T08:17:45.351040,ascendex,0.0,0.04474,0.0,2875.0
2025-07-25T08:17:45.470516,bybit,0.04417,0.04419,24431.0,718.0
2025-07-25T08:17:45.538188,blofin,0.04416,0.04419,4.0,293.0
2025-07-25T08:17:45.571154,bybit,0.04417,0.04419,16215.0,1101.0
2025-07-25T08:17:45.574337,gateio,0.04418,0.04419,5.0,111.0
2025-07-25T08:17:45.588328,gateio,0.04416,0.04419,12.0,111.0
2025-07-25T08:17:45.632726,bingx,0.0442,0.0443,554.0,670.8
2025-07-25T08:17:45.670236,bybit,0.0,0.04419,0.0,718.0
2025-07-25T08:17:45.675764,bitget,0.04417,0.04419,34165.0,10000.0
2025-07-25T08:17:45.696517,okx,0.04419,0.04422,1300.0,9046.703
2025-07-25T08:17:45.708230,lbank,0.0442,0.0443,215833.65,50430.6
2025-07-25T08:17:45.770611,bybit,0.04418,0.0,704.0,0.0
2025-07-25T08:17:45.796940,binance,0.0442,0.0442,0.0,0.0
2025-07-25T08:17:45.803959,okx,0.04418,0.04422,2797.909,9046.703
2025-07-25T08:17:45.825952,bitget,0.04417,0.04419,34165.0,11895.0
2025-07-25T08:17:45.832859,gateio,0.04417,0.04419,1135.0,111.0
2025-07-25T08:17:45.870882,bybit,0.04418,0.0442,1470.0,2329.0
2025-07-25T08:17:45.970270,bybit,0.04418,0.0,1087.0,0.0
2025-07-25T08:17:45.976380,bitget,0.04417,0.04419,34165.0,10000.0
2025-07-25T08:17:45.980033,ascendex,0.04368,0.04468,0.0,10040.0
2025-07-25T08:17:46.022919,gateio,0.04417,0.04419,1201.0,111.0
2025-07-25T08:17:46.056662,okx,0.04419,0.04423,1300.0,9049.773
2025-07-25T08:17:46.064111,blofin,0.04416,0.04419,2.0,293.0
2025-07-25T08:17:46.123283,bitmart,0.04405,0.0449,8272.0,2269.0
2025-07-25T08:17:46.172918,lbank,0.0442,0.0443,215833.65,50430.6
2025-07-25T08:17:46.289995,ascendex,0.0,0.04468,0.0,0.0
2025-07-25T08:17:46.371357,bybit,0.04418,0.0,704.0,0.0
2025-07-25T08:17:46.534828,bingx,0.0442,0.0443,554.0,670.8
2025-07-25T08:17:46.554524,blofin,0.04416,0.04418,2.0,118.0
2025-07-25T08:17:46.607681,ascendex,0.04365,0.0,22925.0,0.0
2025-07-25T08:17:46.675705,lbank,0.0442,0.0443,215833.65,50430.6
2025-07-25T08:17:46.796626,binance,0.0442,0.0442,0.0,0.0
2025-07-25T08:17:46.920296,ascendex,0.0,0.04561,0.0,1628.0
2025-07-25T08:17:47.028845,bitget,0.04417,0.0442,34165.0,27374.0
2025-07-25T08:17:47.082665,blofin,0.04416,0.04419,2.0,293.0
2025-07-25T08:17:47.136348,bingx,0.0442,0.0443,554.0,670.8
2025-07-25T08:17:47.170246,bybit,0.04419,0.0,704.0,0.0
2025-07-25T08:17:47.177322,lbank,0.0442,0.0443,215833.65,50430.6
2025-07-25T08:17:47.197489,bitmart,0.04405,0.0449,8272.0,2249.0
2025-07-25T08:17:47.567012,blofin,0.04416,0.04419,2.0,293.0
2025-07-25T08:17:47.589760,mexc,0.04416,0.04418,2675812.0,2675812.0
2025-07-25T08:17:47.672347,lbank,0.0442,0.0443,215833.65,50430.6
2025-07-25T08:17:48.041594,bingx,0.0442,0.0443,554.0,670.8
2025-07-25T08:17:48.046521,gateio,0.04417,0.04421,1201.0,111.0
2025-07-25T08:17:48.070395,bybit,0.04419,0.0442,1087.0,199.0
