timestamp,exchange,bid,ask,bid_vol,ask_vol
2025-07-25T08:16:26.144317,bybit,0.7977,0.7978,255394.0,6920.0
2025-07-25T08:16:26.144340,bybit,0.0,0.7978,0.0,6602.0
2025-07-25T08:16:26.144359,bybit,0.0,0.0,0.0,0.0
2025-07-25T08:16:26.144381,bybit,0.7977,0.0,255410.0,0.0
2025-07-25T08:16:26.144401,bybit,0.0,0.7978,0.0,9617.0
2025-07-25T08:16:26.144420,bybit,0.0,0.7978,0.0,3911.0
2025-07-25T08:16:26.144437,bybit,0.7977,0.7978,7905.0,20232.0
2025-07-25T08:16:26.144455,bybit,0.7977,0.0,4984.0,0.0
2025-07-25T08:16:26.144475,bybit,0.0,0.0,0.0,0.0
2025-07-25T08:16:26.144500,bybit,0.7977,0.7978,8016.0,10366.0
2025-07-25T08:16:26.144523,bybit,0.7977,0.0,5325.0,0.0
2025-07-25T08:16:26.144543,bybit,0.0,0.7978,0.0,11619.0
2025-07-25T08:16:26.144560,bybit,0.7977,0.0,8026.0,0.0
2025-07-25T08:16:26.144578,bybit,0.7977,0.0,8393.0,0.0
2025-07-25T08:16:26.144598,bybit,0.7977,0.0,10473.0,0.0
2025-07-25T08:16:26.228467,bybit,0.0,0.7978,0.0,11301.0
2025-07-25T08:16:26.228703,bybit,0.7977,0.7978,293196.0,1761.0
2025-07-25T08:16:26.292501,bybit,0.7977,0.7978,291047.0,508.0
2025-07-25T08:16:26.320611,bybit,0.0,0.7978,0.0,5635.0
2025-07-25T08:16:26.454820,bybit,0.7977,0.7978,291037.0,4197.0
2025-07-25T08:16:26.554892,bybit,0.0,0.7978,0.0,2626.0
2025-07-25T08:16:26.564040,digifinex,0.7974,0.7975,35.0,249.0
2025-07-25T08:16:26.654996,bybit,0.7977,0.7978,293186.0,1506.0
2025-07-25T08:16:26.681602,bitget,0.7976,0.7977,57005.0,17758.0
2025-07-25T08:16:26.684980,okx,0.7975,0.7977,8515.3418,970.1826
2025-07-25T08:16:26.685834,okx,0.7976,0.7977,1029.2262,672.9272
2025-07-25T08:16:26.754666,okx,0.7976,0.7977,129.2262,1502.7446
2025-07-25T08:16:26.755263,bybit,0.7977,0.0,290670.0,0.0
2025-07-25T08:16:26.807027,bitget,0.7976,0.7977,40505.0,17758.0
2025-07-25T08:16:26.854495,bybit,0.7977,0.7978,8519.0,9104.0
2025-07-25T08:16:26.868863,okx,0.7975,0.7977,8593.5192,1581.2922
2025-07-25T08:16:26.955498,bitget,0.7976,0.7977,51960.0,17758.0
2025-07-25T08:16:26.992040,okx,0.7975,0.7977,5216.5837,1581.2922
2025-07-25T08:16:27.013838,huobi,0.797679,0.79771,37.256,351.0
2025-07-25T08:16:27.013872,huobi,0.797413,0.79771,351.0,351.0
2025-07-25T08:16:27.016153,huobi,0.797654,0.79771,38.0214,351.0
2025-07-25T08:16:27.016449,huobi,0.797654,0.79771,38.0214,351.0
2025-07-25T08:16:27.055076,bybit,0.0,0.7978,0.0,9139.0
2025-07-25T08:16:27.110978,bitget,0.7976,0.7977,51960.0,17758.0
2025-07-25T08:16:27.154858,bybit,0.0,0.7978,0.0,10392.0
2025-07-25T08:16:27.237282,okx,0.7975,0.7977,5597.5837,1581.2922
2025-07-25T08:16:27.255011,bybit,0.7977,0.0,9324.0,0.0
2025-07-25T08:16:27.255823,bitget,0.7976,0.7977,51960.0,17758.0
2025-07-25T08:16:27.295256,bitmex,0.799,0.7993,56.0,668.0
2025-07-25T08:16:27.306543,binance,0.7978,0.7978,0.0,0.0
2025-07-25T08:16:27.354624,bybit,0.0,0.7978,0.0,21789.0
2025-07-25T08:16:27.374866,okx,0.7975,0.7977,4970.7118,1581.2922
2025-07-25T08:16:27.377401,bingx,0.7976,0.7979,14249.15,9663.11
2025-07-25T08:16:27.394627,bitmex,0.799,0.7993,44.0,668.0
2025-07-25T08:16:27.411930,huobi,0.797654,0.79771,38.0214,351.0
2025-07-25T08:16:27.414406,bitget,0.7976,0.7977,35460.0,16913.0
2025-07-25T08:16:27.440527,bitmex,0.799,0.7993,56.0,668.0
2025-07-25T08:16:27.454572,bybit,0.7977,0.7978,278110.0,9026.0
2025-07-25T08:16:27.494880,okx,0.7976,0.7977,900.0,681.2922
2025-07-25T08:16:27.505575,bitmex,0.7991,0.7993,12.0,668.0
2025-07-25T08:16:27.518359,bitmex,0.799,0.7993,56.0,668.0
2025-07-25T08:16:27.554666,bybit,0.0,0.7978,0.0,1541.0
2025-07-25T08:16:27.653958,okx,0.7976,0.7977,1332.5911,78.5476
2025-07-25T08:16:27.657059,bybit,0.7977,0.0,280259.0,0.0
2025-07-25T08:16:27.685354,bingx,0.7976,0.7979,14249.15,9663.11
2025-07-25T08:16:27.695007,bitmex,0.7991,0.7993,12.0,668.0
2025-07-25T08:16:27.700626,bitmex,0.799,0.7993,56.0,668.0
2025-07-25T08:16:27.708709,bitget,0.7976,0.7977,35460.0,16913.0
2025-07-25T08:16:27.750730,okx,0.7976,0.7978,3202.421,1042.6402
2025-07-25T08:16:27.808673,huobi,0.797654,0.797682,38.0214,835.6481
2025-07-25T08:16:27.855426,bybit,0.7977,0.7978,278110.0,5352.0
2025-07-25T08:16:27.857123,bitget,0.7976,0.7977,51960.0,16913.0
2025-07-25T08:16:27.903956,okx,0.7976,0.7977,1909.431,602.7446
2025-07-25T08:16:27.955286,bybit,0.0,0.7978,0.0,5346.0
2025-07-25T08:16:27.998950,okx,0.7975,0.7976,12252.0364,904.1169
2025-07-25T08:16:28.006548,bitget,0.7976,0.7977,51960.0,16913.0
2025-07-25T08:16:28.014334,lbank,0.7976,0.7978,8.8,24116.4
2025-07-25T08:16:28.014648,lbank,0.7976,0.7978,8.8,24116.4
2025-07-25T08:16:28.055196,bybit,0.7977,0.7978,13193.0,7873.0
2025-07-25T08:16:28.079265,digifinex,0.7974,0.7975,32.0,249.0
2025-07-25T08:16:28.109183,huobi,0.797654,0.797668,38.0214,901.6937
2025-07-25T08:16:28.149934,okx,0.7975,0.7976,8496.9647,904.1169
2025-07-25T08:16:28.155097,bybit,0.0,0.7978,0.0,8191.0
2025-07-25T08:16:28.164813,bitmart,0.7974,0.7975,12914.0,16860.0
2025-07-25T08:16:28.183247,lbank,0.7976,0.7978,8.8,24116.4
2025-07-25T08:16:28.254962,bybit,0.7977,0.7978,6292.0,10271.0
2025-07-25T08:16:28.263778,okx,0.7975,0.7976,8875.9647,904.1169
2025-07-25T08:16:28.280958,bingx,0.7976,0.7979,14249.15,9663.11
2025-07-25T08:16:28.306591,bitget,0.7976,0.7977,51960.0,17758.0
2025-07-25T08:16:28.307311,binance,0.7978,0.7978,0.0,0.0
2025-07-25T08:16:28.354907,bybit,0.7977,0.7978,9324.0,13824.0
2025-07-25T08:16:28.448144,gateio,0.7973,0.7974,86.0,74.0
2025-07-25T08:16:28.448209,gateio,0.7973,0.7974,77.0,74.0
2025-07-25T08:16:28.453698,gateio,0.7973,0.7974,77.0,152.0
2025-07-25T08:16:28.453767,gateio,0.7973,0.7974,77.0,74.0
2025-07-25T08:16:28.453917,gateio,0.7973,0.7974,155.0,74.0
2025-07-25T08:16:28.454028,gateio,0.7973,0.7974,77.0,74.0
2025-07-25T08:16:28.454071,gateio,0.7973,0.7974,155.0,74.0
2025-07-25T08:16:28.454172,gateio,0.7973,0.7974,520.0,74.0
2025-07-25T08:16:28.454201,gateio,0.7973,0.7974,520.0,24.0
2025-07-25T08:16:28.454220,gateio,0.7973,0.7974,493.0,24.0
2025-07-25T08:16:28.454240,gateio,0.7973,0.7974,520.0,24.0
2025-07-25T08:16:28.454261,gateio,0.7973,0.7974,520.0,74.0
2025-07-25T08:16:28.454280,gateio,0.7973,0.7974,155.0,74.0
2025-07-25T08:16:28.454345,gateio,0.7973,0.7974,77.0,74.0
2025-07-25T08:16:28.454364,gateio,0.7973,0.7974,77.0,152.0
2025-07-25T08:16:28.454491,gateio,0.7973,0.7974,77.0,74.0
2025-07-25T08:16:28.456081,bybit,0.0,0.7978,0.0,9445.0
2025-07-25T08:16:28.456492,bitget,0.7976,0.7977,35460.0,17758.0
2025-07-25T08:16:28.500965,gateio,0.7973,0.7974,155.0,74.0
2025-07-25T08:16:28.511299,huobi,0.797654,0.797691,38.0214,389.7105
2025-07-25T08:16:28.540927,gateio,0.7973,0.7974,77.0,74.0
2025-07-25T08:16:28.555086,bybit,0.7977,0.7978,9314.0,10484.0
2025-07-25T08:16:28.576260,digifinex,0.7974,0.7975,32.0,249.0
2025-07-25T08:16:28.596494,blofin,0.7971,0.7973,467.0,447.0
2025-07-25T08:16:28.596901,blofin,0.7971,0.7973,472.0,445.0
2025-07-25T08:16:28.597428,blofin,0.7971,0.7973,472.0,544.0
2025-07-25T08:16:28.598260,okx,0.7975,0.7977,8875.9647,1607.4866
2025-07-25T08:16:28.608594,bitget,0.7976,0.7977,35460.0,17758.0
2025-07-25T08:16:28.654901,bybit,0.7977,0.7978,350560.0,10506.0
2025-07-25T08:16:28.681960,lbank,0.7976,0.7978,8.8,24116.4
2025-07-25T08:16:28.708648,huobi,0.797654,0.797691,38.0214,389.7105
2025-07-25T08:16:28.754765,bybit,0.0,0.7978,0.0,9068.0
2025-07-25T08:16:28.756012,okx,0.7975,0.7977,12550.859,1607.4866
2025-07-25T08:16:28.756490,bitget,0.7976,0.7977,35460.0,17758.0
2025-07-25T08:16:28.771115,gateio,0.7973,0.7974,155.0,74.0
2025-07-25T08:16:28.783021,gateio,0.7973,0.7974,520.0,74.0
2025-07-25T08:16:28.855689,bybit,0.7977,0.7978,350561.0,3362.0
2025-07-25T08:16:28.874086,okx,0.7976,0.7977,1332.4068,104.742
2025-07-25T08:16:28.879043,gateio,0.7973,0.7974,493.0,74.0
2025-07-25T08:16:28.910252,bitget,0.7976,0.7977,51960.0,17758.0
2025-07-25T08:16:28.969411,gateio,0.7973,0.7974,493.0,24.0
2025-07-25T08:16:28.987034,gateio,0.7973,0.7974,507.0,24.0
2025-07-25T08:16:28.994433,okx,0.7975,0.7976,12550.8647,306.5818
2025-07-25T08:16:29.009266,huobi,0.797654,0.797691,38.0214,351.0
2025-07-25T08:16:29.015080,gateio,0.7973,0.7974,548.0,24.0
2025-07-25T08:16:29.033799,mexc,0.7974,0.7975,58104838.0,58104838.0
2025-07-25T08:16:29.045089,gateio,0.7973,0.7974,534.0,24.0
2025-07-25T08:16:29.054933,bybit,0.7978,0.7979,42049.0,13038.0
2025-07-25T08:16:29.056841,bitget,0.7976,0.7977,51960.0,350.0
2025-07-25T08:16:29.062922,gateio,0.7973,0.7974,548.0,24.0
2025-07-25T08:16:29.089883,blofin,0.7971,0.7973,471.0,546.0
2025-07-25T08:16:29.093060,bitmex,0.7991,0.7993,12.0,668.0
2025-07-25T08:16:29.094150,okx,0.7976,0.7977,4322.4353,602.7446
2025-07-25T08:16:29.112279,huobi,0.797675,0.797691,36.2472,351.0
2025-07-25T08:16:29.154522,bybit,0.0,0.7979,0.0,8643.0
2025-07-25T08:16:29.165084,bitmex,0.7991,0.7993,12.0,646.0
2025-07-25T08:16:29.165403,gateio,0.7973,0.7974,549.0,24.0
2025-07-25T08:16:29.176221,bitmart,0.7974,0.7975,12914.0,8706.0
2025-07-25T08:16:29.181762,bingx,0.7976,0.7979,14249.15,9663.11
2025-07-25T08:16:29.207403,okx,0.7976,0.7978,6703.7437,1027.6402
2025-07-25T08:16:29.207460,bitget,0.7976,0.7977,57005.0,350.0
2025-07-25T08:16:29.208661,huobi,0.797675,0.797839,36.2472,6770.3
2025-07-25T08:16:29.222919,gateio,0.7974,0.7975,134.0,8.0
2025-07-25T08:16:29.236743,gateio,0.7974,0.7975,212.0,8.0
2025-07-25T08:16:29.254521,bybit,0.7978,0.0,46347.0,0.0
2025-07-25T08:16:29.265302,gateio,0.7974,0.7975,225.0,8.0
2025-07-25T08:16:29.275022,gateio,0.7974,0.7975,406.0,8.0
2025-07-25T08:16:29.275669,digifinex,0.7974,0.7976,32.0,263.0
2025-07-25T08:16:29.304917,okx,0.7977,0.7978,900.0,24.6465
2025-07-25T08:16:29.309071,huobi,0.797756,0.797839,351.0,6770.3
2025-07-25T08:16:29.309769,binance,0.7978,0.7978,0.0,0.0
2025-07-25T08:16:29.319132,gateio,0.7975,0.7976,125.0,50.0
2025-07-25T08:16:29.329418,gateio,0.7975,0.7976,139.0,50.0
2025-07-25T08:16:29.355638,bybit,0.798,0.7981,18292.0,12916.0
2025-07-25T08:16:29.357521,bitget,0.7978,0.7979,576.0,38507.0
2025-07-25T08:16:29.377865,gateio,0.7975,0.7977,528.0,53.0
2025-07-25T08:16:29.378139,digifinex,0.7975,0.7977,342.0,210.0
2025-07-25T08:16:29.386958,gateio,0.7976,0.7977,95.0,53.0
2025-07-25T08:16:29.401889,okx,0.7977,0.7978,10904.8885,24.6465
2025-07-25T08:16:29.411514,huobi,0.797845,0.798112,387.0298,351.0
2025-07-25T08:16:29.451486,bitmex,0.7991,0.7996,12.0,1092.0
2025-07-25T08:16:29.455540,bybit,0.798,0.7981,19406.0,6935.0
2025-07-25T08:16:29.458906,gateio,0.7976,0.7977,122.0,53.0
2025-07-25T08:16:29.474293,bitmex,0.7992,0.7996,22.0,1092.0
2025-07-25T08:16:29.477518,bitmex,0.7992,0.7996,34.0,1092.0
2025-07-25T08:16:29.478136,digifinex,0.7976,0.7977,201.0,210.0
2025-07-25T08:16:29.495258,gateio,0.7976,0.7977,200.0,53.0
2025-07-25T08:16:29.507831,bitget,0.7978,0.7979,69693.0,204.0
2025-07-25T08:16:29.511997,huobi,0.797868,0.797947,39.7991,6766.6
2025-07-25T08:16:29.516024,bitmex,0.7993,0.7996,12.0,1092.0
2025-07-25T08:16:29.517636,bitmex,0.7993,0.7996,12.0,1080.0
2025-07-25T08:16:29.526637,bitmex,0.7993,0.7997,12.0,152.0
2025-07-25T08:16:29.544777,gateio,0.7976,0.7977,173.0,53.0
2025-07-25T08:16:29.554697,bybit,0.0,0.7981,0.0,8529.0
2025-07-25T08:16:29.559728,bitmex,0.7993,0.7995,12.0,667.0
2025-07-25T08:16:29.566649,blofin,0.7971,0.7973,471.0,546.0
2025-07-25T08:16:29.576908,digifinex,0.7976,0.7977,201.0,203.0
2025-07-25T08:16:29.610933,huobi,0.797868,0.797896,39.7991,389.0909
2025-07-25T08:16:29.628935,okx,0.7977,0.7978,11339.8885,24.6465
2025-07-25T08:16:29.647881,gateio,0.7976,0.7977,173.0,66.0
2025-07-25T08:16:29.648699,bitmex,0.7993,0.7995,12.0,645.0
2025-07-25T08:16:29.650881,ascendex,0.0,0.7984,0.0,0.0
2025-07-25T08:16:29.654659,bybit,0.798,0.0,20845.0,0.0
2025-07-25T08:16:29.657526,bitget,0.7978,0.7979,69393.0,204.0
2025-07-25T08:16:29.682159,bitmex,0.7992,0.7995,12.0,645.0
2025-07-25T08:16:29.689665,bitmex,0.7991,0.7995,12.0,645.0
2025-07-25T08:16:29.702882,gateio,0.7976,0.7977,200.0,66.0
2025-07-25T08:16:29.725468,okx,0.7977,0.7978,11339.8885,10.0
2025-07-25T08:16:29.754629,bybit,0.798,0.7981,340123.0,954.0
2025-07-25T08:16:29.787098,bingx,0.7976,0.7979,14249.15,9663.11
2025-07-25T08:16:29.803087,gateio,0.7976,0.7977,214.0,16.0
2025-07-25T08:16:29.808282,bitget,0.7978,0.7979,94053.0,204.0
2025-07-25T08:16:29.808707,huobi,0.797868,0.797947,39.7991,6766.6
2025-07-25T08:16:29.823398,gateio,0.7976,0.7977,200.0,16.0
2025-07-25T08:16:29.842063,gateio,0.7976,0.7977,228.0,16.0
2025-07-25T08:16:29.854815,bybit,0.798,0.7981,344926.0,12171.0
2025-07-25T08:16:29.863054,bitmex,0.7991,0.7995,34.0,645.0
2025-07-25T08:16:29.868114,okx,0.7978,0.7979,5078.4945,10.8279
2025-07-25T08:16:29.872007,bitmex,0.7992,0.7995,12.0,645.0
2025-07-25T08:16:29.912772,huobi,0.797898,0.798112,351.0,351.0
2025-07-25T08:16:29.925252,gateio,0.7976,0.7977,214.0,16.0
2025-07-25T08:16:29.943600,gateio,0.7976,0.7977,200.0,16.0
2025-07-25T08:16:29.950446,bitmex,0.7992,0.7995,34.0,645.0
2025-07-25T08:16:29.955082,bybit,0.798,0.7981,340628.0,12426.0
2025-07-25T08:16:29.955269,bitmex,0.7993,0.7995,12.0,645.0
2025-07-25T08:16:29.959842,ascendex,0.0,0.7981,0.0,0.0
2025-07-25T08:16:29.967012,bitget,0.7979,0.798,48910.0,2191.0
2025-07-25T08:16:29.975663,digifinex,0.7976,0.7978,201.0,283.0
2025-07-25T08:16:30.003681,okx,0.7978,0.7979,7536.8064,10.8279
2025-07-25T08:16:30.013764,huobi,0.797912,0.798064,39.8565,6766.5
2025-07-25T08:16:30.023596,gateio,0.7976,0.7977,173.0,16.0
2025-07-25T08:16:30.076935,digifinex,0.7977,0.7978,338.0,283.0
2025-07-25T08:16:30.077578,blofin,0.7973,0.7974,1321.0,460.0
2025-07-25T08:16:30.087100,bingx,0.7978,0.798,10389.57,43.29
2025-07-25T08:16:30.098261,okx,0.7979,0.798,1783.9768,115.0749
2025-07-25T08:16:30.111163,bitget,0.7979,0.798,67359.0,8067.0
2025-07-25T08:16:30.154993,bitmart,0.7976,0.7978,25982.0,4584.0
2025-07-25T08:16:30.155331,bybit,0.0,0.0,0.0,0.0
2025-07-25T08:16:30.162452,bitmex,0.7992,0.7995,12.0,645.0
2025-07-25T08:16:30.171893,bitmex,0.7991,0.7995,12.0,645.0
2025-07-25T08:16:30.177080,gateio,0.7976,0.7977,200.0,16.0
2025-07-25T08:16:30.220927,okx,0.7979,0.798,1355.2188,102.7354
2025-07-25T08:16:30.254827,bybit,0.798,0.0,341484.0,0.0
2025-07-25T08:16:30.257464,bitget,0.7979,0.798,67659.0,8912.0
2025-07-25T08:16:30.270825,ascendex,0.7972,0.7996,75292.0,25328.0
2025-07-25T08:16:30.280573,digifinex,0.7977,0.7978,335.0,283.0
2025-07-25T08:16:30.295593,bitmex,0.7993,0.7995,22.0,645.0
2025-07-25T08:16:30.305250,gateio,0.7976,0.7977,250.0,16.0
2025-07-25T08:16:30.308257,binance,0.7979,0.7979,0.0,0.0
2025-07-25T08:16:30.311905,huobi,0.797912,0.797957,39.8565,36.1555
2025-07-25T08:16:30.317419,bitmex,0.7993,0.7995,34.0,645.0
2025-07-25T08:16:30.345032,okx,0.7979,0.798,1200.8226,705.48
2025-07-25T08:16:30.403490,bitmex,0.7994,0.7995,12.0,645.0
2025-07-25T08:16:30.407406,bitget,0.7979,0.798,67659.0,8067.0
2025-07-25T08:16:30.455243,bybit,0.798,0.0,341485.0,0.0
2025-07-25T08:16:30.474312,gateio,0.7976,0.7977,250.0,13.0
2025-07-25T08:16:30.483129,gateio,0.7977,0.7978,50.0,5.0
2025-07-25T08:16:30.494217,gateio,0.7977,0.7978,159.0,5.0
2025-07-25T08:16:30.506149,gateio,0.7977,0.7978,237.0,5.0
2025-07-25T08:16:30.511305,huobi,0.797988,0.798064,351.0,6766.5
2025-07-25T08:16:30.525569,gateio,0.7977,0.7978,629.0,5.0
2025-07-25T08:16:30.542368,blofin,0.7974,0.7975,1160.0,3.0
2025-07-25T08:16:30.548724,gateio,0.7977,0.7978,671.0,5.0
2025-07-25T08:16:30.554676,bybit,0.7981,0.7982,45529.0,16181.0
2025-07-25T08:16:30.557741,bitget,0.7979,0.798,67659.0,7942.0
2025-07-25T08:16:30.559304,gateio,0.7977,0.7978,644.0,5.0
2025-07-25T08:16:30.566163,bitmex,0.7993,0.7995,12.0,645.0
2025-07-25T08:16:30.568014,bitmex,0.7991,0.7995,12.0,645.0
2025-07-25T08:16:30.572639,okx,0.7979,0.798,1970.2103,31.662
2025-07-25T08:16:30.576171,digifinex,0.7977,0.7978,335.0,283.0
2025-07-25T08:16:30.586304,bitmex,0.799,0.7995,12.0,645.0
2025-07-25T08:16:30.587016,ascendex,0.0,0.7982,0.0,0.0
2025-07-25T08:16:30.590761,bitmex,0.7986,0.7995,12.0,645.0
2025-07-25T08:16:30.612217,bitmex,0.7994,0.7995,22.0,645.0
2025-07-25T08:16:30.619165,huobi,0.798046,0.798345,36.4056,351.0
2025-07-25T08:16:30.634734,bitmex,0.7994,0.7998,22.0,465.0
2025-07-25T08:16:30.649193,gateio,0.7977,0.7978,644.0,55.0
2025-07-25T08:16:30.654900,bybit,0.7981,0.7982,6137.0,33914.0
2025-07-25T08:16:30.659055,gateio,0.7977,0.7978,95.0,133.0
2025-07-25T08:16:30.669887,bitmex,0.7994,0.7998,22.0,443.0
2025-07-25T08:16:30.671952,gateio,0.7977,0.7978,45.0,55.0
2025-07-25T08:16:30.675347,bitmex,0.7994,0.7999,22.0,131.0
2025-07-25T08:16:30.681751,bitmex,0.7994,0.7999,22.0,15.0
2025-07-25T08:16:30.682716,lbank,0.798,0.7981,49334.2,16126.6
2025-07-25T08:16:30.687868,gateio,0.7977,0.7978,173.0,55.0
2025-07-25T08:16:30.689531,okx,0.7979,0.798,7670.8434,31.662
2025-07-25T08:16:30.691573,bingx,0.7978,0.798,10389.57,43.29
2025-07-25T08:16:30.701290,gateio,0.7977,0.7978,95.0,55.0
2025-07-25T08:16:30.709131,bitget,0.798,0.7981,32049.0,14295.0
2025-07-25T08:16:30.710342,huobi,0.797493,0.798138,351.0,6765.6
2025-07-25T08:16:30.712993,bitmex,0.7995,0.7999,12.0,15.0
2025-07-25T08:16:30.734124,bitmex,0.7995,0.7997,12.0,667.0
2025-07-25T08:16:30.744916,gateio,0.7977,0.7978,173.0,55.0
2025-07-25T08:16:30.754929,bybit,0.7981,0.7982,10654.0,23779.0
2025-07-25T08:16:30.781241,digifinex,0.7977,0.7979,335.0,140.0
2025-07-25T08:16:30.792606,okx,0.7979,0.798,5116.9615,109.0535
2025-07-25T08:16:30.801947,bitmex,0.7994,0.7997,22.0,667.0
2025-07-25T08:16:30.801988,bitmex,0.7994,0.7997,34.0,667.0
2025-07-25T08:16:30.809085,gateio,0.7977,0.7978,200.0,55.0
2025-07-25T08:16:30.816413,huobi,0.797653,0.798042,351.0,390.9354
2025-07-25T08:16:30.854566,bybit,0.7981,0.0,6478.0,0.0
2025-07-25T08:16:30.864873,bitget,0.798,0.7981,65462.0,17328.0
2025-07-25T08:16:30.883680,digifinex,0.7978,0.7979,122.0,189.0
2025-07-25T08:16:30.897334,okx,0.7979,0.798,7679.9387,31.662
2025-07-25T08:16:30.901062,ascendex,0.0,0.7986,0.0,93891.0
2025-07-25T08:16:30.907306,gateio,0.7977,0.7978,122.0,55.0
2025-07-25T08:16:30.907350,gateio,0.7977,0.7978,122.0,133.0
2025-07-25T08:16:30.910240,huobi,0.797733,0.798042,351.0,390.9354
2025-07-25T08:16:30.928770,gateio,0.7976,0.7978,942.0,148.0
2025-07-25T08:16:30.947953,gateio,0.7976,0.7977,900.0,62.0
2025-07-25T08:16:30.947989,gateio,0.7976,0.7977,452.0,62.0
2025-07-25T08:16:30.954608,bybit,0.798,0.7981,10553.0,19042.0
2025-07-25T08:16:30.961204,gateio,0.7976,0.7977,377.0,62.0
2025-07-25T08:16:30.977371,digifinex,0.7977,0.7979,335.0,189.0
2025-07-25T08:16:31.005630,okx,0.7979,0.798,8055.8873,31.662
2025-07-25T08:16:31.009496,bitget,0.798,0.7981,16563.0,52554.0
2025-07-25T08:16:31.012313,huobi,0.79799,0.798019,36.5441,389.0433
2025-07-25T08:16:31.028496,bitmex,0.7994,0.7997,22.0,667.0
2025-07-25T08:16:31.028534,bitmex,0.7994,0.7997,44.0,667.0
2025-07-25T08:16:31.054594,bybit,0.0,0.0,0.0,0.0
2025-07-25T08:16:31.076353,digifinex,0.7977,0.7978,335.0,155.0
2025-07-25T08:16:31.087284,blofin,0.7974,0.7975,1070.0,3.0
2025-07-25T08:16:31.108264,huobi,0.797735,0.798019,351.0,389.0433
2025-07-25T08:16:31.110706,okx,0.7979,0.798,300.8226,1676.4738
2025-07-25T08:16:31.154168,bybit,0.0,0.7981,0.0,4637.0
2025-07-25T08:16:31.164919,bitget,0.7979,0.7981,54937.0,52554.0
2025-07-25T08:16:31.185912,lbank,0.798,0.7981,49334.2,16126.6
2025-07-25T08:16:31.207501,bitmart,0.7977,0.7979,4286.0,15683.0
2025-07-25T08:16:31.209175,ascendex,0.0,0.7989,0.0,0.0
2025-07-25T08:16:31.235054,gateio,0.7976,0.7978,377.0,370.0
2025-07-25T08:16:31.244874,gateio,0.7977,0.7978,95.0,148.0
2025-07-25T08:16:31.249614,okx,0.7979,0.798,1576.7793,776.4738
2025-07-25T08:16:31.255675,bybit,0.7981,0.7982,461866.0,16472.0
2025-07-25T08:16:31.264980,gateio,0.7977,0.7979,282.0,78.0
2025-07-25T08:16:31.277528,digifinex,0.7977,0.7978,335.0,155.0
2025-07-25T08:16:31.280685,gateio,0.7978,0.7979,45.0,128.0
2025-07-25T08:16:31.308241,binance,0.798,0.798,0.0,0.0
2025-07-25T08:16:31.308842,bitget,0.798,0.7981,17139.0,17541.0
2025-07-25T08:16:31.309364,huobi,0.79803,0.798345,351.0,351.0
2025-07-25T08:16:31.345319,bitmex,0.7994,0.7999,44.0,15.0
2025-07-25T08:16:31.355196,bybit,0.7981,0.0,464015.0,0.0
2025-07-25T08:16:31.359263,bitmex,0.7994,0.7999,56.0,15.0
2025-07-25T08:16:31.374361,bitmex,0.7995,0.7999,12.0,15.0
2025-07-25T08:16:31.375760,okx,0.7979,0.798,4999.2324,31.662
2025-07-25T08:16:31.409086,huobi,0.798007,0.798099,37.4566,6765.5
2025-07-25T08:16:31.436930,mexc,0.7977,0.7978,58108514.0,58108514.0
2025-07-25T08:16:31.445861,bitmex,0.7995,0.7997,12.0,667.0
2025-07-25T08:16:31.449108,bitmex,0.7994,0.7997,56.0,667.0
2025-07-25T08:16:31.455616,bybit,0.0,0.7982,0.0,16217.0
2025-07-25T08:16:31.459057,bitget,0.798,0.7981,57871.0,16696.0
2025-07-25T08:16:31.478177,bitmex,0.7994,0.7997,34.0,667.0
2025-07-25T08:16:31.495576,okx,0.7979,0.798,9874.1267,31.662
2025-07-25T08:16:31.503859,bitmex,0.7994,0.7997,56.0,667.0
2025-07-25T08:16:31.510520,huobi,0.798008,0.798099,351.0,6765.5
2025-07-25T08:16:31.529617,ascendex,0.7861,0.7984,0.0,93914.0
2025-07-25T08:16:31.533035,gateio,0.7978,0.7979,45.0,127.0
2025-07-25T08:16:31.554878,bybit,0.7981,0.0,463500.0,0.0
2025-07-25T08:16:31.556693,blofin,0.7975,0.7976,1071.0,210.0
2025-07-25T08:16:31.575802,digifinex,0.7977,0.7979,335.0,189.0
2025-07-25T08:16:31.589532,bingx,0.7978,0.798,10389.57,43.29
2025-07-25T08:16:31.608689,bitget,0.798,0.7981,62679.0,16696.0
2025-07-25T08:16:31.609194,huobi,0.798008,0.798049,351.0,39.2046
2025-07-25T08:16:31.654833,bybit,0.0,0.7982,0.0,16472.0
2025-07-25T08:16:31.684546,lbank,0.798,0.7981,49334.2,16126.6
2025-07-25T08:16:31.708360,huobi,0.798032,0.798099,38.3711,6765.5
2025-07-25T08:16:31.733059,gateio,0.7978,0.7979,173.0,50.0
2025-07-25T08:16:31.754226,bybit,0.0,0.7982,0.0,16482.0
2025-07-25T08:16:31.757042,bitmex,0.7995,0.7997,12.0,667.0
2025-07-25T08:16:31.759667,gateio,0.7978,0.7979,95.0,128.0
2025-07-25T08:16:31.759741,bitget,0.798,0.7981,62679.0,16921.0
2025-07-25T08:16:31.791025,gateio,0.7978,0.7979,45.0,128.0
2025-07-25T08:16:31.801681,gateio,0.7977,0.7979,627.0,148.0
2025-07-25T08:16:31.809624,huobi,0.797815,0.798099,351.0,6765.5
2025-07-25T08:16:31.825296,gateio,0.7977,0.7978,535.0,198.0
2025-07-25T08:16:31.845467,gateio,0.7977,0.7978,535.0,164.0
2025-07-25T08:16:31.849469,ascendex,0.0,0.7986,0.0,0.0
2025-07-25T08:16:31.855019,bybit,0.7981,0.7982,449615.0,35724.0
2025-07-25T08:16:31.861177,gateio,0.7977,0.7978,562.0,164.0
2025-07-25T08:16:31.864119,okx,0.7979,0.798,10199.8655,31.662
2025-07-25T08:16:31.890724,gateio,0.7977,0.7978,122.0,164.0
2025-07-25T08:16:31.901515,gateio,0.7976,0.7977,575.0,39.0
2025-07-25T08:16:31.910307,bitget,0.798,0.7981,41021.0,17766.0
2025-07-25T08:16:31.917724,bitmex,0.7994,0.7997,56.0,667.0
2025-07-25T08:16:31.919334,gateio,0.7976,0.7977,95.0,143.0
2025-07-25T08:16:31.933238,gateio,0.7976,0.7977,95.0,92.0
2025-07-25T08:16:31.954766,bybit,0.0,0.7982,0.0,38715.0
2025-07-25T08:16:31.963303,gateio,0.7976,0.7977,200.0,62.0
2025-07-25T08:16:31.971725,okx,0.7979,0.798,6292.9182,21.662
2025-07-25T08:16:31.975385,gateio,0.7976,0.7977,173.0,62.0
2025-07-25T08:16:32.013250,huobi,0.797775,0.798007,351.0,390.6432
2025-07-25T08:16:32.017206,bitmex,0.7994,0.7997,44.0,667.0
2025-07-25T08:16:32.054432,bybit,0.0,0.7982,0.0,35157.0
2025-07-25T08:16:32.059542,bitget,0.798,0.7981,15308.0,20637.0
2025-07-25T08:16:32.079093,digifinex,0.7977,0.7978,335.0,143.0
2025-07-25T08:16:32.085415,blofin,0.7975,0.7976,1071.0,210.0
2025-07-25T08:16:32.097879,okx,0.7979,0.798,3674.8943,21.662
2025-07-25T08:16:32.103761,gateio,0.7976,0.7977,173.0,12.0
2025-07-25T08:16:32.144625,bitmex,0.7994,0.7997,56.0,667.0
2025-07-25T08:16:32.151985,ascendex,0.7958,0.0,0.0,0.0
2025-07-25T08:16:32.155827,bybit,0.7981,0.7982,449956.0,34907.0
2025-07-25T08:16:32.164772,gateio,0.7976,0.7977,200.0,12.0
2025-07-25T08:16:32.184273,lbank,0.798,0.7981,49334.2,16126.6
2025-07-25T08:16:32.199973,okx,0.7979,0.798,3816.9615,21.662
2025-07-25T08:16:32.209122,huobi,0.797963,0.798007,37.0077,390.6432
2025-07-25T08:16:32.209644,bitget,0.798,0.7981,17257.0,12555.0
2025-07-25T08:16:32.225560,bitmart,0.7977,0.7979,4131.0,20589.0
2025-07-25T08:16:32.254303,bybit,0.7981,0.7982,1634.0,31676.0
2025-07-25T08:16:32.291523,digifinex,0.7977,0.7978,335.0,129.0
2025-07-25T08:16:32.307865,binance,0.798,0.798,0.0,0.0
2025-07-25T08:16:32.312756,gateio,0.7976,0.7977,77.0,62.0
2025-07-25T08:16:32.322971,gateio,0.7976,0.7977,77.0,690.0
2025-07-25T08:16:32.339243,gateio,0.7976,0.7977,77.0,62.0
2025-07-25T08:16:32.353753,okx,0.7979,0.798,818.8162,21.662
2025-07-25T08:16:32.354595,bybit,0.798,0.7981,2814.0,39507.0
2025-07-25T08:16:32.359647,bitget,0.798,0.7981,1949.0,19071.0
2025-07-25T08:16:32.378984,gateio,0.7976,0.7977,50.0,140.0
2025-07-25T08:16:32.393199,gateio,0.7975,0.7976,1052.0,12.0
2025-07-25T08:16:32.410234,huobi,0.797657,0.798007,59.5282,351.0
2025-07-25T08:16:32.412752,gateio,0.7975,0.7976,415.0,12.0
2025-07-25T08:16:32.428178,bitmex,0.7994,0.7997,44.0,667.0
2025-07-25T08:16:32.446978,gateio,0.7975,0.7976,442.0,12.0
2025-07-25T08:16:32.454766,bybit,0.7979,0.798,7.0,36004.0
2025-07-25T08:16:32.456942,gateio,0.7975,0.7976,415.0,140.0
2025-07-25T08:16:32.462285,bitmex,0.7994,0.7997,22.0,667.0
2025-07-25T08:16:32.466979,gateio,0.7975,0.7976,50.0,148.0
2025-07-25T08:16:32.474158,okx,0.7978,0.7979,1235.0,1582.7027
2025-07-25T08:16:32.477853,ascendex,0.7889,0.0,38842.0,0.0
2025-07-25T08:16:32.478911,gateio,0.7974,0.7976,1325.0,148.0
2025-07-25T08:16:32.487472,gateio,0.7974,0.7975,1150.0,62.0
2025-07-25T08:16:32.496428,bingx,0.7978,0.798,10389.57,43.29
2025-07-25T08:16:32.505389,gateio,0.7974,0.7975,1403.0,62.0
2025-07-25T08:16:32.512387,bitget,0.7978,0.798,32406.0,58049.0
2025-07-25T08:16:32.513315,huobi,0.797494,0.797874,6.6983,36.5025
2025-07-25T08:16:32.531270,gateio,0.7974,0.7975,1150.0,62.0
2025-07-25T08:16:32.545909,gateio,0.7974,0.7975,50.0,62.0
2025-07-25T08:16:32.557155,bybit,0.0,0.798,0.0,41555.0
2025-07-25T08:16:32.559517,blofin,0.7975,0.7976,429.0,210.0
2025-07-25T08:16:32.560154,gateio,0.7974,0.7975,50.0,140.0
2025-07-25T08:16:32.576038,okx,0.7977,0.7979,971.6958,4863.0886
2025-07-25T08:16:32.579249,digifinex,0.7976,0.7978,201.0,129.0
2025-07-25T08:16:32.613828,huobi,0.79756,0.797808,351.0,390.8864
2025-07-25T08:16:32.623869,bitmex,0.7994,0.7996,22.0,28.0
2025-07-25T08:16:32.626982,bitmex,0.7994,0.7996,22.0,200.0
2025-07-25T08:16:32.633654,bitmex,0.7994,0.7996,22.0,212.0
2025-07-25T08:16:32.645521,gateio,0.7973,0.7974,929.0,24.0
2025-07-25T08:16:32.656076,bybit,0.7977,0.7978,6492.0,31394.0
2025-07-25T08:16:32.660550,gateio,0.7973,0.7974,568.0,116.0
2025-07-25T08:16:32.660685,bitget,0.7977,0.7979,47136.0,42644.0
2025-07-25T08:16:32.679227,gateio,0.7973,0.7974,50.0,116.0
2025-07-25T08:16:32.679690,digifinex,0.7975,0.7977,286.0,146.0
2025-07-25T08:16:32.680078,okx,0.7977,0.7978,15.0,4858.774
2025-07-25T08:16:32.685546,lbank,0.798,0.7981,49334.2,16126.6
2025-07-25T08:16:32.688887,gateio,0.7973,0.7974,50.0,194.0
2025-07-25T08:16:32.704230,bitmex,0.7994,0.7996,13.0,212.0
2025-07-25T08:16:32.711084,gateio,0.7972,0.7974,352.0,208.0
2025-07-25T08:16:32.711497,huobi,0.797333,0.797719,351.0,38.5897
2025-07-25T08:16:32.725326,gateio,0.7972,0.7973,274.0,12.0
2025-07-25T08:16:32.738732,gateio,0.7973,0.7974,84.0,62.0
2025-07-25T08:16:32.748879,gateio,0.7974,0.7975,12.0,50.0
2025-07-25T08:16:32.754546,bybit,0.7979,0.798,12752.0,6892.0
2025-07-25T08:16:32.765186,gateio,0.7974,0.7975,221.0,50.0
2025-07-25T08:16:32.769034,bitmex,0.7987,0.7996,10.0,212.0
2025-07-25T08:16:32.771755,bitmex,0.7988,0.7996,12.0,212.0
2025-07-25T08:16:32.786217,ascendex,0.7972,0.7982,0.0,93938.0
2025-07-25T08:16:32.787314,okx,0.7976,0.7977,414.0001,1895.2028
2025-07-25T08:16:32.795449,bitmex,0.7988,0.7994,12.0,667.0
2025-07-25T08:16:32.805477,bingx,0.7978,0.798,10389.57,43.29
2025-07-25T08:16:32.806884,gateio,0.7974,0.7976,221.0,140.0
2025-07-25T08:16:32.810564,huobi,0.797692,0.797891,37.3653,858.9151
2025-07-25T08:16:32.815273,bitget,0.7976,0.7978,23864.0,55253.0
2025-07-25T08:16:32.816975,gateio,0.7975,0.7976,45.0,140.0
2025-07-25T08:16:32.827812,gateio,0.7975,0.7976,45.0,128.0
2025-07-25T08:16:32.838872,gateio,0.7975,0.7977,123.0,64.0
2025-07-25T08:16:32.848740,gateio,0.7975,0.7977,294.0,50.0
2025-07-25T08:16:32.855471,bybit,0.7979,0.798,35278.0,8667.0
2025-07-25T08:16:32.860877,gateio,0.7975,0.7977,321.0,50.0
2025-07-25T08:16:32.871231,bitmex,0.7991,0.7994,22.0,667.0
2025-07-25T08:16:32.874991,gateio,0.7975,0.7977,294.0,128.0
2025-07-25T08:16:32.877038,bitmex,0.7991,0.7994,34.0,667.0
2025-07-25T08:16:32.882039,digifinex,0.7974,0.7977,32.0,146.0
2025-07-25T08:16:32.898342,okx,0.7976,0.7977,2699.8314,405.1669
2025-07-25T08:16:32.902963,gateio,0.7976,0.7977,45.0,128.0
2025-07-25T08:16:32.909441,huobi,0.797792,0.797971,39.7073,351.0
2025-07-25T08:16:32.941051,gateio,0.7975,0.7977,290.0,128.0
2025-07-25T08:16:32.948344,bitmex,0.7992,0.7994,12.0,667.0
2025-07-25T08:16:32.952698,gateio,0.7975,0.7976,290.0,174.0
2025-07-25T08:16:32.955930,bybit,0.7979,0.798,3446.0,20574.0
2025-07-25T08:16:32.960021,bitget,0.7978,0.7979,576.0,1867.0
2025-07-25T08:16:32.965221,gateio,0.7975,0.7976,95.0,174.0
2025-07-25T08:16:32.975946,digifinex,0.7975,0.7977,374.0,146.0
2025-07-25T08:16:32.977145,gateio,0.7974,0.7976,644.0,252.0
2025-07-25T08:16:32.988981,gateio,0.7974,0.7975,311.0,198.0
2025-07-25T08:16:32.998482,gateio,0.7974,0.7975,95.0,198.0
2025-07-25T08:16:33.001275,okx,0.7978,0.7979,142.1154,1574.2123
2025-07-25T08:16:33.011377,gateio,0.7974,0.7975,95.0,276.0
2025-07-25T08:16:33.013349,huobi,0.797333,0.797902,351.0,830.6475
2025-07-25T08:16:33.045452,gateio,0.7974,0.7975,45.0,276.0
2025-07-25T08:16:33.054633,bybit,0.7978,0.7979,3453.0,23885.0
2025-07-25T08:16:33.065357,gateio,0.7973,0.7975,1590.0,276.0
2025-07-25T08:16:33.076135,digifinex,0.7974,0.7977,32.0,146.0
2025-07-25T08:16:33.077152,bitmex,0.7991,0.7994,12.0,667.0
2025-07-25T08:16:33.077201,bitmex,0.7991,0.7994,12.0,645.0
2025-07-25T08:16:33.077713,gateio,0.7973,0.7974,1640.0,12.0
2025-07-25T08:16:33.080350,bitmex,0.7988,0.7994,12.0,645.0
2025-07-25T08:16:33.083384,blofin,0.7972,0.7975,289.0,1125.0
2025-07-25T08:16:33.090083,ascendex,0.7956,0.7984,75462.0,0.0
2025-07-25T08:16:33.101020,bingx,0.7977,0.7979,10372.73,18.76
2025-07-25T08:16:33.107252,okx,0.7977,0.7978,3674.8943,1881.5539
2025-07-25T08:16:33.111136,huobi,0.797493,0.797902,351.0,830.6475
2025-07-25T08:16:33.112543,bitget,0.7977,0.7979,13639.0,40109.0
2025-07-25T08:16:33.125298,gateio,0.7973,0.7974,568.0,12.0
2025-07-25T08:16:33.138955,gateio,0.7973,0.7974,527.0,12.0
2025-07-25T08:16:33.149164,gateio,0.7973,0.7974,563.0,62.0
2025-07-25T08:16:33.154628,bybit,0.7978,0.7979,7.0,30959.0
2025-07-25T08:16:33.159350,gateio,0.7973,0.7974,61.0,170.0
2025-07-25T08:16:33.169495,gateio,0.7972,0.7974,1663.0,170.0
2025-07-25T08:16:33.183072,gateio,0.7972,0.7973,1571.0,12.0
2025-07-25T08:16:33.187436,lbank,0.7977,0.7979,14016.2,64913.1
2025-07-25T08:16:33.193094,bitmart,0.7975,0.7976,7083.0,27604.0
2025-07-25T08:16:33.196945,gateio,0.7972,0.7973,1374.0,12.0
2025-07-25T08:16:33.210994,gateio,0.7972,0.7973,427.0,12.0
2025-07-25T08:16:33.213257,huobi,0.797413,0.797693,351.0,387.8655
2025-07-25T08:16:33.217202,okx,0.7976,0.7977,20.0,4857.6508
2025-07-25T08:16:33.221536,gateio,0.7972,0.7973,128.0,12.0
2025-07-25T08:16:33.233023,gateio,0.7972,0.7973,50.0,62.0
2025-07-25T08:16:33.240886,bitmex,0.7992,0.7994,22.0,645.0
2025-07-25T08:16:33.244658,gateio,0.7972,0.7973,95.0,62.0
2025-07-25T08:16:33.254840,bybit,0.0,0.7979,0.0,32545.0
2025-07-25T08:16:33.255136,bitmex,0.7993,0.7994,22.0,645.0
2025-07-25T08:16:33.261591,bitget,0.7976,0.7978,15658.0,59567.0
2025-07-25T08:16:33.276773,digifinex,0.7974,0.7976,32.0,309.0
2025-07-25T08:16:33.296756,gateio,0.7972,0.7973,50.0,62.0
2025-07-25T08:16:33.309101,binance,0.7978,0.7978,0.0,0.0
2025-07-25T08:16:33.312877,huobi,0.797333,0.797666,351.0,387.0016
2025-07-25T08:16:33.327027,okx,0.7975,0.7977,1375.0212,4857.6508
2025-07-25T08:16:33.329223,gateio,0.7972,0.7973,50.0,140.0
2025-07-25T08:16:33.338337,bitmex,0.7992,0.7994,22.0,645.0
2025-07-25T08:16:33.339172,gateio,0.7972,0.7973,95.0,140.0
2025-07-25T08:16:33.354691,bybit,0.7976,0.7977,6159.0,16724.0
2025-07-25T08:16:33.376446,digifinex,0.7973,0.7975,273.0,370.0
2025-07-25T08:16:33.409944,ascendex,0.0,0.7986,0.0,85759.0
2025-07-25T08:16:33.410500,bitget,0.7976,0.7977,350.0,51913.0
2025-07-25T08:16:33.411054,huobi,0.797333,0.7975,351.0,842.5258
2025-07-25T08:16:33.427366,okx,0.7974,0.7975,1829.5277,2002.7446
2025-07-25T08:16:33.441916,bitmex,0.7988,0.7994,12.0,645.0
2025-07-25T08:16:33.452186,bitmex,0.7988,0.7993,12.0,166.0
2025-07-25T08:16:33.452284,bitmex,0.7988,0.7993,12.0,194.0
2025-07-25T08:16:33.452930,gateio,0.7972,0.7973,50.0,140.0
2025-07-25T08:16:33.454803,bybit,0.7976,0.7977,5904.0,16584.0
2025-07-25T08:16:33.477215,gateio,0.7971,0.7973,997.0,148.0
2025-07-25T08:16:33.484048,digifinex,0.7973,0.7974,273.0,203.0
2025-07-25T08:16:33.511300,huobi,0.797567,0.797627,37.6198,39.6354
2025-07-25T08:16:33.517282,gateio,0.7971,0.7972,1252.0,74.0
2025-07-25T08:16:33.527097,gateio,0.7971,0.7972,816.0,116.0
2025-07-25T08:16:33.554940,blofin,0.7972,0.7975,289.0,1125.0
2025-07-25T08:16:33.556129,bybit,0.7976,0.7977,21.0,25952.0
2025-07-25T08:16:33.561365,bitget,0.7975,0.7976,17257.0,19170.0
2025-07-25T08:16:33.564639,gateio,0.7971,0.7972,451.0,116.0
2025-07-25T08:16:33.573063,bitmex,0.7989,0.7993,22.0,194.0
2025-07-25T08:16:33.576333,gateio,0.7971,0.7972,383.0,116.0
2025-07-25T08:16:33.585342,digifinex,0.7972,0.7974,30.0,203.0
2025-07-25T08:16:33.586960,gateio,0.7971,0.7972,50.0,116.0
2025-07-25T08:16:33.597604,gateio,0.7971,0.7972,95.0,194.0
2025-07-25T08:16:33.612462,huobi,0.797085,0.797502,351.0,36.6728
2025-07-25T08:16:33.643193,gateio,0.797,0.7972,1306.0,194.0
2025-07-25T08:16:33.648953,okx,0.7974,0.7975,35.0,5370.255
2025-07-25T08:16:33.654562,bybit,0.7976,0.7977,5888.0,25571.0
2025-07-25T08:16:33.659056,gateio,0.797,0.7971,1228.0,18.0
2025-07-25T08:16:33.684344,gateio,0.7971,0.7972,365.0,42.0
2025-07-25T08:16:33.686329,lbank,0.7974,0.7975,61402.5,65253.6
2025-07-25T08:16:33.698418,bingx,0.7976,0.7978,37.48,16147.47
2025-07-25T08:16:33.699183,gateio,0.7971,0.7973,444.0,148.0
2025-07-25T08:16:33.712823,huobi,0.797085,0.797893,351.0,29.7641
2025-07-25T08:16:33.714548,bitget,0.7974,0.7976,15493.0,57393.0
2025-07-25T08:16:33.724825,gateio,0.7972,0.7973,162.0,148.0
2025-07-25T08:16:33.729990,ascendex,0.7969,0.7979,0.0,93961.0
2025-07-25T08:16:33.745004,gateio,0.7972,0.7973,50.0,148.0
2025-07-25T08:16:33.753830,okx,0.7974,0.7975,1062.0976,602.7446
2025-07-25T08:16:33.754817,bybit,0.7976,0.7977,6492.0,18149.0
2025-07-25T08:16:33.768808,bitmex,0.7989,0.7994,22.0,645.0
2025-07-25T08:16:33.779867,digifinex,0.7972,0.7973,30.0,240.0
2025-07-25T08:16:33.789378,bitmex,0.7989,0.7994,34.0,645.0
2025-07-25T08:16:33.794678,bitmex,0.7989,0.7993,34.0,166.0
2025-07-25T08:16:33.796215,bitmex,0.7989,0.7993,34.0,194.0
2025-07-25T08:16:33.830135,bitmex,0.7992,0.7993,22.0,194.0
2025-07-25T08:16:33.832218,mexc,0.7977,0.7978,58178514.0,58178514.0
2025-07-25T08:16:33.837358,bitmex,0.7992,0.7994,22.0,645.0
2025-07-25T08:16:33.848571,huobi,0.797005,0.797888,351.0,1600.0
2025-07-25T08:16:33.854427,bybit,0.7976,0.7977,3801.0,17029.0
2025-07-25T08:16:33.861804,bitget,0.7974,0.7975,46127.0,5717.0
2025-07-25T08:16:33.876985,digifinex,0.7972,0.7973,30.0,235.0
2025-07-25T08:16:33.910670,huobi,0.79748,0.797607,351.0,351.0
2025-07-25T08:16:33.974094,gateio,0.7971,0.7973,926.0,148.0
2025-07-25T08:16:34.009754,huobi,0.79748,0.79752,351.0,36.8024
2025-07-25T08:16:34.010814,bitget,0.7974,0.7975,62690.0,5526.0
2025-07-25T08:16:34.032674,bitmex,0.7989,0.7994,12.0,645.0
2025-07-25T08:16:34.038716,bitmex,0.7989,0.7993,12.0,166.0
2025-07-25T08:16:34.039064,bitmex,0.7989,0.7993,12.0,194.0
2025-07-25T08:16:34.039469,bitmex,0.7988,0.7993,12.0,194.0
2025-07-25T08:16:34.049927,ascendex,0.7967,0.0,75339.0,0.0
2025-07-25T08:16:34.054253,bybit,0.7976,0.0,6492.0,0.0
2025-07-25T08:16:34.061621,bitmex,0.7991,0.7993,22.0,194.0
2025-07-25T08:16:34.069917,blofin,0.7971,0.7974,93.0,558.0
2025-07-25T08:16:34.161137,bitget,0.7974,0.7975,62690.0,5526.0
2025-07-25T08:16:34.183004,lbank,0.7974,0.7975,61402.5,65253.6
2025-07-25T08:16:34.217137,bitmart,0.7972,0.7973,16888.0,10033.0
2025-07-25T08:16:34.303481,bingx,0.7976,0.7978,37.48,16147.47
2025-07-25T08:16:34.307140,binance,0.7976,0.7976,0.0,0.0
2025-07-25T08:16:34.308590,huobi,0.79748,0.79752,351.0,36.8024
2025-07-25T08:16:34.317936,bitget,0.7974,0.7975,62690.0,5526.0
2025-07-25T08:16:34.355179,bybit,0.7976,0.0,6504.0,0.0
2025-07-25T08:16:34.359897,ascendex,0.7956,0.0,139348.0,0.0
2025-07-25T08:16:34.363139,gateio,0.7972,0.7973,50.0,148.0
2025-07-25T08:16:34.409103,huobi,0.797478,0.79752,37.3479,36.8024
2025-07-25T08:16:34.451502,gateio,0.7973,0.7974,858.0,50.0
2025-07-25T08:16:34.454695,bybit,0.7977,0.7978,42271.0,7.0
2025-07-25T08:16:34.462532,bitget,0.7974,0.7975,62690.0,5526.0
2025-07-25T08:16:34.465715,gateio,0.7973,0.7974,943.0,50.0
2025-07-25T08:16:34.477475,digifinex,0.7972,0.7974,30.0,203.0
2025-07-25T08:16:34.492940,gateio,0.7973,0.7974,957.0,50.0
2025-07-25T08:16:34.505246,gateio,0.7973,0.7975,984.0,50.0
2025-07-25T08:16:34.517918,huobi,0.79761,0.797679,37.3267,6763.7
2025-07-25T08:16:34.518432,okx,0.7975,0.7976,8850.8547,10.0
2025-07-25T08:16:34.520946,gateio,0.7974,0.7975,105.0,50.0
2025-07-25T08:16:34.543611,gateio,0.7974,0.7975,296.0,50.0
2025-07-25T08:16:34.554838,bybit,0.7977,0.0,43060.0,0.0
2025-07-25T08:16:34.559163,gateio,0.7974,0.7975,323.0,50.0
2025-07-25T08:16:34.564199,blofin,0.797,0.7972,8.0,874.0
2025-07-25T08:16:34.564699,bitmex,0.7991,0.7994,22.0,645.0
2025-07-25T08:16:34.565902,bitmex,0.7991,0.7994,34.0,645.0
2025-07-25T08:16:34.576343,bitmex,0.7992,0.7994,12.0,645.0
2025-07-25T08:16:34.576892,digifinex,0.7973,0.7976,466.0,288.0
2025-07-25T08:16:34.583773,bitmex,0.7991,0.7994,34.0,645.0
2025-07-25T08:16:34.610148,bitget,0.7976,0.7977,79824.0,125.0
2025-07-25T08:16:34.610667,huobi,0.797678,0.797679,39.8972,6763.7
2025-07-25T08:16:34.611407,bitmex,0.7991,0.7999,34.0,15.0
2025-07-25T08:16:34.626890,okx,0.7976,0.7977,4018.4142,602.7446
2025-07-25T08:16:34.655069,bybit,0.7978,0.7979,54010.0,8734.0
2025-07-25T08:16:34.671837,ascendex,0.797,0.7979,75311.0,0.0
2025-07-25T08:16:34.677438,digifinex,0.7975,0.7976,366.0,288.0
2025-07-25T08:16:34.682001,bitmex,0.7992,0.7999,12.0,15.0
2025-07-25T08:16:34.684886,lbank,0.7974,0.7975,61402.5,65253.6
2025-07-25T08:16:34.687014,bitmex,0.7991,0.7999,34.0,15.0
2025-07-25T08:16:34.692319,bitmex,0.7992,0.7999,12.0,15.0
2025-07-25T08:16:34.709251,bitmex,0.7992,0.7994,12.0,667.0
2025-07-25T08:16:34.715922,huobi,0.797733,0.79786,38.7009,6763.6
2025-07-25T08:16:34.715990,bitmex,0.7991,0.7994,34.0,667.0
2025-07-25T08:16:34.754475,bybit,0.7978,0.0,51352.0,0.0
2025-07-25T08:16:34.760349,bitget,0.7977,0.7978,576.0,1867.0
2025-07-25T08:16:34.768398,okx,0.7976,0.7978,5737.7943,10.0
2025-07-25T08:16:34.777082,digifinex,0.7975,0.7976,160.0,288.0
2025-07-25T08:16:34.809581,huobi,0.797753,0.797776,36.5024,351.0
2025-07-25T08:16:34.855129,bybit,0.7978,0.0,24711.0,0.0
2025-07-25T08:16:34.862545,bitmex,0.7992,0.7994,12.0,667.0
2025-07-25T08:16:34.892171,okx,0.7977,0.7978,4716.9119,10.0
2025-07-25T08:16:34.902599,bitmex,0.7991,0.7994,34.0,667.0
2025-07-25T08:16:34.909484,huobi,0.797561,0.797776,351.0,351.0
2025-07-25T08:16:34.914716,bitget,0.7977,0.7978,53443.0,3038.0
2025-07-25T08:16:34.940935,gateio,0.7974,0.7975,296.0,50.0
2025-07-25T08:16:34.954838,bybit,0.0,0.7979,0.0,9013.0
2025-07-25T08:16:34.960944,gateio,0.7974,0.7975,233.0,50.0
2025-07-25T08:16:34.975735,digifinex,0.7975,0.7976,160.0,264.0
2025-07-25T08:16:34.981161,ascendex,0.0,0.7982,0.0,93938.0
2025-07-25T08:16:34.998627,okx,0.7977,0.7978,3674.8943,982.2138
2025-07-25T08:16:35.009582,huobi,0.797561,0.797776,351.0,351.0
2025-07-25T08:16:35.042991,gateio,0.7974,0.7975,260.0,50.0
2025-07-25T08:16:35.045530,bitmex,0.7991,0.7994,56.0,667.0
2025-07-25T08:16:35.054932,gateio,0.7974,0.7975,233.0,50.0
2025-07-25T08:16:35.060542,bitmex,0.7992,0.7994,12.0,667.0
2025-07-25T08:16:35.063861,bitget,0.7977,0.7978,49479.0,3038.0
2025-07-25T08:16:35.088372,blofin,0.797,0.7972,8.0,874.0
2025-07-25T08:16:35.101604,okx,0.7977,0.7979,4939.2082,971.4677
2025-07-25T08:16:35.105021,gateio,0.7974,0.7976,233.0,128.0
2025-07-25T08:16:35.109573,huobi,0.797754,0.797776,39.9688,351.0
2025-07-25T08:16:35.124992,gateio,0.7975,0.7976,45.0,128.0
2025-07-25T08:16:35.154430,bybit,0.7978,0.0,25634.0,0.0
2025-07-25T08:16:35.186180,lbank,0.7977,0.7978,58185.7,7723.2
2025-07-25T08:16:35.206559,bitmart,0.7975,0.7976,21789.0,1020.0
2025-07-25T08:16:35.211555,bitget,0.7977,0.7978,49479.0,2217.0
2025-07-25T08:16:35.211636,okx,0.7977,0.7978,3816.9029,1502.7446
2025-07-25T08:16:35.221662,bingx,0.7976,0.7978,37.48,16147.47
2025-07-25T08:16:35.254971,bybit,0.7978,0.0,32134.0,0.0
2025-07-25T08:16:35.301367,ascendex,0.7964,0.0,75386.0,0.0
2025-07-25T08:16:35.306573,binance,0.7977,0.7977,0.0,0.0
2025-07-25T08:16:35.309073,okx,0.7977,0.7978,3816.9029,602.7446
2025-07-25T08:16:35.323807,gateio,0.7975,0.7976,45.0,704.0
2025-07-25T08:16:35.354777,bybit,0.7978,0.7979,34283.0,2790.0
2025-07-25T08:16:35.357079,gateio,0.7975,0.7976,45.0,50.0
2025-07-25T08:16:35.362256,bitget,0.7977,0.7978,49479.0,2688.0
2025-07-25T08:16:35.409711,huobi,0.797775,0.797776,38.3953,351.0
2025-07-25T08:16:35.454903,bybit,0.7978,0.0,25634.0,0.0
2025-07-25T08:16:35.505138,bingx,0.7976,0.7978,37.48,16147.47
2025-07-25T08:16:35.510535,bitget,0.7977,0.7978,49479.0,821.0
2025-07-25T08:16:35.531949,gateio,0.7975,0.7976,95.0,50.0
2025-07-25T08:16:35.545619,gateio,0.7976,0.7977,110.0,272.0
2025-07-25T08:16:35.546249,blofin,0.7971,0.7972,895.0,3.0
2025-07-25T08:16:35.551397,okx,0.7977,0.7978,3816.9029,1502.7446
2025-07-25T08:16:35.552712,gateio,0.7976,0.7977,112.0,50.0
2025-07-25T08:16:35.555001,bybit,0.7981,0.7982,8607.0,28277.0
2025-07-25T08:16:35.566378,gateio,0.7976,0.7977,139.0,50.0
2025-07-25T08:16:35.576536,digifinex,0.7975,0.7976,160.0,264.0
2025-07-25T08:16:35.603846,gateio,0.7976,0.7978,139.0,350.0
2025-07-25T08:16:35.612542,huobi,0.797946,0.798345,38.7569,351.0
2025-07-25T08:16:35.616363,gateio,0.7976,0.7978,441.0,128.0
2025-07-25T08:16:35.625763,gateio,0.7977,0.7978,95.0,50.0
2025-07-25T08:16:35.636973,gateio,0.7977,0.7978,38.0,50.0
2025-07-25T08:16:35.646856,gateio,0.7977,0.7978,83.0,50.0
2025-07-25T08:16:35.654850,bybit,0.7981,0.7982,5299.0,5357.0
2025-07-25T08:16:35.655402,bitmex,0.7992,0.7999,12.0,15.0
2025-07-25T08:16:35.659762,okx,0.7978,0.798,8417.4104,931.662
2025-07-25T08:16:35.664267,gateio,0.7977,0.7978,50.0,50.0
2025-07-25T08:16:35.669534,bitget,0.7978,0.7979,54207.0,125.0
2025-07-25T08:16:35.676034,digifinex,0.7975,0.7977,160.0,146.0
2025-07-25T08:16:35.682936,lbank,0.7977,0.7978,58185.7,7723.2
2025-07-25T08:16:35.685581,gateio,0.7977,0.7978,415.0,128.0
2025-07-25T08:16:35.690040,bitmex,0.7992,0.8,12.0,664.0
2025-07-25T08:16:35.695047,gateio,0.7975,0.7977,1406.0,186.0
2025-07-25T08:16:35.709027,gateio,0.7975,0.7977,1158.0,240.0
2025-07-25T08:16:35.713652,huobi,0.797777,0.798345,59.5282,351.0
2025-07-25T08:16:35.722732,gateio,0.7976,0.7977,45.0,240.0
2025-07-25T08:16:35.744897,gateio,0.7975,0.7976,348.0,86.0
2025-07-25T08:16:35.754476,bybit,0.7979,0.798,6841.0,6915.0
2025-07-25T08:16:35.763144,gateio,0.7975,0.7976,95.0,228.0
2025-07-25T08:16:35.779921,digifinex,0.7977,0.7979,271.0,171.0
2025-07-25T08:16:35.786130,okx,0.7978,0.798,4756.4603,931.662
2025-07-25T08:16:35.791056,gateio,0.7975,0.7976,50.0,228.0
2025-07-25T08:16:35.803031,gateio,0.7975,0.7976,50.0,86.0
2025-07-25T08:16:35.804551,bingx,0.7977,0.7979,13542.21,48.52
2025-07-25T08:16:35.810952,huobi,0.797481,0.798138,351.0,6763.4
2025-07-25T08:16:35.812197,bitget,0.7978,0.7979,50410.0,23385.0
2025-07-25T08:16:35.821275,gateio,0.7975,0.7976,100.0,86.0
2025-07-25T08:16:35.837240,bitmex,0.7992,0.7997,12.0,667.0
2025-07-25T08:16:35.854906,bybit,0.7979,0.798,6478.0,7178.0
2025-07-25T08:16:35.861407,bitmex,0.7991,0.7997,34.0,667.0
2025-07-25T08:16:35.862661,bitmex,0.7992,0.7997,22.0,667.0
2025-07-25T08:16:35.886174,gateio,0.7975,0.7976,465.0,74.0
2025-07-25T08:16:35.892513,okx,0.7978,0.7979,20.0,4326.5292
2025-07-25T08:16:35.895317,gateio,0.7975,0.7976,465.0,50.0
2025-07-25T08:16:35.912141,huobi,0.797641,0.797915,351.0,388.4834
2025-07-25T08:16:35.916485,gateio,0.7975,0.7977,465.0,50.0
2025-07-25T08:16:35.925494,bitmex,0.7992,0.7997,34.0,667.0
2025-07-25T08:16:35.927236,gateio,0.7976,0.7977,57.0,50.0
2025-07-25T08:16:35.931192,ascendex,0.7969,0.799,75339.0,0.0
2025-07-25T08:16:35.954704,bybit,0.798,0.7981,8186.0,7018.0
2025-07-25T08:16:35.962613,bitmex,0.7993,0.7997,12.0,667.0
2025-07-25T08:16:35.963083,bitget,0.7978,0.7979,52359.0,23260.0
2025-07-25T08:16:35.976224,digifinex,0.7977,0.7979,271.0,171.0
2025-07-25T08:16:35.979753,gateio,0.7976,0.7977,71.0,50.0
2025-07-25T08:16:35.998587,okx,0.7977,0.7979,6350.1921,1901.7738
2025-07-25T08:16:36.000934,gateio,0.7976,0.7977,98.0,50.0
2025-07-25T08:16:36.016344,huobi,0.797893,0.797915,38.1606,351.0
2025-07-25T08:16:36.021270,bitmex,0.7993,0.7997,34.0,667.0
2025-07-25T08:16:36.027943,gateio,0.7976,0.7977,128.0,50.0
2025-07-25T08:16:36.054672,bybit,0.798,0.7981,34686.0,10652.0
2025-07-25T08:16:36.071553,gateio,0.7976,0.7978,128.0,128.0
2025-07-25T08:16:36.073017,blofin,0.7972,0.7973,1090.0,2.0
2025-07-25T08:16:36.078887,digifinex,0.7976,0.7979,128.0,171.0
2025-07-25T08:16:36.083149,gateio,0.7976,0.7977,148.0,50.0
2025-07-25T08:16:36.101045,gateio,0.7976,0.7977,136.0,50.0
2025-07-25T08:16:36.108208,bitmart,0.7975,0.7977,7558.0,21969.0
2025-07-25T08:16:36.111669,bitget,0.7979,0.7981,9987.0,45372.0
2025-07-25T08:16:36.113683,huobi,0.797646,0.798138,59.5282,6763.4
2025-07-25T08:16:36.118020,bingx,0.7979,0.798,32.18,33.56
2025-07-25T08:16:36.130150,bitmex,0.7994,0.7997,12.0,667.0
2025-07-25T08:16:36.132085,okx,0.7978,0.798,3498.683,1064.2533
2025-07-25T08:16:36.155594,bybit,0.798,0.7981,13738.0,17560.0
2025-07-25T08:16:36.184115,digifinex,0.7977,0.7978,110.0,148.0
2025-07-25T08:16:36.204611,lbank,0.798,0.7981,45749.8,27980.8
2025-07-25T08:16:36.210406,huobi,0.797725,0.798138,351.0,6763.4
2025-07-25T08:16:36.240066,ascendex,0.796,0.0,0.0,0.0
2025-07-25T08:16:36.248498,mexc,0.7972,0.7973,58178514.0,58178514.0
2025-07-25T08:16:36.255322,bybit,0.798,0.7981,22636.0,11082.0
2025-07-25T08:16:36.260993,okx,0.7979,0.798,4574.8943,108.017
2025-07-25T08:16:36.262586,bitget,0.798,0.7981,16948.0,18020.0
2025-07-25T08:16:36.287693,bitmex,0.7993,0.7997,12.0,667.0
2025-07-25T08:16:36.294820,bitmex,0.7992,0.7997,12.0,667.0
2025-07-25T08:16:36.308062,binance,0.7979,0.7979,0.0,0.0
2025-07-25T08:16:36.311013,huobi,0.797725,0.798019,351.0,388.0462
2025-07-25T08:16:36.354563,bybit,0.798,0.7981,24785.0,10632.0
2025-07-25T08:16:36.361324,okx,0.7979,0.798,5019.5935,31.662
2025-07-25T08:16:36.372335,bitmex,0.7992,0.7997,34.0,667.0
2025-07-25T08:16:36.375506,bitmex,0.7993,0.7997,22.0,667.0
2025-07-25T08:16:36.377306,bitmex,0.7993,0.7997,34.0,667.0
2025-07-25T08:16:36.409051,bingx,0.7979,0.798,32.18,33.56
2025-07-25T08:16:36.410414,huobi,0.797972,0.798019,38.8426,388.0462
2025-07-25T08:16:36.415838,bitget,0.798,0.7981,35460.0,27634.0
2025-07-25T08:16:36.439760,bitmex,0.7994,0.7997,12.0,667.0
2025-07-25T08:16:36.454342,bybit,0.798,0.7981,22636.0,10202.0
2025-07-25T08:16:36.461107,gateio,0.7976,0.7978,136.0,350.0
2025-07-25T08:16:36.474347,okx,0.7979,0.798,8299.9794,31.662
2025-07-25T08:16:36.485517,gateio,0.7976,0.7978,149.0,128.0
2025-07-25T08:16:36.507094,gateio,0.7976,0.7978,149.0,50.0
2025-07-25T08:16:36.525126,gateio,0.7977,0.7978,45.0,50.0
2025-07-25T08:16:36.557999,blofin,0.7972,0.7973,1090.0,2.0
2025-07-25T08:16:36.560908,ascendex,0.7958,0.0,0.0,0.0
2025-07-25T08:16:36.562750,bitget,0.798,0.7981,35460.0,26789.0
2025-07-25T08:16:36.595517,bitmex,0.7993,0.7997,12.0,667.0
2025-07-25T08:16:36.600189,bitmex,0.7992,0.7997,12.0,667.0
2025-07-25T08:16:36.611884,huobi,0.797972,0.798019,38.8426,388.0462
2025-07-25T08:16:36.684973,lbank,0.798,0.7981,45749.8,27980.8
2025-07-25T08:16:36.711992,bitget,0.798,0.7981,51960.0,24511.0
2025-07-25T08:16:36.712399,huobi,0.797972,0.798019,38.8426,388.0462
2025-07-25T08:16:36.722941,gateio,0.7977,0.7978,460.0,50.0
2025-07-25T08:16:36.754454,bybit,0.798,0.0,26960.0,0.0
2025-07-25T08:16:36.778327,digifinex,0.7977,0.7979,110.0,171.0
2025-07-25T08:16:36.780955,gateio,0.7977,0.7978,487.0,50.0
2025-07-25T08:16:36.812158,huobi,0.797725,0.798138,351.0,6763.4
2025-07-25T08:16:36.817669,gateio,0.7977,0.7979,501.0,350.0
2025-07-25T08:16:36.827605,gateio,0.7978,0.7979,219.0,50.0
2025-07-25T08:16:36.839039,gateio,0.7978,0.7979,269.0,50.0
2025-07-25T08:16:36.854846,bybit,0.7982,0.7983,14255.0,12150.0
2025-07-25T08:16:36.862342,gateio,0.7978,0.7979,184.0,50.0
2025-07-25T08:16:36.862647,bitget,0.798,0.7981,51960.0,5766.0
2025-07-25T08:16:36.870405,bitmex,0.7992,0.7997,34.0,667.0
2025-07-25T08:16:36.870481,bitmex,0.7993,0.7997,22.0,667.0
2025-07-25T08:16:36.876655,digifinex,0.7978,0.798,210.0,221.0
2025-07-25T08:16:36.878351,bitmex,0.7993,0.7997,34.0,667.0
2025-07-25T08:16:36.878494,bitmex,0.7994,0.7997,12.0,667.0
2025-07-25T08:16:36.883654,ascendex,0.7972,0.7982,75282.0,0.0
2025-07-25T08:16:36.904603,gateio,0.7978,0.7979,157.0,50.0
2025-07-25T08:16:36.910726,okx,0.7979,0.7981,8926.5408,3264.0542
2025-07-25T08:16:36.913731,huobi,0.798106,0.798345,36.7099,351.0
2025-07-25T08:16:36.914967,gateio,0.7978,0.7979,107.0,128.0
2025-07-25T08:16:36.925057,gateio,0.7978,0.7979,50.0,128.0
2025-07-25T08:16:36.955295,bybit,0.7982,0.7983,3446.0,16648.0
2025-07-25T08:16:36.968014,bitmex,0.7994,0.8,12.0,664.0
2025-07-25T08:16:37.011005,huobi,0.79789,0.798154,1413.7051,389.8359
2025-07-25T08:16:37.012181,bitget,0.7981,0.7982,576.0,1373.0
2025-07-25T08:16:37.025289,gateio,0.7978,0.7979,50.0,50.0
2025-07-25T08:16:37.041223,gateio,0.7978,0.7979,100.0,50.0
2025-07-25T08:16:37.046722,okx,0.798,0.7981,1386.8808,18.1276
2025-07-25T08:16:37.056063,bybit,0.7982,0.7983,6787.0,10752.0
2025-07-25T08:16:37.072599,blofin,0.7973,0.7976,430.0,505.0
2025-07-25T08:16:37.091852,bitmex,0.7994,0.7998,12.0,667.0
2025-07-25T08:16:37.104020,bitmex,0.7994,0.7998,34.0,667.0
2025-07-25T08:16:37.107488,bitmex,0.7995,0.7998,12.0,667.0
2025-07-25T08:16:37.110531,huobi,0.797969,0.798154,351.0,389.8359
2025-07-25T08:16:37.154877,bybit,0.7982,0.7983,6446.0,10588.0
2025-07-25T08:16:37.166656,bitget,0.7981,0.7982,36857.0,17968.0
2025-07-25T08:16:37.167137,okx,0.798,0.7981,1529.6765,18.1276
2025-07-25T08:16:37.174146,bitmart,0.7979,0.798,11608.0,17131.0
2025-07-25T08:16:37.192193,ascendex,0.7967,0.7984,0.0,28975.0
2025-07-25T08:16:37.254594,bybit,0.7982,0.7983,17873.0,9264.0
2025-07-25T08:16:37.257123,gateio,0.7978,0.7979,127.0,50.0
2025-07-25T08:16:37.287029,okx,0.798,0.7981,1830.4991,18.1276
2025-07-25T08:16:37.297533,bitmex,0.7997,0.7998,22.0,667.0
2025-07-25T08:16:37.308412,binance,0.7981,0.7981,0.0,0.0
2025-07-25T08:16:37.309541,huobi,0.798102,0.798154,39.9322,389.8359
2025-07-25T08:16:37.312480,bitget,0.7981,0.7982,36857.0,24592.0
2025-07-25T08:16:37.316661,bingx,0.798,0.7982,13511.15,19883.14
2025-07-25T08:16:37.344190,gateio,0.7979,0.798,12.0,128.0
2025-07-25T08:16:37.354802,bybit,0.7982,0.7983,23502.0,2462.0
2025-07-25T08:16:37.363620,gateio,0.7979,0.798,107.0,50.0
2025-07-25T08:16:37.418835,huobi,0.798132,0.798259,37.724,6763.3
2025-07-25T08:16:37.454811,bybit,0.0,0.7983,0.0,2536.0
2025-07-25T08:16:37.461686,bitget,0.7981,0.7982,36857.0,12092.0
2025-07-25T08:16:37.475464,digifinex,0.7979,0.798,58.0,221.0
2025-07-25T08:16:37.493706,okx,0.798,0.7981,5269.5073,18.1276
2025-07-25T08:16:37.502584,ascendex,0.7938,0.0,0.0,0.0
2025-07-25T08:16:37.511163,huobi,0.79816,0.798259,38.5774,6763.3
2025-07-25T08:16:37.512969,gateio,0.7979,0.798,62.0,181.0
2025-07-25T08:16:37.524907,gateio,0.7978,0.798,624.0,181.0
2025-07-25T08:16:37.539206,gateio,0.7978,0.7979,624.0,68.0
2025-07-25T08:16:37.556620,bybit,0.7982,0.7983,11373.0,14224.0
2025-07-25T08:16:37.560863,gateio,0.7978,0.7979,127.0,68.0
2025-07-25T08:16:37.561345,blofin,0.7975,0.7976,489.0,3.0
2025-07-25T08:16:37.575470,digifinex,0.7979,0.798,58.0,221.0
2025-07-25T08:16:37.590501,okx,0.798,0.7982,5769.5073,20.568
2025-07-25T08:16:37.612329,huobi,0.79816,0.798345,38.5774,351.0
2025-07-25T08:16:37.612627,bitget,0.7982,0.7983,576.0,61614.0
2025-07-25T08:16:37.655733,bybit,0.0,0.7983,0.0,10530.0
2025-07-25T08:16:37.686557,lbank,0.7982,0.7983,23316.7,28242.8
2025-07-25T08:16:37.701894,okx,0.7981,0.7982,3674.8943,996.4101
2025-07-25T08:16:37.709413,huobi,0.79816,0.798189,38.5774,39.4688
2025-07-25T08:16:37.713075,gateio,0.7978,0.7979,127.0,50.0
2025-07-25T08:16:37.722863,gateio,0.7978,0.798,127.0,396.0
2025-07-25T08:16:37.733379,gateio,0.7979,0.798,155.0,100.0
2025-07-25T08:16:37.745353,gateio,0.7979,0.798,317.0,100.0
2025-07-25T08:16:37.754368,bybit,0.7982,0.7983,36812.0,2202.0
2025-07-25T08:16:37.762423,bitget,0.7981,0.7982,71756.0,520.0
2025-07-25T08:16:37.765182,gateio,0.7979,0.798,205.0,100.0
2025-07-25T08:16:37.799409,okx,0.7981,0.7982,3674.8943,96.4101
2025-07-25T08:16:37.809991,huobi,0.798208,0.798345,37.6713,351.0
2025-07-25T08:16:37.822024,ascendex,0.0,0.7984,0.0,0.0
2025-07-25T08:16:37.854248,bybit,0.7982,0.0,32488.0,0.0
2025-07-25T08:16:37.915476,bingx,0.7981,0.7982,13539.25,0.62
2025-07-25T08:16:37.918701,bitget,0.7982,0.7983,37320.0,31288.0
2025-07-25T08:16:37.952100,okx,0.7981,0.7982,4759.0294,20.568
2025-07-25T08:16:37.954549,bybit,0.7982,0.0,34938.0,0.0
2025-07-25T08:16:38.008701,huobi,0.798208,0.798236,37.6713,387.8376
2025-07-25T08:16:38.013277,gateio,0.7979,0.798,155.0,100.0
2025-07-25T08:16:38.023163,gateio,0.7979,0.798,50.0,187.0
2025-07-25T08:16:38.035458,gateio,0.7978,0.798,576.0,217.0
2025-07-25T08:16:38.046355,gateio,0.7978,0.7979,202.0,18.0
2025-07-25T08:16:38.055718,bybit,0.7982,0.7983,11674.0,4113.0
2025-07-25T08:16:38.065288,bitget,0.7982,0.7983,37383.0,17700.0
2025-07-25T08:16:38.081495,blofin,0.7976,0.7978,1.0,212.0
2025-07-25T08:16:38.111284,huobi,0.79806,0.798211,948.8684,38.7673
2025-07-25T08:16:38.151163,gateio,0.7978,0.7979,127.0,18.0
2025-07-25T08:16:38.172899,okx,0.7981,0.7982,3975.7169,1001.733
2025-07-25T08:16:38.184583,lbank,0.7982,0.7983,23316.7,28242.8
2025-07-25T08:16:38.209107,huobi,0.798063,0.798211,351.0,38.7673
2025-07-25T08:16:38.212147,bitget,0.7982,0.7983,32397.0,45566.0
2025-07-25T08:16:38.219883,bitmart,0.7979,0.798,11608.0,759.0
2025-07-25T08:16:38.254550,bybit,0.7982,0.7983,308735.0,3243.0
2025-07-25T08:16:38.293522,okx,0.7981,0.7982,4118.5457,20.568
2025-07-25T08:16:38.307944,binance,0.7982,0.7982,0.0,0.0
2025-07-25T08:16:38.309406,huobi,0.798155,0.798211,37.2613,38.7673
2025-07-25T08:16:38.329237,gateio,0.7979,0.798,155.0,100.0
2025-07-25T08:16:38.341725,gateio,0.7979,0.798,205.0,100.0
2025-07-25T08:16:38.354176,gateio,0.798,0.7981,234.0,50.0
2025-07-25T08:16:38.355290,bybit,0.7983,0.7984,54432.0,9666.0
2025-07-25T08:16:38.365395,bitget,0.7983,0.7984,11508.0,5954.0
2025-07-25T08:16:38.373403,gateio,0.798,0.7981,261.0,50.0
2025-07-25T08:16:38.400901,okx,0.7981,0.7984,7398.9316,5536.3177
2025-07-25T08:16:38.410956,huobi,0.798262,0.798378,37.9136,359.0885
2025-07-25T08:16:38.451346,ascendex,0.0,0.7985,0.0,0.0
2025-07-25T08:16:38.455192,bybit,0.7983,0.0,43014.0,0.0
2025-07-25T08:16:38.501160,okx,0.7983,0.7984,900.0,41.8871
2025-07-25T08:16:38.510616,huobi,0.798292,0.798378,37.3919,359.0885
2025-07-25T08:16:38.513144,bitget,0.7983,0.7984,56968.0,7518.0
2025-07-25T08:16:38.514000,digifinex,0.7979,0.7981,58.0,80.0
2025-07-25T08:16:38.519178,bitmex,0.7997,0.7998,33.0,667.0
2025-07-25T08:16:38.519212,bitmex,0.7997,0.8002,33.0,406.0
2025-07-25T08:16:38.519244,bitmex,0.7998,0.8002,11.0,406.0
2025-07-25T08:16:38.519277,bitmex,0.7998,0.8002,11.0,384.0
2025-07-25T08:16:38.519692,bingx,0.7981,0.7982,13539.25,0.62
2025-07-25T08:16:38.577185,digifinex,0.7981,0.7982,110.0,225.0
2025-07-25T08:16:38.584414,blofin,0.7975,0.7978,635.0,212.0
2025-07-25T08:16:38.586863,bitmex,0.7998,0.8,11.0,667.0
2025-07-25T08:16:38.592284,bitmex,0.7997,0.8,33.0,667.0
2025-07-25T08:16:38.608898,bitmex,0.7998,0.8,11.0,667.0
2025-07-25T08:16:38.612009,okx,0.7983,0.7984,4574.8943,644.6317
2025-07-25T08:16:38.626215,mexc,0.7977,0.7978,58178514.0,58178514.0
2025-07-25T08:16:38.654866,bybit,0.7983,0.7984,42982.0,9961.0
2025-07-25T08:16:38.663310,bitget,0.7983,0.7984,57318.0,7518.0
2025-07-25T08:16:38.676778,digifinex,0.7981,0.7982,99.0,225.0
2025-07-25T08:16:38.682811,gateio,0.798,0.7981,234.0,50.0
2025-07-25T08:16:38.709999,huobi,0.798292,0.79834,37.3919,387.9137
2025-07-25T08:16:38.754422,bybit,0.0,0.0,0.0,0.0
2025-07-25T08:16:38.765203,gateio,0.798,0.7981,172.0,50.0
2025-07-25T08:16:38.769461,ascendex,0.7976,0.7986,75254.0,0.0
2025-07-25T08:16:38.815164,bitget,0.7983,0.7984,53357.0,7393.0
2025-07-25T08:16:38.816740,bingx,0.7981,0.7982,13539.25,0.62
2025-07-25T08:16:38.854346,bybit,0.0,0.0,0.0,0.0
2025-07-25T08:16:38.863943,okx,0.7983,0.7984,3674.8943,644.6317
2025-07-25T08:16:38.965120,bitget,0.7983,0.7984,53357.0,7393.0
2025-07-25T08:16:39.055456,blofin,0.7975,0.7978,635.0,212.0
2025-07-25T08:16:39.187105,bitmart,0.7981,0.7982,12017.0,13054.0
2025-07-25T08:16:39.243484,gateio,0.798,0.7981,98.0,50.0
2025-07-25T08:16:39.254517,bybit,0.7983,0.7984,9716.0,20189.0
2025-07-25T08:16:39.265221,gateio,0.7979,0.798,740.0,86.0
2025-07-25T08:16:39.272075,bitget,0.7983,0.7984,34087.0,8214.0
2025-07-25T08:16:39.277408,gateio,0.7979,0.798,460.0,178.0
2025-07-25T08:16:39.289014,gateio,0.7978,0.7979,802.0,12.0
2025-07-25T08:16:39.304312,gateio,0.7978,0.7979,253.0,30.0
2025-07-25T08:16:39.308353,binance,0.7983,0.7983,0.0,0.0
2025-07-25T08:16:39.316212,gateio,0.7979,0.798,508.0,50.0
2025-07-25T08:16:39.316876,huobi,0.797971,0.798274,351.0,388.8212
2025-07-25T08:16:39.332360,gateio,0.7979,0.798,143.0,50.0
2025-07-25T08:16:39.345340,gateio,0.7979,0.798,174.0,50.0
2025-07-25T08:16:39.354799,bybit,0.7983,0.7984,25295.0,10559.0
2025-07-25T08:16:39.356679,gateio,0.7979,0.7981,539.0,390.0
2025-07-25T08:16:39.366927,gateio,0.798,0.7981,162.0,152.0
2025-07-25T08:16:39.368732,bitmex,0.7997,0.8,33.0,667.0
2025-07-25T08:16:39.376541,digifinex,0.7981,0.7982,38.0,221.0
2025-07-25T08:16:39.390034,ascendex,0.0,0.8,0.0,0.0
2025-07-25T08:16:39.398954,bitmex,0.7997,0.8,22.0,667.0
2025-07-25T08:16:39.409406,okx,0.7982,0.7984,920.0,5592.671
2025-07-25T08:16:39.411090,gateio,0.798,0.7981,162.0,64.0
2025-07-25T08:16:39.413080,bitget,0.7982,0.7984,15308.0,58493.0
2025-07-25T08:16:39.413331,huobi,0.798051,0.798378,351.0,359.0885
2025-07-25T08:16:39.415062,bingx,0.7981,0.7982,13539.25,0.62
2025-07-25T08:16:39.429488,bitmex,0.7997,0.8,33.0,667.0
2025-07-25T08:16:39.454338,bybit,0.7984,0.7985,31615.0,7074.0
2025-07-25T08:16:39.464615,bitmex,0.7998,0.8,11.0,667.0
2025-07-25T08:16:39.476828,digifinex,0.798,0.7982,332.0,221.0
2025-07-25T08:16:39.492609,gateio,0.7981,0.7982,219.0,57.0
2025-07-25T08:16:39.502898,gateio,0.7981,0.7982,293.0,57.0
2025-07-25T08:16:39.509754,huobi,0.798054,0.798378,1600.0,8.0885
2025-07-25T08:16:39.529740,bitmex,0.7998,0.8,33.0,667.0
2025-07-25T08:16:39.554877,okx,0.7983,0.7984,4180.3859,41.8871
2025-07-25T08:16:39.555047,bybit,0.7985,0.7986,11610.0,13456.0
2025-07-25T08:16:39.564297,bitget,0.7983,0.7984,54125.0,1867.0
2025-07-25T08:16:39.569447,blofin,0.7977,0.7978,520.0,212.0
2025-07-25T08:16:39.594847,gateio,0.7981,0.7982,293.0,7.0
2025-07-25T08:16:39.604340,bitmex,0.7999,0.8,11.0,667.0
2025-07-25T08:16:39.614636,huobi,0.798347,0.798378,351.0,8.0885
2025-07-25T08:16:39.636822,gateio,0.7981,0.7982,685.0,7.0
2025-07-25T08:16:39.654471,bybit,0.7985,0.7986,1031.0,22997.0
2025-07-25T08:16:39.662553,okx,0.7983,0.7984,8298.6252,41.8871
2025-07-25T08:16:39.685541,digifinex,0.7982,0.7983,151.0,151.0
2025-07-25T08:16:39.690756,gateio,0.7981,0.7982,584.0,161.0
2025-07-25T08:16:39.705132,gateio,0.7981,0.7982,427.0,161.0
2025-07-25T08:16:39.711120,huobi,0.798377,0.798378,38.8563,8.0885
2025-07-25T08:16:39.711161,ascendex,0.7974,0.8001,75292.0,102391.0
2025-07-25T08:16:39.713864,bitget,0.7984,0.7985,576.0,681.0
2025-07-25T08:16:39.727196,gateio,0.7981,0.7982,415.0,174.0
2025-07-25T08:16:39.755042,bybit,0.7984,0.7985,12443.0,1911.0
2025-07-25T08:16:39.808338,huobi,0.798377,0.798378,942.816,8.0885
2025-07-25T08:16:39.838004,gateio,0.7981,0.7982,50.0,174.0
2025-07-25T08:16:39.847244,gateio,0.798,0.7981,458.0,86.0
2025-07-25T08:16:39.854261,bybit,0.7984,0.7985,2948.0,7482.0
2025-07-25T08:16:39.864868,gateio,0.798,0.7981,77.0,92.0
2025-07-25T08:16:39.874966,bitget,0.7984,0.7985,1640.0,53709.0
2025-07-25T08:16:39.892037,okx,0.7983,0.7984,4574.8943,644.6317
2025-07-25T08:16:39.909764,huobi,0.798377,0.798378,903.9597,395.7861
2025-07-25T08:16:39.954921,bybit,0.7984,0.0,3289.0,0.0
2025-07-25T08:16:39.965218,bitmex,0.7998,0.8,33.0,667.0
2025-07-25T08:16:39.976270,digifinex,0.7981,0.7983,320.0,151.0
2025-07-25T08:16:40.000002,okx,0.7983,0.7984,874.2,728.8986
2025-07-25T08:16:40.010693,huobi,0.798377,0.798378,903.9597,630.7861
2025-07-25T08:16:40.013935,bitget,0.7983,0.7985,25460.0,60596.0
2025-07-25T08:16:40.019509,gateio,0.798,0.7981,77.0,166.0
2025-07-25T08:16:40.021060,ascendex,0.7964,0.7995,0.0,0.0
2025-07-25T08:16:40.024252,bingx,0.7983,0.7984,13541.27,10.9
2025-07-25T08:16:40.055491,bybit,0.7984,0.7985,257.0,12153.0
2025-07-25T08:16:40.069921,blofin,0.7977,0.798,451.0,4.0
2025-07-25T08:16:40.073024,gateio,0.798,0.7981,50.0,166.0
2025-07-25T08:16:40.099695,okx,0.7983,0.7984,874.2,1144.6317
2025-07-25T08:16:40.147720,bitmex,0.7998,0.8,22.0,667.0
2025-07-25T08:16:40.154887,bybit,0.7984,0.7985,282.0,8851.0
2025-07-25T08:16:40.163954,bitget,0.7983,0.7984,18897.0,33236.0
2025-07-25T08:16:40.175676,digifinex,0.798,0.7982,332.0,162.0
2025-07-25T08:16:40.198130,bitmex,0.7998,0.8,33.0,667.0
2025-07-25T08:16:40.198916,bitmart,0.7981,0.7982,22122.0,11393.0
2025-07-25T08:16:40.217382,okx,0.7982,0.7983,1959.6722,602.7446
2025-07-25T08:16:40.256039,bybit,0.7984,0.7985,3822.0,11159.0
2025-07-25T08:16:40.257436,gateio,0.798,0.7981,95.0,166.0
2025-07-25T08:16:40.264719,bitmex,0.7998,0.8,22.0,667.0
2025-07-25T08:16:40.276377,digifinex,0.7981,0.7982,108.0,115.0
2025-07-25T08:16:40.294739,gateio,0.798,0.7981,95.0,92.0
2025-07-25T08:16:40.308394,binance,0.7984,0.7984,0.0,0.0
2025-07-25T08:16:40.313609,bitget,0.7983,0.7984,29468.0,27286.0
2025-07-25T08:16:40.323126,bingx,0.7983,0.7984,13541.27,10.9
2025-07-25T08:16:40.337596,ascendex,0.7969,0.8001,0.0,93680.0
2025-07-25T08:16:40.354586,bybit,0.7984,0.7985,11887.0,2754.0
2025-07-25T08:16:40.367229,okx,0.7982,0.7983,1707.6504,602.7446
2025-07-25T08:16:40.410082,huobi,0.798377,0.798378,903.9597,279.7861
2025-07-25T08:16:40.411228,lbank,0.7984,0.7985,25739.8,3248.6
2025-07-25T08:16:40.417024,gateio,0.798,0.7981,122.0,92.0
2025-07-25T08:16:40.423099,bitmex,0.7998,0.8,33.0,667.0
2025-07-25T08:16:40.454462,bybit,0.7984,0.7985,7658.0,6565.0
2025-07-25T08:16:40.463638,bitget,0.7983,0.7984,46852.0,16913.0
2025-07-25T08:16:40.475694,okx,0.7983,0.7984,5011.2813,41.8871
2025-07-25T08:16:40.522623,gateio,0.798,0.7981,122.0,166.0
2025-07-25T08:16:40.551005,blofin,0.7977,0.798,453.0,4.0
2025-07-25T08:16:40.554529,bybit,0.7984,0.7985,7256.0,10041.0
2025-07-25T08:16:40.591075,okx,0.7983,0.7984,4574.8943,541.8871
2025-07-25T08:16:40.614559,bitget,0.7983,0.7984,46852.0,16913.0
2025-07-25T08:16:40.649707,ascendex,0.7934,0.8007,0.0,86125.0
2025-07-25T08:16:40.704155,okx,0.7983,0.7984,3674.8943,1441.8871
2025-07-25T08:16:40.756649,bybit,0.7984,0.0,7597.0,0.0
2025-07-25T08:16:40.766668,bitget,0.7983,0.7984,63352.0,16913.0
2025-07-25T08:16:40.826855,bitmex,0.7998,0.8,22.0,667.0
2025-07-25T08:16:40.850071,gateio,0.798,0.7981,72.0,166.0
2025-07-25T08:16:40.854970,bybit,0.7984,0.7985,1119.0,21296.0
2025-07-25T08:16:40.866027,gateio,0.7979,0.798,1082.0,12.0
2025-07-25T08:16:40.883376,gateio,0.7979,0.798,613.0,134.0
2025-07-25T08:16:40.913901,gateio,0.7979,0.798,415.0,92.0
2025-07-25T08:16:40.916346,bitget,0.7983,0.7984,46852.0,16913.0
2025-07-25T08:16:40.926609,bingx,0.7983,0.7984,13541.27,10.9
2025-07-25T08:16:40.951960,okx,0.7983,0.7984,3674.8943,4842.4349
2025-07-25T08:16:40.954549,bybit,0.7983,0.7984,11685.0,17065.0
2025-07-25T08:16:40.976054,digifinex,0.798,0.7982,332.0,115.0
2025-07-25T08:16:40.980924,mexc,0.7981,0.7982,58182338.0,58182338.0
2025-07-25T08:16:41.017399,gateio,0.7979,0.798,415.0,166.0
2025-07-25T08:16:41.044980,gateio,0.7979,0.798,442.0,166.0
2025-07-25T08:16:41.054663,bybit,0.7983,0.7984,8653.0,20511.0
2025-07-25T08:16:41.064708,bitget,0.7983,0.7984,15308.0,36316.0
2025-07-25T08:16:41.070652,blofin,0.7977,0.798,453.0,4.0
2025-07-25T08:16:41.073079,okx,0.7982,0.7983,799.1766,1102.7446
2025-07-25T08:16:41.076744,digifinex,0.798,0.7981,74.0,146.0
2025-07-25T08:16:41.154428,bybit,0.7983,0.7984,5207.0,20761.0
2025-07-25T08:16:41.158099,gateio,0.7979,0.798,415.0,166.0
2025-07-25T08:16:41.173011,bitmart,0.798,0.7981,4500.0,11542.0
2025-07-25T08:16:41.185473,gateio,0.7978,0.798,663.0,166.0
2025-07-25T08:16:41.197208,gateio,0.7978,0.7979,614.0,12.0
2025-07-25T08:16:41.200823,okx,0.7982,0.7983,25.0,2002.7446
2025-07-25T08:16:41.212185,huobi,0.797971,0.798263,351.0,624.3827
2025-07-25T08:16:41.220066,bitget,0.7982,0.7984,15658.0,36316.0
2025-07-25T08:16:41.229550,gateio,0.7978,0.7979,128.0,12.0
2025-07-25T08:16:41.245098,gateio,0.7978,0.7979,202.0,12.0
2025-07-25T08:16:41.254364,bybit,0.7982,0.7983,6492.0,2691.0
2025-07-25T08:16:41.273138,gateio,0.7979,0.798,50.0,166.0
2025-07-25T08:16:41.300839,gateio,0.7979,0.798,95.0,166.0
2025-07-25T08:16:41.307873,binance,0.7983,0.7983,0.0,0.0
2025-07-25T08:16:41.312934,huobi,0.798051,0.798263,351.0,624.3827
2025-07-25T08:16:41.323123,gateio,0.7979,0.798,50.0,802.0
2025-07-25T08:16:41.336757,okx,0.7982,0.7983,10.0,4783.1305
2025-07-25T08:16:41.349163,gateio,0.7979,0.798,95.0,166.0
2025-07-25T08:16:41.354398,bybit,0.7983,0.7984,439845.0,9776.0
2025-07-25T08:16:41.364396,bitget,0.7982,0.7983,15308.0,43494.0
2025-07-25T08:16:41.422907,gateio,0.7979,0.798,460.0,166.0
2025-07-25T08:16:41.437218,gateio,0.7979,0.798,487.0,80.0
2025-07-25T08:16:41.455305,bybit,0.7983,0.7984,441992.0,457.0
2025-07-25T08:16:41.464280,okx,0.7982,0.7983,10.0,1809.7446
2025-07-25T08:16:41.505014,gateio,0.7979,0.7981,487.0,92.0
2025-07-25T08:16:41.511479,huobi,0.798234,0.798235,351.0,236.0
2025-07-25T08:16:41.514878,bitget,0.7982,0.7983,45454.0,17104.0
2025-07-25T08:16:41.524945,gateio,0.798,0.7981,204.0,80.0
2025-07-25T08:16:41.526504,bingx,0.7982,0.7983,35.31,41.37
2025-07-25T08:16:41.544607,bitmex,0.7998,0.8001,22.0,11.0
2025-07-25T08:16:41.554821,bybit,0.0,0.7984,0.0,7.0
2025-07-25T08:16:41.564895,blofin,0.7977,0.798,464.0,4.0
2025-07-25T08:16:41.580837,okx,0.7982,0.7983,5263.5172,307.0
2025-07-25T08:16:41.609646,huobi,0.798234,0.798235,390.4533,236.0
2025-07-25T08:16:41.644754,bitmex,0.7998,0.7999,22.0,667.0
2025-07-25T08:16:41.654807,bybit,0.7983,0.0,442009.0,0.0
2025-07-25T08:16:41.665309,bitget,0.7982,0.7984,51620.0,56098.0
2025-07-25T08:16:41.691283,gateio,0.798,0.7981,204.0,50.0
2025-07-25T08:16:41.754939,bybit,0.0,0.7984,0.0,540.0
2025-07-25T08:16:41.776935,digifinex,0.798,0.7981,74.0,139.0
2025-07-25T08:16:41.798990,okx,0.7983,0.7984,3674.8943,848.8871
2025-07-25T08:16:41.815313,bitget,0.7983,0.7984,36807.0,18842.0
2025-07-25T08:16:41.828538,bingx,0.7982,0.7983,35.31,41.37
2025-07-25T08:16:41.855837,bybit,0.0,0.7984,0.0,535.0
2025-07-25T08:16:41.898815,okx,0.7983,0.7984,3674.8943,541.8871
2025-07-25T08:16:41.916196,ascendex,0.0,0.7992,0.0,88959.0
2025-07-25T08:16:41.941621,gateio,0.798,0.7982,231.0,87.0
2025-07-25T08:16:41.954609,bybit,0.7984,0.7985,45729.0,473.0
2025-07-25T08:16:41.958704,gateio,0.7981,0.7982,581.0,87.0
2025-07-25T08:16:41.973254,bitget,0.7983,0.7984,36807.0,18842.0
2025-07-25T08:16:41.981397,gateio,0.7981,0.7982,472.0,87.0
2025-07-25T08:16:42.001245,okx,0.7983,0.7984,3674.8943,31.8871
2025-07-25T08:16:42.010056,huobi,0.798377,0.798378,39.3314,8.0885
2025-07-25T08:16:42.023102,gateio,0.7981,0.7982,499.0,87.0
2025-07-25T08:16:42.043737,bitmex,0.7998,0.7999,33.0,667.0
2025-07-25T08:16:42.054601,bybit,0.7985,0.7986,37731.0,4039.0
2025-07-25T08:16:42.076080,digifinex,0.798,0.7982,74.0,115.0
2025-07-25T08:16:42.081496,blofin,0.7978,0.798,409.0,343.0
2025-07-25T08:16:42.094923,gateio,0.7981,0.7982,499.0,37.0
2025-07-25T08:16:42.095752,okx,0.7983,0.7984,7398.6074,31.8871
2025-07-25T08:16:42.105577,gateio,0.7981,0.7982,513.0,7.0
2025-07-25T08:16:42.114487,bitget,0.7984,0.7985,24534.0,2548.0
2025-07-25T08:16:42.120540,bitmex,0.7998,0.7999,33.0,645.0
2025-07-25T08:16:42.154169,bitmart,0.798,0.7982,23619.0,914.0
2025-07-25T08:16:42.156711,bybit,0.7985,0.7986,42029.0,3789.0
2025-07-25T08:16:42.166814,bitmex,0.7998,0.8002,33.0,297.0
2025-07-25T08:16:42.174396,bitmex,0.7999,0.8002,11.0,297.0
2025-07-25T08:16:42.175651,digifinex,0.7981,0.7982,299.0,115.0
2025-07-25T08:16:42.181815,lbank,0.7984,0.7985,25739.8,3248.6
2025-07-25T08:16:42.213170,okx,0.7983,0.7985,8024.855,104.1403
2025-07-25T08:16:42.219983,ascendex,0.0,0.7992,0.0,0.0
2025-07-25T08:16:42.223770,bitmex,0.7999,0.8003,11.0,1127.0
2025-07-25T08:16:42.224667,bitmex,0.7999,0.8003,11.0,1115.0
2025-07-25T08:16:42.255233,bybit,0.7985,0.0,39880.0,0.0
2025-07-25T08:16:42.266264,bitget,0.7984,0.7985,67028.0,4.0
2025-07-25T08:16:42.266535,bitmex,0.7999,0.8001,11.0,666.0
2025-07-25T08:16:42.279426,digifinex,0.7981,0.7983,299.0,151.0
2025-07-25T08:16:42.307973,binance,0.7984,0.7984,0.0,0.0
2025-07-25T08:16:42.310241,huobi,0.798377,0.798378,881.177,8.0885
2025-07-25T08:16:42.325342,gateio,0.7981,0.7982,513.0,20.0
2025-07-25T08:16:42.355077,bybit,0.0,0.7986,0.0,3834.0
2025-07-25T08:16:42.369353,okx,0.7984,0.7985,2103.7724,104.1403
2025-07-25T08:16:42.377167,digifinex,0.7982,0.7983,403.0,151.0
2025-07-25T08:16:42.428302,bitget,0.7984,0.7985,77401.0,4.0
2025-07-25T08:16:42.454694,bybit,0.7985,0.7986,13911.0,11717.0
2025-07-25T08:16:42.465009,gateio,0.7981,0.7982,499.0,70.0
2025-07-25T08:16:42.490827,gateio,0.7981,0.7982,499.0,100.0
2025-07-25T08:16:42.511999,huobi,0.798377,0.798378,881.177,359.0885
2025-07-25T08:16:42.518817,gateio,0.7981,0.7982,499.0,101.0
2025-07-25T08:16:42.555230,bybit,0.7985,0.7986,7398.0,12162.0
2025-07-25T08:16:42.564417,bitget,0.7984,0.7985,54573.0,17738.0
2025-07-25T08:16:42.566442,blofin,0.7978,0.7982,972.0,43.0
2025-07-25T08:16:42.577377,digifinex,0.7981,0.7983,299.0,151.0
2025-07-25T08:16:42.584940,gateio,0.7981,0.7982,472.0,175.0
2025-07-25T08:16:42.612973,okx,0.7984,0.7985,756.0414,1579.3266
2025-07-25T08:16:42.615938,bitmex,0.7998,0.8001,33.0,666.0
2025-07-25T08:16:42.641094,gateio,0.7981,0.7982,472.0,101.0
2025-07-25T08:16:42.651263,gateio,0.7981,0.7982,472.0,20.0
2025-07-25T08:16:42.654504,bybit,0.7985,0.7986,33159.0,7225.0
2025-07-25T08:16:42.676304,digifinex,0.7982,0.7983,85.0,151.0
2025-07-25T08:16:42.680349,lbank,0.7984,0.7985,25739.8,3248.6
2025-07-25T08:16:42.705905,okx,0.7983,0.7984,5216.1688,602.7446
2025-07-25T08:16:42.715349,bitget,0.7984,0.7985,45799.0,17738.0
2025-07-25T08:16:42.719203,gateio,0.7981,0.7982,499.0,20.0
2025-07-25T08:16:42.728875,bingx,0.7983,0.7984,13534.6,10.9
2025-07-25T08:16:42.754598,bybit,0.7986,0.7987,10917.0,5269.0
2025-07-25T08:16:42.765635,bitmex,0.7999,0.8001,11.0,666.0
2025-07-25T08:16:42.806848,okx,0.7984,0.7985,1345.98,104.1403
2025-07-25T08:16:42.809890,huobi,0.798377,0.798378,1825.3911,8.0885
2025-07-25T08:16:42.854250,bybit,0.7986,0.7987,8496.0,9679.0
2025-07-25T08:16:42.868013,bitget,0.7984,0.7985,58299.0,4.0
2025-07-25T08:16:42.892337,bitmex,0.7999,0.8001,11.0,644.0
2025-07-25T08:16:42.955082,bybit,0.7986,0.7987,3446.0,9760.0
2025-07-25T08:16:42.957315,okx,0.7984,0.7985,1646.8026,104.1403
2025-07-25T08:16:42.999968,gateio,0.7981,0.7982,499.0,40.0
2025-07-25T08:16:43.000021,gateio,0.7981,0.7982,499.0,20.0
2025-07-25T08:16:43.017565,bitget,0.7984,0.7985,72948.0,354.0
2025-07-25T08:16:43.055158,bybit,0.0,0.0,0.0,0.0
2025-07-25T08:16:43.081946,blofin,0.7978,0.7982,972.0,43.0
2025-07-25T08:16:43.168146,bitget,0.7984,0.7985,63644.0,354.0
2025-07-25T08:16:43.169408,ascendex,0.7936,0.0,13264.0,0.0
2025-07-25T08:16:43.197631,digifinex,0.7982,0.7983,85.0,151.0
2025-07-25T08:16:43.205766,bitmart,0.7982,0.7983,22061.0,1072.0
2025-07-25T08:16:43.254373,bybit,0.7986,0.7987,3804.0,10643.0
2025-07-25T08:16:43.308468,binance,0.7985,0.7985,0.0,0.0
2025-07-25T08:16:43.315178,bitget,0.7984,0.7985,63644.0,354.0
2025-07-25T08:16:43.354206,bybit,0.7986,0.7987,8742.0,10681.0
2025-07-25T08:16:43.371446,mexc,0.7982,0.7983,58182338.0,58182338.0
2025-07-25T08:16:43.376028,digifinex,0.7982,0.7983,85.0,130.0
2025-07-25T08:16:43.455060,bybit,0.7986,0.7987,11092.0,13311.0
2025-07-25T08:16:43.465588,bitget,0.7984,0.7985,63644.0,354.0
2025-07-25T08:16:43.509374,huobi,0.798377,0.798378,39.3314,8.0885
2025-07-25T08:16:43.555244,bybit,0.7986,0.0,3463.0,0.0
2025-07-25T08:16:43.569204,blofin,0.7978,0.7982,972.0,43.0
2025-07-25T08:16:43.611716,huobi,0.798377,0.798378,390.3314,8.0885
2025-07-25T08:16:43.615945,bitget,0.7984,0.7985,63644.0,354.0
2025-07-25T08:16:43.630599,bingx,0.7983,0.7984,13534.6,10.9
2025-07-25T08:16:43.654946,bybit,0.7986,0.7987,11317.0,9494.0
2025-07-25T08:16:43.684757,gateio,0.7981,0.7982,508.0,20.0
2025-07-25T08:16:43.685107,lbank,0.7984,0.7985,25739.8,3248.6
2025-07-25T08:16:43.709272,okx,0.7984,0.7985,4927.1885,104.1403
2025-07-25T08:16:43.710266,huobi,0.798377,0.798378,39.3314,8.0885
2025-07-25T08:16:43.757996,bybit,0.7986,0.7987,6495.0,13281.0
2025-07-25T08:16:43.766330,bitget,0.7984,0.7985,67644.0,4.0
2025-07-25T08:16:43.770873,gateio,0.7981,0.7982,499.0,20.0
2025-07-25T08:16:43.782573,digifinex,0.7982,0.7983,85.0,130.0
2025-07-25T08:16:43.855239,bybit,0.7986,0.7987,8027.0,14533.0
2025-07-25T08:16:43.900019,gateio,0.7981,0.7982,472.0,20.0
2025-07-25T08:16:43.910933,huobi,0.798377,0.798378,877.2449,8.0885
2025-07-25T08:16:43.916152,bitget,0.7984,0.7985,75204.0,354.0
2025-07-25T08:16:43.955177,bybit,0.7986,0.0,7686.0,0.0
2025-07-25T08:16:44.038894,gateio,0.7981,0.7982,499.0,20.0
2025-07-25T08:16:44.054433,bybit,0.7986,0.0,4995.0,0.0
2025-07-25T08:16:44.066931,bitget,0.7984,0.7985,67344.0,354.0
2025-07-25T08:16:44.069704,blofin,0.7978,0.7982,803.0,229.0
2025-07-25T08:16:44.083107,digifinex,0.7982,0.7983,85.0,129.0
2025-07-25T08:16:44.095647,okx,0.7984,0.7985,4626.3659,104.1403
2025-07-25T08:16:44.119733,ascendex,0.7796,0.0,45422.0,0.0
2025-07-25T08:16:44.121254,bitmart,0.7982,0.7983,22061.0,1119.0
2025-07-25T08:16:44.155984,bybit,0.7986,0.7987,528009.0,3730.0
2025-07-25T08:16:44.183161,lbank,0.7984,0.7985,78999.6,16174.9
2025-07-25T08:16:44.205919,okx,0.7984,0.7985,1345.98,104.1403
2025-07-25T08:16:44.214861,gateio,0.7981,0.7984,500.0,131.0
2025-07-25T08:16:44.215638,bitget,0.7984,0.7985,68270.0,354.0
2025-07-25T08:16:44.224862,gateio,0.7983,0.7984,410.0,131.0
2025-07-25T08:16:44.233267,bingx,0.7983,0.7984,13534.6,10.9
2025-07-25T08:16:44.236604,gateio,0.7983,0.7984,403.0,57.0
2025-07-25T08:16:44.244094,bitmex,0.7999,0.8003,11.0,1115.0
2025-07-25T08:16:44.254851,bybit,0.7987,0.7988,44428.0,301.0
2025-07-25T08:16:44.256760,gateio,0.7983,0.7984,430.0,57.0
2025-07-25T08:16:44.275910,digifinex,0.7982,0.7984,85.0,177.0
2025-07-25T08:16:44.294705,gateio,0.7983,0.7984,430.0,7.0
2025-07-25T08:16:44.304774,gateio,0.7983,0.7984,504.0,7.0
2025-07-25T08:16:44.305530,okx,0.7985,0.7986,7399.2275,10.0
2025-07-25T08:16:44.307764,binance,0.7985,0.7985,0.0,0.0
2025-07-25T08:16:44.308256,huobi,0.79861,0.798905,37.2736,351.0
2025-07-25T08:16:44.316616,gateio,0.7983,0.7984,477.0,7.0
2025-07-25T08:16:44.339464,bitmex,0.7999,0.8003,11.0,978.0
2025-07-25T08:16:44.354429,bybit,0.7987,0.7988,42915.0,51.0
2025-07-25T08:16:44.367243,bitget,0.7985,0.7987,47001.0,12731.0
2025-07-25T08:16:44.392986,gateio,0.7983,0.7984,504.0,7.0
2025-07-25T08:16:44.406225,bitmex,0.7999,0.8003,11.0,956.0
2025-07-25T08:16:44.408429,huobi,0.798654,0.798904,36.4476,536.85
2025-07-25T08:16:44.429925,ascendex,0.7926,0.7988,27079.0,0.0
2025-07-25T08:16:44.439346,okx,0.7985,0.7986,7348.8588,10.0
2025-07-25T08:16:44.454184,bybit,0.7987,0.0,42889.0,0.0
2025-07-25T08:16:44.475950,digifinex,0.7983,0.7985,295.0,270.0
2025-07-25T08:16:44.508808,huobi,0.798456,0.798717,351.0,390.184
2025-07-25T08:16:44.517426,bitget,0.7986,0.7987,71282.0,11912.0
2025-07-25T08:16:44.523031,bitmex,0.7999,0.8002,11.0,666.0
2025-07-25T08:16:44.554594,bybit,0.7988,0.7989,29044.0,2526.0
2025-07-25T08:16:44.554825,gateio,0.7983,0.7984,518.0,7.0
2025-07-25T08:16:44.556352,okx,0.7985,0.7986,7649.6814,10.0
2025-07-25T08:16:44.565007,gateio,0.7983,0.7984,646.0,7.0
2025-07-25T08:16:44.568369,blofin,0.7978,0.7982,807.0,232.0
2025-07-25T08:16:44.579962,digifinex,0.7984,0.7985,343.0,270.0
2025-07-25T08:16:44.608485,huobi,0.798708,0.798824,36.7609,6759.2
2025-07-25T08:16:44.614900,bitmex,0.7999,0.8002,33.0,666.0
2025-07-25T08:16:44.615161,gateio,0.7983,0.7984,647.0,7.0
2025-07-25T08:16:44.618248,bitmex,0.8,0.8002,11.0,666.0
2025-07-25T08:16:44.654217,bybit,0.7988,0.0,29286.0,0.0
2025-07-25T08:16:44.666464,bitget,0.7986,0.7987,71282.0,7811.0
2025-07-25T08:16:44.678964,digifinex,0.7984,0.7986,343.0,159.0
2025-07-25T08:16:44.681979,okx,0.7986,0.7987,4810.5823,10.2559
2025-07-25T08:16:44.710952,huobi,0.798737,0.798824,37.8143,6759.2
2025-07-25T08:16:44.751013,ascendex,0.7978,0.8015,75226.0,48432.0
2025-07-25T08:16:44.754705,bybit,0.7988,0.7989,29031.0,5972.0
2025-07-25T08:16:44.771122,gateio,0.7983,0.7984,620.0,7.0
2025-07-25T08:16:44.779701,digifinex,0.7985,0.7986,137.0,159.0
2025-07-25T08:16:44.798919,gateio,0.7983,0.7984,606.0,7.0
2025-07-25T08:16:44.808854,gateio,0.7983,0.7984,633.0,7.0
2025-07-25T08:16:44.809081,huobi,0.798737,0.798797,37.8143,390.9753
2025-07-25T08:16:44.816147,bitget,0.7987,0.7988,32700.0,15124.0
2025-07-25T08:16:44.835616,bingx,0.7985,0.7986,18631.67,2.99
2025-07-25T08:16:44.846750,gateio,0.7983,0.7984,504.0,7.0
2025-07-25T08:16:44.854436,bybit,0.7988,0.7989,13821.0,8406.0
2025-07-25T08:16:44.885896,bitmex,0.8,0.8002,11.0,644.0
2025-07-25T08:16:44.899022,okx,0.7986,0.7987,4509.7597,10.2559
2025-07-25T08:16:44.908957,huobi,0.798737,0.798776,37.8143,388.6399
2025-07-25T08:16:44.954608,bybit,0.0,0.7989,0.0,8656.0
2025-07-25T08:16:44.966425,bitget,0.7987,0.7988,51212.0,31687.0
2025-07-25T08:16:45.004807,gateio,0.7983,0.7984,632.0,7.0
2025-07-25T08:16:45.009492,okx,0.7986,0.7987,4810.5823,10.2559
2025-07-25T08:16:45.036999,gateio,0.7983,0.7984,633.0,7.0
2025-07-25T08:16:45.055534,bybit,0.7988,0.7989,27614.0,1028.0
2025-07-25T08:16:45.063697,ascendex,0.0,0.8008,0.0,0.0
2025-07-25T08:16:45.076986,blofin,0.798,0.7982,668.0,4.0
2025-07-25T08:16:45.109194,huobi,0.798758,0.798776,38.7216,351.0
2025-07-25T08:16:45.116683,gateio,0.7983,0.7984,504.0,7.0
2025-07-25T08:16:45.117030,bitget,0.7987,0.7988,49613.0,18687.0
2025-07-25T08:16:45.143527,bingx,0.7985,0.7986,18631.67,2.99
2025-07-25T08:16:45.153835,okx,0.7986,0.7987,4644.4551,10.2559
2025-07-25T08:16:45.154362,bybit,0.7988,0.7989,13821.0,9076.0
2025-07-25T08:16:45.168514,bitmart,0.7985,0.7986,8717.0,23444.0
2025-07-25T08:16:45.177536,digifinex,0.7985,0.7986,137.0,159.0
2025-07-25T08:16:45.182728,lbank,0.7986,0.7987,40429.1,12270.2
2025-07-25T08:16:45.254337,bybit,0.0,0.7989,0.0,9331.0
2025-07-25T08:16:45.259563,huobi,0.798538,0.798776,351.0,351.0
2025-07-25T08:16:45.260912,okx,0.7986,0.7987,2430.1964,10.2559
2025-07-25T08:16:45.266689,bitget,0.7987,0.7988,49913.0,29616.0
2025-07-25T08:16:45.308635,binance,0.7987,0.7987,0.0,0.0
2025-07-25T08:16:45.309452,huobi,0.798538,0.798763,351.0,390.2323
2025-07-25T08:16:45.355190,bybit,0.7988,0.0,13827.0,0.0
2025-07-25T08:16:45.370918,ascendex,0.7969,0.7998,42187.0,0.0
2025-07-25T08:16:45.416240,bitget,0.7987,0.7988,49913.0,29616.0
2025-07-25T08:16:45.454400,bybit,0.7988,0.7989,14154.0,10583.0
2025-07-25T08:16:45.473180,gateio,0.7983,0.7984,477.0,7.0
2025-07-25T08:16:45.475380,digifinex,0.7985,0.7986,71.0,159.0
2025-07-25T08:16:45.507946,huobi,0.798722,0.798763,37.7537,390.2323
2025-07-25T08:16:45.519440,gateio,0.7983,0.7984,504.0,7.0
2025-07-25T08:16:45.567456,bitget,0.7987,0.7988,49613.0,29616.0
2025-07-25T08:16:45.568583,bitmex,0.8,0.8003,11.0,956.0
2025-07-25T08:16:45.570616,blofin,0.798,0.7982,668.0,4.0
2025-07-25T08:16:45.575009,bitmex,0.8,0.8003,11.0,1622.0
2025-07-25T08:16:45.605424,okx,0.7986,0.7987,2505.0078,10.2559
2025-07-25T08:16:45.656019,bybit,0.7988,0.7989,10570.0,10613.0
2025-07-25T08:16:45.679391,ascendex,0.0,0.8002,0.0,2756.0
2025-07-25T08:16:45.681465,lbank,0.7986,0.7987,40429.1,12270.2
2025-07-25T08:16:45.711710,huobi,0.798722,0.798763,37.7537,390.2323
2025-07-25T08:16:45.716351,bitget,0.7987,0.7988,49613.0,41336.0
2025-07-25T08:16:45.754147,mexc,0.7984,0.7985,58195524.0,58195524.0
2025-07-25T08:16:45.754514,bybit,0.0,0.7989,0.0,10636.0
2025-07-25T08:16:45.806576,okx,0.7986,0.7987,2805.8304,10.2559
2025-07-25T08:16:45.854755,bybit,0.0,0.7989,0.0,10295.0
2025-07-25T08:16:45.866520,bitget,0.7987,0.7988,49613.0,19403.0
2025-07-25T08:16:45.955855,bybit,0.7988,0.7989,248425.0,10636.0
2025-07-25T08:16:45.989553,ascendex,0.0,0.8002,0.0,89615.0
2025-07-25T08:16:46.016664,bitget,0.7987,0.7988,49613.0,19403.0
2025-07-25T08:16:46.037035,gateio,0.7983,0.7984,632.0,7.0
2025-07-25T08:16:46.039479,bingx,0.7985,0.7986,18631.67,2.99
2025-07-25T08:16:46.055451,bybit,0.0,0.7989,0.0,1306.0
2025-07-25T08:16:46.060236,okx,0.7986,0.7987,2794.4304,10.2559
2025-07-25T08:16:46.083809,blofin,0.7982,0.7983,866.0,152.0
2025-07-25T08:16:46.084928,gateio,0.7983,0.7984,674.0,7.0
2025-07-25T08:16:46.109043,huobi,0.798746,0.798824,36.4495,6759.2
2025-07-25T08:16:46.136931,gateio,0.7983,0.7984,724.0,7.0
2025-07-25T08:16:46.154524,bybit,0.7988,0.7989,244603.0,8881.0
2025-07-25T08:16:46.156103,bitmart,0.7985,0.7986,12153.0,16569.0
2025-07-25T08:16:46.164847,gateio,0.7983,0.7984,554.0,7.0
2025-07-25T08:16:46.168559,bitget,0.7987,0.7988,49913.0,1999.0
2025-07-25T08:16:46.194276,okx,0.7986,0.7987,6074.8163,10.2559
2025-07-25T08:16:46.254600,bybit,0.7988,0.7989,245016.0,8540.0
2025-07-25T08:16:46.299472,ascendex,0.0,0.8002,0.0,86859.0
2025-07-25T08:16:46.305860,okx,0.7986,0.7987,2794.4304,10.2559
2025-07-25T08:16:46.306913,gateio,0.7983,0.7984,682.0,7.0
2025-07-25T08:16:46.308624,binance,0.7988,0.7988,0.0,0.0
2025-07-25T08:16:46.317064,bitget,0.7987,0.7988,49913.0,2840.0
2025-07-25T08:16:46.327116,gateio,0.7983,0.7984,724.0,7.0
2025-07-25T08:16:46.338694,bingx,0.7985,0.7986,18631.67,2.99
2025-07-25T08:16:46.348755,gateio,0.7983,0.7984,725.0,7.0
2025-07-25T08:16:46.355233,bybit,0.7988,0.7989,247165.0,4279.0
2025-07-25T08:16:46.408475,huobi,0.798768,0.798781,37.1043,351.0
2025-07-25T08:16:46.430099,gateio,0.7983,0.7985,725.0,3.0
2025-07-25T08:16:46.444691,gateio,0.7984,0.7985,186.0,3.0
2025-07-25T08:16:46.454376,bybit,0.7988,0.7989,17480.0,5826.0
2025-07-25T08:16:46.456819,okx,0.7986,0.7987,6074.8163,10.2559
2025-07-25T08:16:46.460698,gateio,0.7984,0.7985,260.0,3.0
2025-07-25T08:16:46.466939,bitget,0.7987,0.7988,49913.0,1999.0
2025-07-25T08:16:46.508832,gateio,0.7984,0.7985,186.0,53.0
2025-07-25T08:16:46.509109,huobi,0.798774,0.798781,874.951,351.0
2025-07-25T08:16:46.521003,gateio,0.7984,0.7985,77.0,53.0
2025-07-25T08:16:46.554613,bybit,0.7988,0.7989,7161.0,9335.0
2025-07-25T08:16:46.554945,okx,0.7986,0.7987,5443.1443,10.2559
2025-07-25T08:16:46.565734,blofin,0.7981,0.7983,588.0,152.0
2025-07-25T08:16:46.608942,gateio,0.7984,0.7985,77.0,127.0
2025-07-25T08:16:46.609605,huobi,0.798538,0.798777,351.0,37.6379
2025-07-25T08:16:46.619636,bitget,0.7987,0.7988,49913.0,1999.0
2025-07-25T08:16:46.624385,ascendex,0.7963,0.0,19564.0,0.0
2025-07-25T08:16:46.624774,gateio,0.7983,0.7984,792.0,36.0
2025-07-25T08:16:46.646156,gateio,0.7983,0.7984,527.0,36.0
2025-07-25T08:16:46.654595,bybit,0.7988,0.7989,9438.0,7465.0
2025-07-25T08:16:46.671986,gateio,0.7983,0.7984,554.0,36.0
2025-07-25T08:16:46.679182,lbank,0.7986,0.7987,40429.1,12270.2
2025-07-25T08:16:46.690235,okx,0.7986,0.7987,2162.7584,10.2559
2025-07-25T08:16:46.709906,huobi,0.798538,0.798777,351.0,388.6379
2025-07-25T08:16:46.757182,bybit,0.7988,0.7989,7358.0,9058.0
2025-07-25T08:16:46.778822,bitget,0.7987,0.7988,66113.0,24929.0
2025-07-25T08:16:46.798135,okx,0.7986,0.7987,1418.117,10.2559
2025-07-25T08:16:46.855999,bybit,0.7988,0.7989,553883.0,1950.0
2025-07-25T08:16:46.869971,bitmex,0.8,0.8003,11.0,1600.0
2025-07-25T08:16:46.897939,okx,0.7986,0.7987,1718.9396,10.2559
2025-07-25T08:16:46.908606,huobi,0.798723,0.798777,38.3109,388.6379
2025-07-25T08:16:46.919199,bitget,0.7987,0.7988,66113.0,24929.0
2025-07-25T08:16:46.961810,bybit,0.7988,0.7989,556032.0,698.0
2025-07-25T08:16:46.981584,gateio,0.7983,0.7984,682.0,24.0
2025-07-25T08:16:46.988242,gateio,0.7984,0.7985,50.0,3.0
2025-07-25T08:16:46.999245,gateio,0.7984,0.7985,323.0,3.0
2025-07-25T08:16:47.017555,huobi,0.798754,0.799062,351.0,1600.0
2025-07-25T08:16:47.046884,bitmex,0.8,0.8003,11.0,934.0
2025-07-25T08:16:47.047126,gateio,0.7984,0.7985,350.0,3.0
2025-07-25T08:16:47.050937,okx,0.7986,0.7987,5630.9975,10.2559
2025-07-25T08:16:47.055608,bybit,0.7989,0.799,33964.0,988.0
2025-07-25T08:16:47.070952,bitget,0.7987,0.7988,66413.0,1999.0
2025-07-25T08:16:47.071259,gateio,0.7985,0.7986,563.0,24.0
2025-07-25T08:16:47.082702,blofin,0.7981,0.7983,593.0,152.0
2025-07-25T08:16:47.096983,gateio,0.7985,0.7986,563.0,74.0
2025-07-25T08:16:47.111037,huobi,0.798832,0.798884,38.0204,6757.3
2025-07-25T08:16:47.147268,bitmex,0.8,0.8003,11.0,1600.0
2025-07-25T08:16:47.158330,bybit,0.799,0.7991,20719.0,14581.0
2025-07-25T08:16:47.170027,gateio,0.7985,0.7986,563.0,24.0
2025-07-25T08:16:47.170215,okx,0.7987,0.7988,9882.4849,26.3501
2025-07-25T08:16:47.170412,bitmex,0.8,0.8003,11.0,666.0
2025-07-25T08:16:47.184480,lbank,0.7986,0.7987,40429.1,12270.2
2025-07-25T08:16:47.186440,gateio,0.7986,0.7987,12.0,151.0
2025-07-25T08:16:47.187825,bitmex,0.8,0.8003,11.0,587.0
2025-07-25T08:16:47.191172,bitmex,0.8,0.8007,11.0,1360.0
2025-07-25T08:16:47.191581,bitmex,0.8,0.8007,11.0,141.0
2025-07-25T08:16:47.210227,bitmex,0.8,0.8007,11.0,12.0
2025-07-25T08:16:47.210986,huobi,0.798859,0.799065,37.7934,351.0
2025-07-25T08:16:47.218473,bitmex,0.8,0.8008,11.0,11.0
2025-07-25T08:16:47.223532,bitget,0.7988,0.7989,47002.0,247.0
2025-07-25T08:16:47.223575,bitmart,0.7985,0.7986,12153.0,19739.0
2025-07-25T08:16:47.234042,gateio,0.7986,0.7987,45.0,151.0
2025-07-25T08:16:47.246194,bingx,0.7987,0.7988,18658.37,10.0
2025-07-25T08:16:47.251103,ascendex,0.798,0.799,75207.0,0.0
2025-07-25T08:16:47.254924,bybit,0.799,0.7991,20805.0,8863.0
2025-07-25T08:16:47.273225,gateio,0.7986,0.7987,45.0,77.0
2025-07-25T08:16:47.276557,digifinex,0.7986,0.7987,289.0,248.0
2025-07-25T08:16:47.303114,okx,0.7987,0.7988,11145.829,26.3501
2025-07-25T08:16:47.310118,binance,0.7988,0.7988,0.0,0.0
2025-07-25T08:16:47.314050,huobi,0.798893,0.798979,38.5285,6757.2
2025-07-25T08:16:47.326609,gateio,0.7986,0.7987,45.0,760.0
2025-07-25T08:16:47.326667,bitmex,0.8,0.8005,11.0,666.0
2025-07-25T08:16:47.346571,gateio,0.7986,0.7987,45.0,90.0
2025-07-25T08:16:47.357543,bybit,0.0,0.7991,0.0,4826.0
2025-07-25T08:16:47.368489,bitget,0.7988,0.7989,66188.0,247.0
2025-07-25T08:16:47.377247,gateio,0.7986,0.7987,72.0,90.0
2025-07-25T08:16:47.384896,gateio,0.7986,0.7987,122.0,90.0
2025-07-25T08:16:47.397537,bitmex,0.8,0.8005,11.0,644.0
2025-07-25T08:16:47.398239,okx,0.7987,0.799,11145.829,2095.6516
2025-07-25T08:16:47.410544,huobi,0.798893,0.798937,38.5285,387.8534
2025-07-25T08:16:47.456294,bybit,0.799,0.7991,22330.0,4198.0
2025-07-25T08:16:47.500185,okx,0.7989,0.799,1355.2188,48.8738
2025-07-25T08:16:47.521403,gateio,0.7986,0.7987,122.0,107.0
2025-07-25T08:16:47.523658,bitget,0.7988,0.7989,66488.0,247.0
2025-07-25T08:16:47.549730,ascendex,0.7968,0.7998,75348.0,21015.0
2025-07-25T08:16:47.554236,bybit,0.0,0.7991,0.0,2605.0
2025-07-25T08:16:47.559085,blofin,0.7982,0.7983,726.0,152.0
2025-07-25T08:16:47.576423,digifinex,0.7986,0.7988,289.0,194.0
2025-07-25T08:16:47.588665,gateio,0.7986,0.7987,122.0,57.0
2025-07-25T08:16:47.596194,okx,0.7989,0.799,1355.2188,548.8738
2025-07-25T08:16:47.612867,gateio,0.7986,0.7987,122.0,27.0
2025-07-25T08:16:47.613843,huobi,0.798893,0.798937,38.5285,36.8534
2025-07-25T08:16:47.624900,gateio,0.7986,0.7987,136.0,27.0
2025-07-25T08:16:47.638962,gateio,0.7986,0.7987,150.0,27.0
2025-07-25T08:16:47.654516,bybit,0.799,0.7991,25083.0,2595.0
2025-07-25T08:16:47.667251,bitmex,0.8,0.8009,11.0,11.0
2025-07-25T08:16:47.671429,bitget,0.7988,0.7989,90814.0,247.0
2025-07-25T08:16:47.680266,digifinex,0.7987,0.7988,51.0,194.0
2025-07-25T08:16:47.701910,okx,0.7989,0.799,5017.4471,48.8738
2025-07-25T08:16:47.714652,huobi,0.798987,0.799065,37.3567,351.0
2025-07-25T08:16:47.754898,bybit,0.0,0.7991,0.0,2600.0
2025-07-25T08:16:47.772585,gateio,0.7986,0.7987,122.0,151.0
2025-07-25T08:16:47.798342,okx,0.7989,0.799,5747.1854,48.8738
2025-07-25T08:16:47.811549,huobi,0.798698,0.799065,351.0,351.0
2025-07-25T08:16:47.820035,bitget,0.7989,0.799,51878.0,16307.0
2025-07-25T08:16:47.823877,bitmex,0.8,0.8006,11.0,666.0
2025-07-25T08:16:47.847664,bingx,0.7988,0.7989,18656.499999999996,1.16
2025-07-25T08:16:47.854546,bybit,0.799,0.7991,13068.0,11000.0
2025-07-25T08:16:47.881715,ascendex,0.7979,0.8007,75245.0,46003.0
2025-07-25T08:16:47.908744,huobi,0.798698,0.798968,351.0,36.0529
2025-07-25T08:16:47.949874,okx,0.7989,0.799,300.8226,1635.2622
2025-07-25T08:16:47.954474,bybit,0.799,0.0,5916.0,0.0
2025-07-25T08:16:47.968385,bitget,0.7989,0.799,35378.0,3196.0
2025-07-25T08:16:48.008874,huobi,0.7987,0.798968,351.0,36.0529
2025-07-25T08:16:48.031040,gateio,0.7986,0.7987,122.0,77.0
2025-07-25T08:16:48.055003,bybit,0.799,0.7991,10687.0,6332.0
2025-07-25T08:16:48.060813,okx,0.7989,0.799,300.8226,735.2622
2025-07-25T08:16:48.063311,blofin,0.7982,0.7983,726.0,152.0
2025-07-25T08:16:48.110773,huobi,0.798929,0.798968,36.3723,36.0529
2025-07-25T08:16:48.118455,bitget,0.7989,0.799,25677.0,11275.0
2025-07-25T08:16:48.126287,mexc,0.7985,0.7986,58323688.0,58323688.0
2025-07-25T08:16:48.149354,bingx,0.7988,0.7989,18656.499999999996,1.16
2025-07-25T08:16:48.155076,bitmart,0.7987,0.7988,12984.0,26054.0
2025-07-25T08:16:48.155144,bybit,0.799,0.7991,8607.0,10898.0
2025-07-25T08:16:48.169585,okx,0.7989,0.799,1200.8226,355.4556
2025-07-25T08:16:48.185656,lbank,0.799,0.7991,73514.1,278.2
2025-07-25T08:16:48.189685,ascendex,0.7957,0.8061,15519.0,48234.0
2025-07-25T08:16:48.191607,gateio,0.7986,0.7987,131.0,77.0
2025-07-25T08:16:48.258905,gateio,0.7986,0.7987,122.0,77.0
2025-07-25T08:16:48.269075,bitget,0.7989,0.799,40734.0,2355.0
2025-07-25T08:16:48.307665,binance,0.7989,0.7989,0.0,0.0
2025-07-25T08:16:48.355175,bybit,0.799,0.7991,10687.0,3743.0
2025-07-25T08:16:48.418490,bitget,0.7989,0.799,40734.0,2230.0
2025-07-25T08:16:48.437292,gateio,0.7986,0.7987,122.0,27.0
2025-07-25T08:16:48.451677,bingx,0.7988,0.7989,18656.499999999996,1.16
2025-07-25T08:16:48.454470,bybit,0.7991,0.7992,22382.0,9275.0
2025-07-25T08:16:48.460707,gateio,0.7986,0.7987,655.0,27.0
2025-07-25T08:16:48.472671,gateio,0.7986,0.7987,705.0,27.0
2025-07-25T08:16:48.499504,ascendex,0.0,0.7998,0.0,93741.0
2025-07-25T08:16:48.502447,okx,0.7989,0.799,1200.8226,48.8738
2025-07-25T08:16:48.512610,huobi,0.799025,0.799091,38.6294,6757.1
2025-07-25T08:16:48.518707,gateio,0.7986,0.7987,719.0,27.0
2025-07-25T08:16:48.555202,blofin,0.7983,0.7984,1124.0,4.0
2025-07-25T08:16:48.555503,bybit,0.7991,0.7992,31199.0,3537.0
2025-07-25T08:16:48.569154,bitget,0.7989,0.799,40734.0,363.0
2025-07-25T08:16:48.571470,bitmex,0.8,0.8006,11.0,644.0
2025-07-25T08:16:48.581839,digifinex,0.7987,0.7989,51.0,194.0
2025-07-25T08:16:48.607832,okx,0.7989,0.799,7997.046,48.8738
2025-07-25T08:16:48.609381,gateio,0.7986,0.7987,746.0,23.0
2025-07-25T08:16:48.609998,huobi,0.799052,0.799091,36.3771,6757.1
2025-07-25T08:16:48.621453,gateio,0.7987,0.7989,436.0,50.0
2025-07-25T08:16:48.636837,gateio,0.7988,0.7989,338.0,50.0
2025-07-25T08:16:48.654353,bybit,0.7992,0.7993,45888.0,4140.0
2025-07-25T08:16:48.657109,gateio,0.7988,0.7989,365.0,50.0
2025-07-25T08:16:48.671024,gateio,0.7988,0.799,365.0,226.0
2025-07-25T08:16:48.678189,digifinex,0.7988,0.799,283.0,235.0
2025-07-25T08:16:48.684263,gateio,0.7989,0.799,45.0,53.0
2025-07-25T08:16:48.709998,huobi,0.799113,0.799114,351.0,45692.7551
2025-07-25T08:16:48.716933,gateio,0.7989,0.799,157.0,53.0
2025-07-25T08:16:48.718487,bitget,0.7991,0.7992,34559.0,1950.0
2025-07-25T08:16:48.730830,okx,0.799,0.7991,4198.2128,366.0452
2025-07-25T08:16:48.752857,bingx,0.7988,0.7989,18656.499999999996,1.16
2025-07-25T08:16:48.754580,bybit,0.7992,0.7993,48037.0,694.0
2025-07-25T08:16:48.775203,gateio,0.7989,0.799,563.0,3.0
2025-07-25T08:16:48.784101,digifinex,0.7989,0.799,182.0,235.0
2025-07-25T08:16:48.814846,gateio,0.7989,0.799,536.0,53.0
2025-07-25T08:16:48.820115,ascendex,0.7984,0.7998,75179.0,72726.0
2025-07-25T08:16:48.833253,gateio,0.7989,0.799,171.0,83.0
2025-07-25T08:16:48.843216,gateio,0.7989,0.799,171.0,53.0
2025-07-25T08:16:48.849625,bitmex,0.8,0.801,11.0,489.0
2025-07-25T08:16:48.849819,okx,0.7991,0.7992,7853.0874,524.4758
2025-07-25T08:16:48.854703,bybit,0.7992,0.7993,34327.0,476.0
2025-07-25T08:16:48.855615,bitmex,0.8,0.801,11.0,478.0
2025-07-25T08:16:48.868620,bitget,0.7992,0.7993,8372.0,1870.0
2025-07-25T08:16:48.881016,digifinex,0.7989,0.7991,182.0,189.0
2025-07-25T08:16:48.885656,gateio,0.7989,0.799,184.0,53.0
2025-07-25T08:16:48.898733,gateio,0.7989,0.799,184.0,96.0
2025-07-25T08:16:48.950954,gateio,0.7989,0.799,184.0,16.0
2025-07-25T08:16:48.955191,bybit,0.7993,0.7994,48305.0,90.0
2025-07-25T08:16:48.961442,gateio,0.7989,0.799,549.0,16.0
2025-07-25T08:16:48.967918,okx,0.7991,0.7992,7838.1874,352.4796
2025-07-25T08:16:48.976068,digifinex,0.799,0.7991,8.0,189.0
2025-07-25T08:16:48.982659,bitmex,0.8,0.8008,11.0,666.0
2025-07-25T08:16:48.983100,gateio,0.7989,0.799,563.0,16.0
2025-07-25T08:16:49.003334,gateio,0.7989,0.799,501.0,16.0
2025-07-25T08:16:49.015343,gateio,0.7989,0.799,474.0,90.0
2025-07-25T08:16:49.020998,bitget,0.7992,0.7993,43467.0,128.0
2025-07-25T08:16:49.029755,gateio,0.7989,0.799,95.0,16.0
2025-07-25T08:16:49.041544,gateio,0.7989,0.799,95.0,66.0
2025-07-25T08:16:49.051558,bingx,0.799,0.7991,18661.33,0.48
2025-07-25T08:16:49.052901,gateio,0.7989,0.799,169.0,16.0
2025-07-25T08:16:49.058363,bybit,0.7993,0.7994,11930.0,340.0
2025-07-25T08:16:49.063689,gateio,0.7989,0.799,534.0,16.0
2025-07-25T08:16:49.072322,okx,0.7992,0.7993,3877.3127,351.0
2025-07-25T08:16:49.074897,gateio,0.7989,0.799,584.0,16.0
2025-07-25T08:16:49.077752,digifinex,0.7989,0.7991,182.0,189.0
2025-07-25T08:16:49.086885,blofin,0.7985,0.7986,397.0,450.0
2025-07-25T08:16:49.097105,gateio,0.7989,0.7991,611.0,74.0
2025-07-25T08:16:49.111074,gateio,0.799,0.7991,179.0,124.0
2025-07-25T08:16:49.114130,huobi,0.799113,0.799114,388.2168,45692.7551
2025-07-25T08:16:49.125092,gateio,0.799,0.7991,193.0,124.0
2025-07-25T08:16:49.135808,gateio,0.799,0.7991,193.0,50.0
2025-07-25T08:16:49.139963,ascendex,0.7974,0.7994,75292.0,0.0
2025-07-25T08:16:49.147173,bitmex,0.8,0.8008,11.0,644.0
2025-07-25T08:16:49.150073,bitmex,0.8,0.8008,21.0,644.0
2025-07-25T08:16:49.154779,bybit,0.7993,0.7994,17833.0,90.0
2025-07-25T08:16:49.156948,bitmex,0.8001,0.8008,12.0,644.0
2025-07-25T08:16:49.170360,bitget,0.7992,0.7993,35371.0,128.0
2025-07-25T08:16:49.171084,bitmart,0.7988,0.7991,17540.0,12076.0
2025-07-25T08:16:49.185283,gateio,0.799,0.7991,220.0,80.0
2025-07-25T08:16:49.194309,digifinex,0.799,0.7992,194.0,237.0
2025-07-25T08:16:49.196628,okx,0.7992,0.7994,1355.2188,4272.4269
2025-07-25T08:16:49.207917,gateio,0.799,0.7991,206.0,80.0
2025-07-25T08:16:49.208262,bitmex,0.8001,0.8011,12.0,12.0
2025-07-25T08:16:49.217939,bitmex,0.8001,0.8012,12.0,335.0
2025-07-25T08:16:49.254633,bybit,0.7993,0.7994,21380.0,83.0
2025-07-25T08:16:49.269021,gateio,0.799,0.7991,218.0,80.0
2025-07-25T08:16:49.277293,digifinex,0.7991,0.7992,148.0,237.0
2025-07-25T08:16:49.295476,gateio,0.799,0.7991,218.0,50.0
2025-07-25T08:16:49.302504,okx,0.7992,0.7994,4164.8729,922.1418
2025-07-25T08:16:49.310997,binance,0.7992,0.7992,0.0,0.0
2025-07-25T08:16:49.322096,bitget,0.7993,0.7994,56930.0,14629.0
2025-07-25T08:16:49.337177,bitmex,0.8001,0.801,12.0,666.0
2025-07-25T08:16:49.352586,bingx,0.799,0.7991,18661.33,0.48
2025-07-25T08:16:49.354432,bybit,0.7993,0.0,21745.0,0.0
2025-07-25T08:16:49.396977,okx,0.7992,0.7994,5060.2426,22.1418
2025-07-25T08:16:49.461239,ascendex,0.0,0.7995,0.0,0.0
2025-07-25T08:16:49.470142,bitget,0.7993,0.7994,71987.0,676.0
2025-07-25T08:16:49.498753,okx,0.7992,0.7993,2322.6284,602.7446
2025-07-25T08:16:49.547713,gateio,0.799,0.7991,204.0,50.0
2025-07-25T08:16:49.554210,bybit,0.7993,0.0,17447.0,0.0
2025-07-25T08:16:49.575167,blofin,0.7985,0.7986,397.0,450.0
2025-07-25T08:16:49.585897,bitmex,0.8001,0.801,22.0,666.0
2025-07-25T08:16:49.593205,bitmex,0.8002,0.801,12.0,666.0
2025-07-25T08:16:49.606848,okx,0.7992,0.7993,2644.1163,602.7446
2025-07-25T08:16:49.620194,bitget,0.7993,0.7994,68031.0,676.0
2025-07-25T08:16:49.639048,gateio,0.799,0.7992,204.0,297.0
2025-07-25T08:16:49.649451,gateio,0.7991,0.7992,269.0,223.0
2025-07-25T08:16:49.654631,bybit,0.7995,0.7996,18844.0,4385.0
2025-07-25T08:16:49.663510,gateio,0.7991,0.7992,341.0,50.0
2025-07-25T08:16:49.675151,gateio,0.7991,0.7992,184.0,50.0
2025-07-25T08:16:49.679906,digifinex,0.7991,0.7992,148.0,237.0
2025-07-25T08:16:49.684839,lbank,0.7993,0.7994,50234.4,6981.7
2025-07-25T08:16:49.685908,bingx,0.799,0.7991,18661.33,0.48
2025-07-25T08:16:49.698914,gateio,0.7992,0.7993,12.0,74.0
2025-07-25T08:16:49.699891,okx,0.7992,0.7993,2144.1163,602.7446
2025-07-25T08:16:49.709055,gateio,0.7992,0.7993,57.0,74.0
2025-07-25T08:16:49.712816,huobi,0.799113,0.799114,623.2168,43218.5572
2025-07-25T08:16:49.733060,gateio,0.7992,0.7993,45.0,80.0
2025-07-25T08:16:49.745066,gateio,0.7992,0.7993,45.0,90.0
2025-07-25T08:16:49.747965,bitmex,0.8002,0.8011,12.0,12.0
2025-07-25T08:16:49.750201,bitmex,0.8002,0.8012,12.0,335.0
2025-07-25T08:16:49.755000,bybit,0.0,0.7996,0.0,6133.0
2025-07-25T08:16:49.756994,gateio,0.7992,0.7993,72.0,90.0
2025-07-25T08:16:49.765032,bitmex,0.8002,0.8012,12.0,324.0
2025-07-25T08:16:49.773427,bitget,0.7994,0.7995,676.0,808.0
2025-07-25T08:16:49.775128,gateio,0.7992,0.7993,72.0,104.0
2025-07-25T08:16:49.782358,ascendex,0.7984,0.0,150376.0,0.0
2025-07-25T08:16:49.796845,gateio,0.7992,0.7993,27.0,104.0
2025-07-25T08:16:49.806340,okx,0.7993,0.7994,5325.9294,22.1418
2025-07-25T08:16:49.810446,huobi,0.799113,0.799114,2696.8118,17128.0819
2025-07-25T08:16:49.823010,gateio,0.7992,0.7993,72.0,104.0
2025-07-25T08:16:49.855831,bybit,0.7995,0.7996,14002.0,9165.0
2025-07-25T08:16:49.869086,gateio,0.7992,0.7993,27.0,104.0
2025-07-25T08:16:49.882677,digifinex,0.7991,0.7993,133.0,229.0
2025-07-25T08:16:49.908063,okx,0.7993,0.7994,8489.0237,22.1418
2025-07-25T08:16:49.911246,huobi,0.799113,0.799114,2696.8118,13718.283
2025-07-25T08:16:49.920430,bitget,0.7994,0.7995,50164.0,5669.0
2025-07-25T08:16:49.920860,bitmex,0.8002,0.8011,12.0,666.0
