timestamp,exchange,bid,ask,bid_vol,ask_vol
2025-07-25T08:16:26.144617,bybit,0.1307,0.13071,492.0,289.0
2025-07-25T08:16:26.681634,bitget,0.13072,0.13079,1120.0,455.0
2025-07-25T08:16:27.013934,huobi,0.12987,0.13083,77.8907,15959.66
2025-07-25T08:16:27.013967,huobi,0.12977,0.13083,77.8907,15959.66
2025-07-25T08:16:27.016183,huobi,0.12977,0.13083,77.8907,15959.66
2025-07-25T08:16:27.016307,huobi,0.12983,0.13083,1540.4837,15959.66
2025-07-25T08:16:27.109469,huobi,0.12984,0.13083,200.0,15959.66
2025-07-25T08:16:27.320500,bingx,0.13068,0.13082,215.0,108.0
2025-07-25T08:16:27.368037,bitget,0.13072,0.13079,1120.0,455.0
2025-07-25T08:16:27.370178,bingx,0.13068,0.13082,215.0,108.0
2025-07-25T08:16:27.522582,bitget,0.13073,0.13079,465.0,455.0
2025-07-25T08:16:27.811428,huobi,0.12985,0.13083,77.8907,15959.66
2025-07-25T08:16:28.011728,lbank,0.1307,0.1308,7357.72,5242.15
2025-07-25T08:16:28.109980,huobi,0.12985,0.13083,77.8907,15959.66
2025-07-25T08:16:28.157453,lbank,0.1307,0.1308,7357.72,5242.15
2025-07-25T08:16:28.210696,huobi,0.12985,0.13082,77.8907,384.9457
2025-07-25T08:16:28.275488,bingx,0.13068,0.13082,215.0,108.0
2025-07-25T08:16:28.411111,huobi,0.12985,0.13082,77.8907,384.9457
2025-07-25T08:16:28.448187,gateio,0.13062,0.13073,692.0,24.0
2025-07-25T08:16:28.453858,gateio,0.13062,0.13073,721.0,24.0
2025-07-25T08:16:28.453889,gateio,0.13062,0.13079,721.0,50.0
2025-07-25T08:16:28.453942,gateio,0.13062,0.13079,29.0,50.0
2025-07-25T08:16:28.453967,gateio,0.13063,0.13079,692.0,50.0
2025-07-25T08:16:28.596460,blofin,0.13066,0.13069,79.0,673.0
2025-07-25T08:16:28.596873,blofin,0.13066,0.13069,78.0,673.0
2025-07-25T08:16:28.597409,blofin,0.13066,0.13069,78.0,673.0
2025-07-25T08:16:28.659340,lbank,0.1308,0.131,8511.8,10730.68
2025-07-25T08:16:28.863239,gateio,0.13063,0.13069,692.0,520.0
2025-07-25T08:16:28.900379,mexc,0.13068,0.13069,840196.0,840196.0
2025-07-25T08:16:28.908866,huobi,0.12985,0.13082,77.8907,384.9457
2025-07-25T08:16:29.033113,gateio,0.13063,0.13079,692.0,50.0
2025-07-25T08:16:29.089858,blofin,0.13066,0.13069,78.0,673.0
2025-07-25T08:16:29.178648,bingx,0.13068,0.13082,215.0,108.0
2025-07-25T08:16:29.566630,blofin,0.13066,0.13069,78.0,673.0
2025-07-25T08:16:29.612225,huobi,0.12985,0.13082,77.8907,384.9457
2025-07-25T08:16:30.018767,bybit,0.1307,0.0,612.0,0.0
2025-07-25T08:16:30.072069,bitget,0.13073,0.1308,465.0,362.0
2025-07-25T08:16:30.077546,blofin,0.13066,0.13069,78.0,673.0
2025-07-25T08:16:30.085420,bingx,0.13068,0.13082,215.0,108.0
2025-07-25T08:16:30.118689,bybit,0.13071,0.13074,450.0,1676.0
2025-07-25T08:16:30.147162,gateio,0.13064,0.13079,721.0,50.0
2025-07-25T08:16:30.212807,huobi,0.12985,0.13082,77.8907,384.9457
2025-07-25T08:16:30.215021,gateio,0.13064,0.13079,29.0,50.0
2025-07-25T08:16:30.218507,bybit,0.13072,0.13075,523.0,10.0
2025-07-25T08:16:30.220626,bitget,0.13073,0.13082,1064.0,455.0
2025-07-25T08:16:30.265996,gateio,0.13066,0.13079,692.0,50.0
2025-07-25T08:16:30.324693,gateio,0.13066,0.13079,29.0,50.0
2025-07-25T08:16:30.344996,gateio,0.13066,0.13079,237.0,50.0
2025-07-25T08:16:30.369405,bitget,0.13075,0.13082,362.0,455.0
2025-07-25T08:16:30.409853,huobi,0.12985,0.13082,77.8907,384.9457
2025-07-25T08:16:30.518239,bitget,0.13076,0.13084,465.0,459.0
2025-07-25T08:16:30.518925,bybit,0.0,0.0,0.0,0.0
2025-07-25T08:16:30.542323,blofin,0.13066,0.13069,78.0,672.0
2025-07-25T08:16:30.657277,lbank,0.1307,0.1308,7805.73,3234.69
2025-07-25T08:16:30.677189,bitget,0.13077,0.13086,362.0,465.0
2025-07-25T08:16:30.687018,bingx,0.13076,0.13086,162.0,125.0
2025-07-25T08:16:30.753144,gateio,0.13066,0.1308,312.0,50.0
2025-07-25T08:16:30.817655,huobi,0.12985,0.13083,77.8907,316.66
2025-07-25T08:16:30.819478,bitget,0.13078,0.13086,465.0,465.0
2025-07-25T08:16:30.852544,gateio,0.13066,0.1308,237.0,50.0
2025-07-25T08:16:30.970438,bitget,0.13079,0.13086,465.0,465.0
2025-07-25T08:16:31.014626,huobi,0.12985,0.13083,77.8907,316.66
2025-07-25T08:16:31.087234,blofin,0.13067,0.13069,2912.0,4.0
2025-07-25T08:16:31.109612,huobi,0.12985,0.13083,77.8907,316.66
2025-07-25T08:16:31.122202,bitget,0.13079,0.13086,827.0,465.0
2025-07-25T08:16:31.161771,lbank,0.1307,0.1308,7805.73,3234.69
2025-07-25T08:16:31.289223,mexc,0.13068,0.13069,840196.0,840196.0
2025-07-25T08:16:31.310864,huobi,0.12985,0.1309,77.8907,384.9457
2025-07-25T08:16:31.419473,bybit,0.0,0.0,0.0,0.0
2025-07-25T08:16:31.422980,bitget,0.13079,0.13086,827.0,465.0
2025-07-25T08:16:31.556646,blofin,0.13068,0.13069,2837.0,4.0
2025-07-25T08:16:31.589120,bingx,0.13076,0.13086,162.0,125.0
2025-07-25T08:16:31.818592,bybit,0.13072,0.13075,403.0,70.0
2025-07-25T08:16:31.866199,gateio,0.13066,0.13073,237.0,515.0
2025-07-25T08:16:31.919033,gateio,0.13066,0.1308,237.0,76.0
2025-07-25T08:16:32.015091,huobi,0.12985,0.1309,77.8907,384.9457
2025-07-25T08:16:32.020116,bybit,0.13074,0.13075,415.0,10.0
2025-07-25T08:16:32.023962,bitget,0.13078,0.13086,362.0,4287.0
2025-07-25T08:16:32.085378,blofin,0.13069,0.13075,2837.0,132.0
2025-07-25T08:16:32.135752,gateio,0.13066,0.1308,29.0,76.0
2025-07-25T08:16:32.177439,bitget,0.13078,0.13085,362.0,465.0
2025-07-25T08:16:32.210838,huobi,0.12985,0.1309,77.8907,384.9457
2025-07-25T08:16:32.320459,bitget,0.13078,0.13085,362.0,465.0
2025-07-25T08:16:32.492513,bingx,0.13076,0.13086,162.0,125.0
2025-07-25T08:16:32.559443,blofin,0.13069,0.13074,2882.0,127.0
2025-07-25T08:16:32.615534,huobi,0.12985,0.1309,1618.1371,951.6894
2025-07-25T08:16:32.618624,bybit,0.13071,0.13075,1610.0,2214.0
2025-07-25T08:16:32.622947,bitget,0.13078,0.13085,362.0,465.0
2025-07-25T08:16:32.659848,lbank,0.1308,0.131,11042.69,12455.19
2025-07-25T08:16:32.770371,bitget,0.13078,0.13085,362.0,827.0
2025-07-25T08:16:32.812104,huobi,0.12986,0.1309,2946.1649,951.6894
2025-07-25T08:16:32.819134,bybit,0.13072,0.0,485.0,0.0
2025-07-25T08:16:32.919879,bitget,0.13078,0.13084,362.0,465.0
2025-07-25T08:16:33.016458,huobi,0.12985,0.1309,1618.1371,951.6894
2025-07-25T08:16:33.018586,bybit,0.0,0.13074,0.0,450.0
2025-07-25T08:16:33.070725,bitget,0.13077,0.13084,362.0,465.0
2025-07-25T08:16:33.082622,blofin,0.13069,0.13074,2882.0,127.0
2025-07-25T08:16:33.091730,bingx,0.13074,0.13085,162.0,125.0
2025-07-25T08:16:33.113129,huobi,0.12986,0.1309,2955.93,951.6894
2025-07-25T08:16:33.157329,lbank,0.1308,0.131,11042.69,12455.19
2025-07-25T08:16:33.219971,bybit,0.13071,0.13073,82.0,2204.0
2025-07-25T08:16:33.220373,bitget,0.13077,0.13084,362.0,827.0
2025-07-25T08:16:33.282681,gateio,0.13056,0.13076,152.0,152.0
2025-07-25T08:16:33.294642,gateio,0.13054,0.13074,50.0,75.0
2025-07-25T08:16:33.307256,gateio,0.13054,0.1307,50.0,152.0
2025-07-25T08:16:33.314979,gateio,0.13054,0.13074,50.0,75.0
2025-07-25T08:16:33.315621,huobi,0.12986,0.13091,6990.1661,340.0
2025-07-25T08:16:33.319292,bybit,0.13065,0.13067,281.0,1120.0
2025-07-25T08:16:33.371657,bitget,0.13064,0.13074,1211.0,362.0
2025-07-25T08:16:33.412723,huobi,0.12985,0.13091,77.8907,340.0
2025-07-25T08:16:33.420916,bybit,0.13065,0.0,758.0,0.0
2025-07-25T08:16:33.514388,huobi,0.12987,0.13091,200.0,340.0
2025-07-25T08:16:33.518888,bybit,0.0,0.0,0.0,0.0
2025-07-25T08:16:33.520686,bitget,0.13065,0.13073,827.0,2744.0
2025-07-25T08:16:33.554891,blofin,0.13069,0.13074,45.0,2837.0
2025-07-25T08:16:33.613487,huobi,0.12987,0.13091,200.0,340.0
2025-07-25T08:16:33.658448,lbank,0.1307,0.1308,4523.3,11278.98
2025-07-25T08:16:33.671037,bitget,0.13066,0.13072,465.0,465.0
2025-07-25T08:16:33.693141,bingx,0.13069,0.13078,162.0,125.0
2025-07-25T08:16:33.708919,mexc,0.13068,0.13069,840196.0,840196.0
2025-07-25T08:16:33.716379,gateio,0.13054,0.1307,50.0,152.0
2025-07-25T08:16:33.718830,bybit,0.13063,0.13064,184.0,610.0
2025-07-25T08:16:33.818835,bybit,0.0,0.0,0.0,0.0
2025-07-25T08:16:33.820805,bitget,0.13067,0.13072,362.0,465.0
2025-07-25T08:16:33.918610,bybit,0.13063,0.0,682.0,0.0
2025-07-25T08:16:33.972906,bitget,0.13067,0.13072,362.0,465.0
2025-07-25T08:16:33.995843,bingx,0.13062,0.13074,115.0,307.0
2025-07-25T08:16:34.018441,bybit,0.0,0.13064,0.0,550.0
2025-07-25T08:16:34.069886,blofin,0.13058,0.13061,23272.0,376.0
2025-07-25T08:16:34.085266,gateio,0.13054,0.1307,50.0,178.0
2025-07-25T08:16:34.118714,bybit,0.0,0.0,0.0,0.0
2025-07-25T08:16:34.157008,lbank,0.1307,0.1308,4523.3,11278.98
2025-07-25T08:16:34.411074,huobi,0.12988,0.13091,77.8907,1291.6894
2025-07-25T08:16:34.418336,bybit,0.0,0.0,0.0,0.0
2025-07-25T08:16:34.420755,bitget,0.13067,0.13072,362.0,465.0
2025-07-25T08:16:34.563887,blofin,0.13058,0.13061,23272.0,376.0
2025-07-25T08:16:34.573388,gateio,0.13054,0.1307,79.0,178.0
2025-07-25T08:16:34.612875,huobi,0.12988,0.13091,77.8907,1291.6894
2025-07-25T08:16:34.619065,bybit,0.13069,0.13071,430.0,510.0
2025-07-25T08:16:34.625501,gateio,0.13054,0.1307,79.0,26.0
2025-07-25T08:16:34.661176,lbank,0.1309,0.131,3329.28,7680.27
2025-07-25T08:16:34.705007,gateio,0.13056,0.13074,181.0,75.0
2025-07-25T08:16:34.717018,huobi,0.12988,0.13091,77.8907,340.0
2025-07-25T08:16:34.721856,bitget,0.13067,0.13074,815.0,453.0
2025-07-25T08:16:34.762637,gateio,0.13056,0.13077,181.0,152.0
2025-07-25T08:16:34.811036,huobi,0.12988,0.1309,77.8907,13997.0
2025-07-25T08:16:34.864130,gateio,0.13056,0.13063,181.0,568.0
2025-07-25T08:16:34.873674,bitget,0.13068,0.13076,453.0,453.0
2025-07-25T08:16:34.896324,bingx,0.13062,0.13074,115.0,307.0
2025-07-25T08:16:34.911402,huobi,0.12988,0.1309,77.8907,13997.0
2025-07-25T08:16:34.925107,gateio,0.13056,0.13077,181.0,152.0
2025-07-25T08:16:35.044248,bitget,0.13069,0.13076,362.0,453.0
2025-07-25T08:16:35.088334,blofin,0.13058,0.13061,23272.0,376.0
2025-07-25T08:16:35.165613,lbank,0.1309,0.131,3329.28,15434.91
2025-07-25T08:16:35.171431,bitget,0.1307,0.13076,453.0,453.0
2025-07-25T08:16:35.202499,bingx,0.13068,0.13079,115.0,307.0
2025-07-25T08:16:35.218528,bybit,0.13069,0.13072,880.0,2144.0
2025-07-25T08:16:35.324508,bitget,0.13071,0.13076,362.0,453.0
2025-07-25T08:16:35.500638,bingx,0.13066,0.13078,115.0,307.0
2025-07-25T08:16:35.546213,blofin,0.13061,0.13064,2807.0,2.0
2025-07-25T08:16:35.618761,bybit,0.13071,0.13073,407.0,58.0
2025-07-25T08:16:35.657564,lbank,0.1306,0.1309,8316.34,18012.1
2025-07-25T08:16:35.717823,huobi,0.12988,0.13091,77.8907,1291.6894
2025-07-25T08:16:35.773566,bitget,0.13072,0.13078,453.0,453.0
2025-07-25T08:16:35.923913,bitget,0.13073,0.13078,362.0,453.0
2025-07-25T08:16:35.967411,gateio,0.13061,0.13077,75.0,152.0
2025-07-25T08:16:35.979802,gateio,0.13061,0.13077,104.0,176.0
2025-07-25T08:16:35.989479,gateio,0.13061,0.13077,104.0,24.0
2025-07-25T08:16:36.004757,gateio,0.13062,0.13077,152.0,24.0
2025-07-25T08:16:36.071943,bitget,0.13073,0.13081,1573.0,819.0
2025-07-25T08:16:36.072976,blofin,0.13061,0.13064,2807.0,2.0
2025-07-25T08:16:36.098757,mexc,0.1306,0.13061,840196.0,840196.0
2025-07-25T08:16:36.218904,bybit,0.13071,0.0,527.0,0.0
2025-07-25T08:16:36.222742,bitget,0.13074,0.1308,453.0,453.0
2025-07-25T08:16:36.372563,bitget,0.13074,0.13083,453.0,465.0
2025-07-25T08:16:36.403148,bingx,0.13074,0.13085,115.0,307.0
2025-07-25T08:16:36.522768,bitget,0.13075,0.13083,362.0,465.0
2025-07-25T08:16:36.557963,blofin,0.13061,0.13066,2811.0,2.0
2025-07-25T08:16:36.613651,huobi,0.12988,0.13091,77.8907,1291.6894
2025-07-25T08:16:36.672173,bitget,0.13075,0.13083,815.0,465.0
2025-07-25T08:16:36.713917,huobi,0.12988,0.1309,77.8907,384.9457
2025-07-25T08:16:36.908869,gateio,0.13062,0.1308,152.0,50.0
2025-07-25T08:16:36.980843,bitget,0.13076,0.13083,453.0,465.0
2025-07-25T08:16:36.997379,gateio,0.13062,0.1308,181.0,50.0
2025-07-25T08:16:37.012445,huobi,0.12988,0.1309,77.8907,384.9457
2025-07-25T08:16:37.019681,bybit,0.13072,0.13075,450.0,10.0
2025-07-25T08:16:37.072567,blofin,0.13066,0.13072,3108.0,2807.0
2025-07-25T08:16:37.118355,bybit,0.13073,0.0,519.0,0.0
2025-07-25T08:16:37.126828,bitget,0.13077,0.13083,362.0,465.0
2025-07-25T08:16:37.156448,lbank,0.1307,0.1308,8731.01,10775.25
2025-07-25T08:16:37.274243,bitget,0.13078,0.13083,453.0,465.0
2025-07-25T08:16:37.310978,bingx,0.13074,0.13085,115.0,307.0
2025-07-25T08:16:37.418424,bybit,0.0,0.0,0.0,0.0
2025-07-25T08:16:37.422732,bitget,0.13078,0.13083,453.0,465.0
2025-07-25T08:16:37.561317,blofin,0.13067,0.13072,3108.0,5.0
2025-07-25T08:16:37.605430,bingx,0.13074,0.13087,115.0,307.0
2025-07-25T08:16:37.660318,lbank,0.1307,0.1308,8731.01,10775.25
2025-07-25T08:16:37.710727,huobi,0.12988,0.1309,77.8907,384.9457
2025-07-25T08:16:37.719186,bybit,0.0,0.0,0.0,0.0
2025-07-25T08:16:37.862977,gateio,0.13062,0.13068,181.0,485.0
2025-07-25T08:16:38.009756,huobi,0.12988,0.1309,77.8907,384.9457
2025-07-25T08:16:38.081466,blofin,0.13067,0.13072,2807.0,5.0
2025-07-25T08:16:38.111939,huobi,0.12989,0.1309,22115.8921,384.9457
2025-07-25T08:16:38.180660,bitget,0.13077,0.13083,362.0,465.0
2025-07-25T08:16:38.323997,bitget,0.13077,0.13083,815.0,465.0
2025-07-25T08:16:38.418961,bybit,0.13073,0.0,579.0,0.0
2025-07-25T08:16:38.473452,bitget,0.13078,0.13083,453.0,465.0
2025-07-25T08:16:38.484889,mexc,0.13067,0.13068,840196.0,840196.0
2025-07-25T08:16:38.511349,bingx,0.13074,0.13087,115.0,307.0
2025-07-25T08:16:38.513191,huobi,0.12989,0.1309,22115.8921,384.9457
2025-07-25T08:16:38.519142,bybit,0.13073,0.0,519.0,0.0
2025-07-25T08:16:38.584369,blofin,0.1307,0.13072,2807.0,5.0
2025-07-25T08:16:38.618550,bybit,0.13074,0.0,10.0,0.0
2025-07-25T08:16:38.626652,bitget,0.13078,0.13083,453.0,465.0
2025-07-25T08:16:38.662917,gateio,0.13062,0.1308,181.0,50.0
2025-07-25T08:16:38.683010,gateio,0.13062,0.1308,873.0,50.0
2025-07-25T08:16:38.764930,gateio,0.13063,0.1308,262.0,50.0
2025-07-25T08:16:38.809426,huobi,0.1299,0.1309,77.8907,384.9457
2025-07-25T08:16:38.927151,bitget,0.13078,0.13083,453.0,465.0
2025-07-25T08:16:39.055317,blofin,0.1307,0.13072,273.0,5.0
2025-07-25T08:16:39.111639,huobi,0.12991,0.1309,21120.0,384.9457
2025-07-25T08:16:39.211623,huobi,0.12991,0.13089,21120.0,13389.4446
2025-07-25T08:16:39.336898,gateio,0.13063,0.1308,491.0,50.0
2025-07-25T08:16:39.410136,bingx,0.13074,0.13087,115.0,307.0
2025-07-25T08:16:39.415419,huobi,0.12991,0.13089,21320.0,13389.4446
2025-07-25T08:16:39.530215,bitget,0.13077,0.13083,362.0,465.0
2025-07-25T08:16:39.569408,blofin,0.1307,0.13072,273.0,5.0
2025-07-25T08:16:39.809208,huobi,0.12992,0.13089,77.8907,13389.4446
2025-07-25T08:16:40.069884,blofin,0.1307,0.13072,273.0,5.0
2025-07-25T08:16:40.119451,bybit,0.13074,0.0,25.0,0.0
2025-07-25T08:16:40.125163,bitget,0.13077,0.13083,362.0,465.0
2025-07-25T08:16:40.233884,lbank,0.1307,0.1308,8731.01,10775.25
2025-07-25T08:16:40.315894,bingx,0.13074,0.13087,115.0,307.0
2025-07-25T08:16:40.550959,blofin,0.1307,0.13072,273.0,5.0
2025-07-25T08:16:40.844564,mexc,0.13067,0.13068,840196.0,840196.0
2025-07-25T08:16:40.913550,huobi,0.12992,0.13089,77.8907,13389.4446
2025-07-25T08:16:41.018959,bybit,0.0,0.0,0.0,0.0
2025-07-25T08:16:41.070609,blofin,0.1307,0.13072,273.0,5.0
2025-07-25T08:16:41.160195,lbank,0.1307,0.1308,8731.01,10775.25
2025-07-25T08:16:41.216484,bingx,0.13074,0.13087,115.0,307.0
2025-07-25T08:16:41.410679,huobi,0.12992,0.13088,77.8907,384.9457
2025-07-25T08:16:41.564420,blofin,0.1307,0.13073,276.0,2811.0
2025-07-25T08:16:41.912138,huobi,0.1304,0.13088,259.1332,384.9457
2025-07-25T08:16:42.011400,huobi,0.12992,0.13088,77.8907,384.9457
2025-07-25T08:16:42.081078,blofin,0.1307,0.13073,276.0,2811.0
2025-07-25T08:16:42.110035,huobi,0.12992,0.13088,77.8907,801.6037
2025-07-25T08:16:42.119678,bingx,0.13074,0.13087,115.0,307.0
2025-07-25T08:16:42.519087,bybit,0.0,0.0,0.0,0.0
2025-07-25T08:16:42.566422,blofin,0.1307,0.13073,345.0,2812.0
2025-07-25T08:16:42.910677,huobi,0.12992,0.13088,77.8907,801.6037
2025-07-25T08:16:43.023758,bingx,0.13074,0.13087,115.0,307.0
2025-07-25T08:16:43.081909,blofin,0.1307,0.13073,345.0,2811.0
2025-07-25T08:16:43.119295,bybit,0.0,0.0,0.0,0.0
2025-07-25T08:16:43.235594,mexc,0.13072,0.13073,840196.0,840196.0
2025-07-25T08:16:43.311413,huobi,0.12992,0.13088,77.8907,801.6037
2025-07-25T08:16:43.418873,bybit,0.0,0.0,0.0,0.0
2025-07-25T08:16:43.426408,bitget,0.13077,0.13083,362.0,465.0
2025-07-25T08:16:43.569164,blofin,0.1307,0.13073,345.0,2811.0
2025-07-25T08:16:43.729019,bitget,0.13077,0.13083,815.0,465.0
2025-07-25T08:16:43.818551,bybit,0.13074,0.0,296.0,0.0
2025-07-25T08:16:43.862832,gateio,0.13063,0.13071,491.0,602.0
2025-07-25T08:16:43.882714,gateio,0.13063,0.1308,229.0,50.0
2025-07-25T08:16:43.912305,huobi,0.12993,0.13091,22115.8921,340.0
2025-07-25T08:16:43.928028,bingx,0.13074,0.13087,115.0,307.0
2025-07-25T08:16:43.963399,gateio,0.13065,0.1308,208.0,50.0
2025-07-25T08:16:44.010440,huobi,0.12993,0.1309,22115.8921,13135.4446
2025-07-25T08:16:44.026812,bitget,0.13077,0.13083,362.0,465.0
2025-07-25T08:16:44.069657,blofin,0.1307,0.13073,345.0,2811.0
2025-07-25T08:16:44.209844,huobi,0.12994,0.13087,77.8907,384.9457
2025-07-25T08:16:44.410161,huobi,0.12965,0.13087,3826.1228,384.9457
2025-07-25T08:16:44.518317,bybit,0.13074,0.0,316.0,0.0
2025-07-25T08:16:44.568210,blofin,0.1307,0.13073,345.0,2811.0
2025-07-25T08:16:44.713612,huobi,0.12966,0.13087,200.0,384.9457
2025-07-25T08:16:44.834552,bingx,0.13074,0.13087,115.0,307.0
2025-07-25T08:16:45.011444,huobi,0.13026,0.13086,77.8907,12558.0
2025-07-25T08:16:45.076941,blofin,0.1307,0.13073,345.0,2811.0
2025-07-25T08:16:45.110594,huobi,0.12968,0.13086,77.8907,12558.0
2025-07-25T08:16:45.310555,huobi,0.12968,0.13086,77.8907,12558.0
2025-07-25T08:16:45.570586,blofin,0.1307,0.13073,345.0,2811.0
2025-07-25T08:16:45.609564,huobi,0.12973,0.13086,616.6836,12558.0
2025-07-25T08:16:45.639056,mexc,0.13072,0.13073,840196.0,840196.0
2025-07-25T08:16:45.713390,huobi,0.12973,0.13086,816.6836,12558.0
2025-07-25T08:16:45.730307,bingx,0.13074,0.13087,115.0,307.0
2025-07-25T08:16:45.911106,huobi,0.12977,0.13086,1541.196,12558.0
2025-07-25T08:16:46.083743,blofin,0.1307,0.13073,344.0,2811.0
2025-07-25T08:16:46.119048,bybit,0.0,0.0,0.0,0.0
2025-07-25T08:16:46.418403,bybit,0.0,0.0,0.0,0.0
2025-07-25T08:16:46.565259,blofin,0.1307,0.13073,344.0,2811.0
2025-07-25T08:16:46.610771,huobi,0.12978,0.13086,77.8907,12558.0
2025-07-25T08:16:46.633447,bingx,0.13074,0.13087,115.0,307.0
2025-07-25T08:16:46.728912,bitget,0.13077,0.13083,362.0,465.0
2025-07-25T08:16:46.864968,gateio,0.13065,0.13074,208.0,451.0
2025-07-25T08:16:46.884034,bitget,0.13077,0.13083,362.0,465.0
2025-07-25T08:16:46.907160,gateio,0.13065,0.1308,208.0,50.0
2025-07-25T08:16:46.914381,huobi,0.1298,0.13086,1540.8398,12558.0
2025-07-25T08:16:46.919590,bybit,0.13074,0.0,376.0,0.0
2025-07-25T08:16:47.021152,bybit,0.0,0.0,0.0,0.0
2025-07-25T08:16:47.030109,bitget,0.13077,0.13083,823.0,465.0
2025-07-25T08:16:47.082477,blofin,0.1307,0.13073,343.0,4.0
2025-07-25T08:16:47.158804,lbank,0.1307,0.1308,8731.01,10775.25
2025-07-25T08:16:47.182014,bitget,0.13078,0.13085,461.0,362.0
2025-07-25T08:16:47.314143,huobi,0.12981,0.13086,200.0,12558.0
2025-07-25T08:16:47.320453,bybit,0.0,0.0,0.0,0.0
2025-07-25T08:16:47.332027,bitget,0.13078,0.13085,461.0,823.0
2025-07-25T08:16:47.412700,huobi,0.12981,0.13085,200.0,384.9457
2025-07-25T08:16:47.478773,bitget,0.13078,0.13084,823.0,461.0
2025-07-25T08:16:47.543924,bingx,0.13074,0.13087,115.0,307.0
2025-07-25T08:16:47.556655,blofin,0.1307,0.13073,343.0,4.0
2025-07-25T08:16:47.629877,bitget,0.13078,0.13084,823.0,461.0
2025-07-25T08:16:47.657408,lbank,0.1307,0.1308,8731.01,10775.25
2025-07-25T08:16:47.714738,huobi,0.12982,0.13085,77.8907,384.9457
2025-07-25T08:16:47.813114,huobi,0.12982,0.13085,661.7005,384.9457
2025-07-25T08:16:47.837954,bingx,0.13074,0.13087,115.0,307.0
2025-07-25T08:16:47.982753,gateio,0.13066,0.1308,692.0,50.0
2025-07-25T08:16:48.003037,gateio,0.13067,0.1308,237.0,76.0
2025-07-25T08:16:48.003466,mexc,0.13072,0.13073,840196.0,840196.0
2025-07-25T08:16:48.024224,gateio,0.13067,0.1308,237.0,100.0
2025-07-25T08:16:48.044754,gateio,0.13067,0.1308,721.0,100.0
2025-07-25T08:16:48.063187,blofin,0.1307,0.13073,343.0,4.0
2025-07-25T08:16:48.218663,gateio,0.13067,0.13074,721.0,1.0
2025-07-25T08:16:48.220521,bybit,0.0,0.13075,0.0,11.0
2025-07-25T08:16:48.228952,bitget,0.13079,0.13084,461.0,461.0
2025-07-25T08:16:48.248956,gateio,0.13067,0.13074,29.0,1.0
2025-07-25T08:16:48.311100,gateio,0.13067,0.1308,29.0,100.0
2025-07-25T08:16:48.413815,huobi,0.12982,0.13084,661.7005,7560.0
2025-07-25T08:16:48.519055,bybit,0.0,0.0,0.0,0.0
2025-07-25T08:16:48.550829,gateio,0.13067,0.1308,218.0,100.0
2025-07-25T08:16:48.553971,blofin,0.1307,0.13073,343.0,4.0
2025-07-25T08:16:48.742374,bingx,0.13074,0.13087,115.0,307.0
2025-07-25T08:16:49.013663,huobi,0.12983,0.13084,5624.6643,7560.0
2025-07-25T08:16:49.018722,bybit,0.13074,0.0,436.0,0.0
2025-07-25T08:16:49.019233,gateio,0.13067,0.1308,247.0,50.0
2025-07-25T08:16:49.086757,blofin,0.1307,0.13073,343.0,4.0
2025-07-25T08:16:49.119041,bybit,0.13074,0.0,1201.0,0.0
2025-07-25T08:16:49.130803,bitget,0.13079,0.13089,461.0,459.0
2025-07-25T08:16:49.164626,gateio,0.13068,0.1308,692.0,50.0
2025-07-25T08:16:49.281460,bitget,0.13079,0.13089,823.0,459.0
2025-07-25T08:16:49.419162,bybit,0.0,0.0,0.0,0.0
2025-07-25T08:16:49.431377,bitget,0.1308,0.13089,461.0,713.0
2025-07-25T08:16:49.575130,blofin,0.1307,0.13075,343.0,8.0
2025-07-25T08:16:49.579778,bitget,0.13081,0.13088,461.0,461.0
2025-07-25T08:16:49.656075,bingx,0.13075,0.13089,202.0,125.0
2025-07-25T08:16:49.657644,lbank,0.1307,0.1308,8731.01,10775.25
2025-07-25T08:16:49.733096,bitget,0.13081,0.13088,461.0,461.0
2025-07-25T08:16:49.861439,gateio,0.13068,0.13074,692.0,553.0
2025-07-25T08:16:49.874496,gateio,0.13068,0.1308,692.0,50.0
2025-07-25T08:16:49.913236,huobi,0.12984,0.13084,200.0,7976.658
2025-07-25T08:16:49.924984,gateio,0.13069,0.1308,208.0,50.0
2025-07-25T08:16:49.982659,gateio,0.13069,0.1308,692.0,50.0
2025-07-25T08:16:50.009647,huobi,0.12986,0.1309,22115.8921,951.6894
2025-07-25T08:16:50.018990,bybit,0.0,0.0,0.0,0.0
2025-07-25T08:16:50.046013,bitget,0.13081,0.13088,461.0,461.0
2025-07-25T08:16:50.067054,blofin,0.1307,0.13075,343.0,8.0
2025-07-25T08:16:50.115176,huobi,0.12986,0.13089,22115.8921,7445.4446
2025-07-25T08:16:50.180873,bitget,0.13081,0.13091,461.0,459.0
2025-07-25T08:16:50.278666,lbank,0.1307,0.1308,8731.01,10775.25
2025-07-25T08:16:50.361518,mexc,0.13073,0.13074,840196.0,840196.0
2025-07-25T08:16:50.483205,bitget,0.13082,0.13091,461.0,713.0
2025-07-25T08:16:50.544864,bingx,0.13075,0.13089,202.0,125.0
2025-07-25T08:16:50.556931,blofin,0.13073,0.13075,2808.0,4.0
2025-07-25T08:16:50.630619,bitget,0.13082,0.1309,461.0,461.0
2025-07-25T08:16:50.781090,bitget,0.13082,0.1309,823.0,461.0
2025-07-25T08:16:50.811112,huobi,0.12987,0.13089,200.0,7445.4446
2025-07-25T08:16:50.848653,bingx,0.13077,0.13091,202.0,125.0
2025-07-25T08:16:50.914894,huobi,0.12988,0.13089,18733.0,7445.4446
2025-07-25T08:16:50.931102,bitget,0.13083,0.1309,461.0,461.0
2025-07-25T08:16:51.041973,gateio,0.1307,0.1308,188.0,50.0
2025-07-25T08:16:51.067294,blofin,0.13075,0.13078,2810.0,130.0
2025-07-25T08:16:51.082624,bitget,0.13083,0.1309,823.0,461.0
2025-07-25T08:16:51.111701,huobi,0.12989,0.13089,77.8907,7445.4446
2025-07-25T08:16:51.144504,gateio,0.13071,0.1308,692.0,50.0
2025-07-25T08:16:51.211868,huobi,0.12989,0.13089,77.8907,7445.4446
2025-07-25T08:16:51.225230,gateio,0.13071,0.1308,58.0,50.0
2025-07-25T08:16:51.232578,bitget,0.13084,0.1309,461.0,461.0
2025-07-25T08:16:51.242655,gateio,0.13072,0.1308,692.0,50.0
2025-07-25T08:16:51.310049,huobi,0.12987,0.13089,18937.8907,7445.4446
2025-07-25T08:16:51.318893,bybit,0.0,0.13075,0.0,21.0
2025-07-25T08:16:51.386187,bitget,0.13084,0.1309,461.0,461.0
2025-07-25T08:16:51.513017,huobi,0.12987,0.13083,18937.8907,384.9457
2025-07-25T08:16:51.518460,bybit,0.0,0.0,0.0,0.0
2025-07-25T08:16:51.565280,blofin,0.13075,0.13078,2810.0,3.0
2025-07-25T08:16:51.753172,bingx,0.13079,0.13092,202.0,125.0
2025-07-25T08:16:52.063932,blofin,0.13075,0.13078,2810.0,3.0
2025-07-25T08:16:52.119236,bybit,0.0,0.0,0.0,0.0
2025-07-25T08:16:52.211100,huobi,0.12988,0.13083,200.0,384.9457
2025-07-25T08:16:52.319121,bybit,0.13074,0.0,1215.0,0.0
2025-07-25T08:16:52.351122,gateio,0.13072,0.13081,692.0,1.0
2025-07-25T08:16:52.416929,huobi,0.12989,0.13083,77.8907,384.9457
2025-07-25T08:16:52.569593,blofin,0.13075,0.13078,2810.0,3.0
2025-07-25T08:16:52.661097,bingx,0.13079,0.13092,202.0,125.0
2025-07-25T08:16:52.720819,huobi,0.1299,0.13083,3487.845,384.9457
2025-07-25T08:16:52.736668,mexc,0.13073,0.13074,840196.0,840196.0
2025-07-25T08:16:52.862994,gateio,0.13072,0.13078,692.0,500.0
2025-07-25T08:16:52.911363,huobi,0.12995,0.13083,3487.845,384.9457
2025-07-25T08:16:53.012627,huobi,0.12995,0.13091,3487.845,756.658
2025-07-25T08:16:53.031504,bitget,0.13084,0.13091,461.0,362.0
2025-07-25T08:16:53.062320,blofin,0.13075,0.13078,2810.0,3.0
2025-07-25T08:16:53.143306,gateio,0.13073,0.13081,692.0,1.0
2025-07-25T08:16:53.185703,bitget,0.13084,0.13091,461.0,823.0
2025-07-25T08:16:53.319043,bybit,0.13074,0.0,899.0,0.0
2025-07-25T08:16:53.332474,bitget,0.13084,0.1309,461.0,461.0
2025-07-25T08:16:53.409772,huobi,0.13044,0.13091,258.3022,340.0
2025-07-25T08:16:53.418569,bybit,0.13074,0.0,1196.0,0.0
2025-07-25T08:16:53.482696,bitget,0.13084,0.1309,461.0,461.0
2025-07-25T08:16:53.510652,huobi,0.12999,0.1309,3567.7949,7518.4446
2025-07-25T08:16:53.519421,bybit,0.13081,0.13087,450.0,58.0
2025-07-25T08:16:53.557768,bingx,0.13079,0.13092,202.0,125.0
2025-07-25T08:16:53.563151,blofin,0.13076,0.13078,2771.0,3.0
2025-07-25T08:16:53.618496,bybit,0.13082,0.0,1528.0,0.0
2025-07-25T08:16:53.632988,bitget,0.13085,0.13092,362.0,461.0
2025-07-25T08:16:53.643200,gateio,0.13074,0.13081,180.0,1.0
2025-07-25T08:16:53.658623,lbank,0.1307,0.1308,8731.01,10775.25
2025-07-25T08:16:53.712523,huobi,0.12999,0.1309,22115.8921,7518.4446
2025-07-25T08:16:53.719161,bybit,0.13086,0.0,923.0,0.0
2025-07-25T08:16:53.742764,gateio,0.13075,0.13081,344.0,1.0
2025-07-25T08:16:53.758581,gateio,0.13075,0.13081,402.0,1.0
2025-07-25T08:16:53.786867,bitget,0.13086,0.13094,461.0,463.0
2025-07-25T08:16:53.812144,huobi,0.12999,0.13091,22115.8921,340.0
2025-07-25T08:16:53.819129,bybit,0.13089,0.13091,888.0,38.0
2025-07-25T08:16:53.824767,gateio,0.13075,0.13081,212.0,1.0
2025-07-25T08:16:53.856287,bingx,0.13081,0.13095,415.0,77.0
2025-07-25T08:16:53.914375,huobi,0.13,0.1309,3536.775,521.4446
2025-07-25T08:16:53.932131,bitget,0.13093,0.13096,362.0,471.0
2025-07-25T08:16:54.083382,blofin,0.13076,0.13078,2771.0,3.0
2025-07-25T08:16:54.091926,bitget,0.13093,0.13098,362.0,463.0
2025-07-25T08:16:54.116140,huobi,0.13002,0.1309,22115.8921,521.4446
2025-07-25T08:16:54.159067,lbank,0.1307,0.1308,8731.01,10775.25
2025-07-25T08:16:54.163645,bingx,0.13082,0.13096,415.0,77.0
2025-07-25T08:16:54.212247,huobi,0.13003,0.1309,3434.805,521.4446
2025-07-25T08:16:54.218993,bybit,0.0,0.0,0.0,0.0
2025-07-25T08:16:54.232982,bitget,0.13093,0.13098,362.0,463.0
2025-07-25T08:16:54.312562,huobi,0.13003,0.13091,3434.805,340.0
2025-07-25T08:16:54.409747,huobi,0.13003,0.13091,3434.805,340.0
2025-07-25T08:16:54.463125,bingx,0.13085,0.13099,415.0,77.0
2025-07-25T08:16:54.516124,huobi,0.12994,0.13091,22115.8921,340.0
2025-07-25T08:16:54.552349,blofin,0.13079,0.13087,2771.0,127.0
2025-07-25T08:16:54.666416,lbank,0.1307,0.1309,3909.34,9118.86
2025-07-25T08:16:54.684063,bitget,0.13093,0.13098,362.0,463.0
2025-07-25T08:16:54.759975,bingx,0.13085,0.13099,415.0,77.0
2025-07-25T08:16:54.810261,huobi,0.12995,0.13091,1539.0612,340.0
2025-07-25T08:16:54.832768,bitget,0.13093,0.13098,362.0,463.0
2025-07-25T08:16:54.912056,huobi,0.12996,0.13091,200.0,340.0
2025-07-25T08:16:55.064245,bingx,0.13086,0.131,415.0,77.0
2025-07-25T08:16:55.068618,blofin,0.13079,0.13087,2771.0,127.0
2025-07-25T08:16:55.112655,huobi,0.12997,0.13091,22115.8921,340.0
2025-07-25T08:16:55.152963,mexc,0.13073,0.13074,840196.0,840196.0
2025-07-25T08:16:55.156191,lbank,0.1307,0.1309,3909.34,9118.86
2025-07-25T08:16:55.571663,blofin,0.1308,0.13087,2771.0,127.0
2025-07-25T08:16:55.610249,huobi,0.12971,0.13091,291.9049,340.0
2025-07-25T08:16:55.708918,huobi,0.12971,0.13091,369.7956,340.0
2025-07-25T08:16:55.908939,huobi,0.12971,0.13091,646.3884,340.0
2025-07-25T08:16:55.973820,bingx,0.13085,0.13099,415.0,77.0
2025-07-25T08:16:56.008733,huobi,0.12978,0.13091,1541.0772,340.0
2025-07-25T08:16:56.071369,blofin,0.1308,0.13087,2771.0,127.0
2025-07-25T08:16:56.213701,huobi,0.12978,0.13091,1541.0772,340.0
2025-07-25T08:16:56.320431,huobi,0.12971,0.13091,354.4835,340.0
2025-07-25T08:16:56.418717,huobi,0.12977,0.13091,462.3469,340.0
2025-07-25T08:16:56.485215,bitget,0.13093,0.13098,814.0,463.0
2025-07-25T08:16:56.511347,huobi,0.12983,0.13091,22193.7828,340.0
2025-07-25T08:16:56.559012,blofin,0.1308,0.13087,2776.0,128.0
2025-07-25T08:16:56.610404,huobi,0.12983,0.13091,22193.7828,340.0
2025-07-25T08:16:56.636160,bitget,0.13093,0.13098,814.0,463.0
2025-07-25T08:16:56.812372,huobi,0.12984,0.13091,200.0,340.0
2025-07-25T08:16:56.874256,bingx,0.13086,0.13101,415.0,77.0
2025-07-25T08:16:57.064758,blofin,0.1308,0.13087,2776.0,128.0
2025-07-25T08:16:57.110095,huobi,0.12985,0.13091,22115.8921,340.0
2025-07-25T08:16:57.219126,bybit,0.13089,0.0,948.0,0.0
2025-07-25T08:16:57.266644,gateio,0.1308,0.13081,152.0,1.0
2025-07-25T08:16:57.280936,gateio,0.1308,0.13081,210.0,1.0
2025-07-25T08:16:57.316579,huobi,0.12986,0.13091,3613.305,340.0
2025-07-25T08:16:57.318593,bybit,0.13089,0.0,1008.0,0.0
2025-07-25T08:16:57.388593,bitget,0.13094,0.13101,452.0,1221.0
2025-07-25T08:16:57.414363,huobi,0.12984,0.13091,335.6549,340.0
2025-07-25T08:16:57.533940,mexc,0.13079,0.1308,840196.0,840196.0
2025-07-25T08:16:57.534389,bitget,0.13095,0.13101,452.0,463.0
2025-07-25T08:16:57.558921,huobi,0.12985,0.13091,77.8907,340.0
2025-07-25T08:16:57.568770,blofin,0.13081,0.13087,2771.0,4.0
2025-07-25T08:16:57.612303,huobi,0.12985,0.13091,77.8907,340.0
2025-07-25T08:16:57.693846,bitget,0.13095,0.13103,452.0,455.0
2025-07-25T08:16:57.719618,huobi,0.12985,0.13091,1540.2464,170.0
2025-07-25T08:16:57.774842,bingx,0.13086,0.13101,415.0,77.0
2025-07-25T08:16:57.815476,huobi,0.12986,0.13091,77.8907,170.0
2025-07-25T08:16:57.834488,bitget,0.13096,0.13103,362.0,455.0
2025-07-25T08:16:57.990501,bitget,0.13096,0.13103,814.0,455.0
2025-07-25T08:16:58.010763,huobi,0.12989,0.13091,2885.3857,170.0
2025-07-25T08:16:58.068367,blofin,0.13084,0.13087,2771.0,4.0
2025-07-25T08:16:58.076942,bingx,0.1309,0.13104,415.0,77.0
2025-07-25T08:16:58.134826,bitget,0.13096,0.13103,814.0,963.0
2025-07-25T08:16:58.156541,lbank,0.1308,0.131,12690.98,10821.75
2025-07-25T08:16:58.414132,huobi,0.12993,0.13091,19213.0,170.0
2025-07-25T08:16:58.511025,huobi,0.12994,0.13091,3168.8585,170.0
2025-07-25T08:16:58.572141,blofin,0.13085,0.13087,2771.0,4.0
2025-07-25T08:16:58.656522,lbank,0.1308,0.131,12690.98,10821.75
2025-07-25T08:16:58.711254,huobi,0.12994,0.13091,3168.8585,170.0
2025-07-25T08:16:58.862922,gateio,0.1308,0.13081,210.0,433.0
2025-07-25T08:16:58.891981,gateio,0.13081,0.13097,253.0,229.0
2025-07-25T08:16:58.913760,huobi,0.12995,0.13091,77.8907,170.0
2025-07-25T08:16:58.975360,bingx,0.1309,0.13104,415.0,77.0
2025-07-25T08:16:59.010526,huobi,0.12996,0.13091,2985.4702,170.0
2025-07-25T08:16:59.019090,bybit,0.1309,0.0,73.0,0.0
2025-07-25T08:16:59.035490,bitget,0.13097,0.13103,452.0,963.0
2025-07-25T08:16:59.068645,blofin,0.13085,0.13087,2771.0,4.0
2025-07-25T08:16:59.109616,huobi,0.12998,0.13091,2945.1052,170.0
2025-07-25T08:16:59.185436,bitget,0.13097,0.13103,452.0,963.0
2025-07-25T08:16:59.247528,gateio,0.13081,0.13098,253.0,76.0
2025-07-25T08:16:59.337758,bitget,0.13097,0.13103,452.0,963.0
2025-07-25T08:16:59.412301,huobi,0.13044,0.1309,77.8907,384.9457
2025-07-25T08:16:59.491243,bitget,0.13097,0.13103,452.0,963.0
2025-07-25T08:16:59.511534,huobi,0.12983,0.1309,3282.2992,384.9457
2025-07-25T08:16:59.540662,blofin,0.13085,0.13087,2771.0,4.0
2025-07-25T08:16:59.611468,huobi,0.12981,0.1309,77.8907,384.9457
2025-07-25T08:16:59.635552,bitget,0.13098,0.13105,362.0,763.0
2025-07-25T08:16:59.644691,gateio,0.13081,0.13098,253.0,1.0
2025-07-25T08:16:59.722648,gateio,0.13082,0.13098,75.0,1.0
2025-07-25T08:16:59.787605,bitget,0.13099,0.13105,452.0,763.0
2025-07-25T08:16:59.813912,huobi,0.12982,0.1309,20860.5025,384.9457
2025-07-25T08:16:59.834767,gateio,0.13081,0.13098,253.0,1.0
2025-07-25T08:16:59.876636,bingx,0.1309,0.13104,415.0,77.0
2025-07-25T08:16:59.925924,mexc,0.13086,0.13087,840196.0,840196.0
2025-07-25T08:16:59.936737,bitget,0.131,0.13105,362.0,763.0
2025-07-25T08:17:00.018457,bybit,0.1309,0.0,428.0,0.0
2025-07-25T08:17:00.043444,huobi,0.12982,0.1309,20860.5025,384.9457
2025-07-25T08:17:00.089484,blofin,0.13086,0.13087,2771.0,4.0
2025-07-25T08:17:00.091958,bitget,0.131,0.13105,362.0,1017.0
2025-07-25T08:17:00.118372,bybit,0.1309,0.0,368.0,0.0
2025-07-25T08:17:00.214431,huobi,0.12985,0.1309,3075.9292,384.9457
2025-07-25T08:17:00.236692,bitget,0.13098,0.13105,362.0,1017.0
2025-07-25T08:17:00.313879,huobi,0.13039,0.1309,77.8907,384.9457
2025-07-25T08:17:00.386839,bitget,0.13098,0.13105,362.0,1379.0
2025-07-25T08:17:00.411760,huobi,0.12987,0.1309,3058.2652,384.9457
2025-07-25T08:17:00.484589,bingx,0.13091,0.13105,415.0,77.0
2025-07-25T08:17:00.540213,bitget,0.13093,0.13105,452.0,1379.0
2025-07-25T08:17:00.551689,blofin,0.13086,0.13093,2771.0,127.0
2025-07-25T08:17:00.611863,huobi,0.13012,0.1309,1537.0504,384.9457
2025-07-25T08:17:00.686648,bitget,0.13094,0.13105,362.0,1379.0
2025-07-25T08:17:00.710134,huobi,0.13014,0.1309,2922.7147,384.9457
2025-07-25T08:17:00.842540,bitget,0.13094,0.13105,362.0,1379.0
2025-07-25T08:17:00.915665,huobi,0.13014,0.13091,2922.7147,170.0
2025-07-25T08:17:00.990237,bitget,0.13094,0.13105,814.0,1379.0
2025-07-25T08:17:01.083598,blofin,0.13086,0.1309,1729.0,2898.0
2025-07-25T08:17:01.091052,bingx,0.13092,0.13106,415.0,77.0
2025-07-25T08:17:01.118443,bybit,0.0,0.0,0.0,0.0
2025-07-25T08:17:01.287678,bitget,0.13094,0.13105,362.0,4239.0
2025-07-25T08:17:01.390517,bingx,0.1309,0.13104,415.0,77.0
2025-07-25T08:17:01.567394,blofin,0.13086,0.1309,1732.0,2901.0
2025-07-25T08:17:01.713131,huobi,0.13005,0.13091,200.0,170.0
2025-07-25T08:17:01.739108,bitget,0.13095,0.13105,452.0,1379.0
2025-07-25T08:17:01.812286,huobi,0.13016,0.13091,3026.7391,170.0
2025-07-25T08:17:01.863137,gateio,0.13089,0.13098,419.0,1.0
2025-07-25T08:17:01.874369,gateio,0.13081,0.13098,253.0,1.0
2025-07-25T08:17:01.891739,bitget,0.13095,0.13105,452.0,1379.0
2025-07-25T08:17:02.009205,huobi,0.13016,0.13091,3026.7391,170.0
2025-07-25T08:17:02.036979,bitget,0.13095,0.13105,814.0,1379.0
2025-07-25T08:17:02.075196,blofin,0.13086,0.1309,1732.0,2901.0
2025-07-25T08:17:02.156836,lbank,0.1307,0.1308,9128.7,3824.79
2025-07-25T08:17:02.187832,bitget,0.13096,0.13105,452.0,1379.0
2025-07-25T08:17:02.286526,bingx,0.1309,0.13104,415.0,77.0
2025-07-25T08:17:02.334010,mexc,0.13086,0.13087,840196.0,840196.0
2025-07-25T08:17:02.348548,bitget,0.13095,0.13104,362.0,4546.0
2025-07-25T08:17:02.487746,bitget,0.13095,0.13104,362.0,4546.0
2025-07-25T08:17:02.556500,blofin,0.13086,0.1309,144.0,498.0
2025-07-25T08:17:02.609894,huobi,0.13016,0.13091,3026.7391,170.0
2025-07-25T08:17:02.640652,bitget,0.13095,0.13104,362.0,4546.0
2025-07-25T08:17:03.091485,blofin,0.13086,0.13089,144.0,490.0
2025-07-25T08:17:03.092939,bitget,0.13095,0.13104,362.0,4546.0
2025-07-25T08:17:03.157172,lbank,0.1308,0.131,12348.62,17109.88
2025-07-25T08:17:03.188597,bingx,0.1309,0.13104,415.0,77.0
2025-07-25T08:17:03.219116,bybit,0.1309,0.0,488.0,0.0
2025-07-25T08:17:03.310856,huobi,0.13017,0.13091,21688.5025,170.0
2025-07-25T08:17:03.318989,bybit,0.1309,0.0,368.0,0.0
2025-07-25T08:17:03.388644,bitget,0.13095,0.13104,362.0,4942.0
2025-07-25T08:17:03.417370,huobi,0.13018,0.13091,3152.502,170.0
2025-07-25T08:17:03.490665,bingx,0.13088,0.13102,415.0,77.0
2025-07-25T08:17:03.543909,bitget,0.13095,0.13104,362.0,4942.0
2025-07-25T08:17:03.562569,blofin,0.13086,0.13089,186.0,3497.0
2025-07-25T08:17:03.656963,lbank,0.1308,0.131,12348.62,12532.72
2025-07-25T08:17:03.789328,bingx,0.13089,0.13104,176.0,125.0
2025-07-25T08:17:03.839153,bitget,0.13095,0.13104,362.0,4942.0
2025-07-25T08:17:03.997123,bitget,0.13095,0.13104,362.0,4942.0
2025-07-25T08:17:04.009512,huobi,0.13017,0.13091,21688.5025,170.0
2025-07-25T08:17:04.070879,blofin,0.13086,0.1309,4672.0,8.0
2025-07-25T08:17:04.094396,bingx,0.1309,0.13105,176.0,125.0
2025-07-25T08:17:04.112697,huobi,0.13018,0.13091,77.8907,170.0
2025-07-25T08:17:04.139303,bitget,0.13095,0.13104,362.0,4942.0
2025-07-25T08:17:04.213198,huobi,0.13006,0.13091,77.8907,170.0
2025-07-25T08:17:04.416334,huobi,0.13006,0.13091,77.8907,170.0
2025-07-25T08:17:04.439175,bitget,0.13095,0.13104,814.0,4942.0
2025-07-25T08:17:04.559280,blofin,0.13086,0.1309,186.0,8.0
2025-07-25T08:17:04.590002,bitget,0.13095,0.13104,362.0,4942.0
2025-07-25T08:17:04.609971,huobi,0.13007,0.13091,3696.6359,170.0
2025-07-25T08:17:04.707296,mexc,0.13088,0.13089,840196.0,840196.0
2025-07-25T08:17:04.709372,huobi,0.13006,0.13091,77.8907,170.0
2025-07-25T08:17:04.860842,gateio,0.13089,0.13098,582.0,1.0
2025-07-25T08:17:04.882544,gateio,0.13081,0.13098,253.0,251.0
2025-07-25T08:17:04.908145,huobi,0.13007,0.13091,27330.4086,170.0
2025-07-25T08:17:05.003215,bingx,0.1309,0.13105,176.0,125.0
2025-07-25T08:17:05.008063,huobi,0.13008,0.13091,3730.9635,170.0
2025-07-25T08:17:05.039146,bitget,0.13095,0.13104,362.0,4942.0
2025-07-25T08:17:05.075385,blofin,0.13086,0.1309,186.0,3.0
2025-07-25T08:17:05.209393,huobi,0.1302,0.13091,3728.7727,170.0
2025-07-25T08:17:05.309118,huobi,0.13021,0.13091,3759.495,170.0
2025-07-25T08:17:05.339168,bitget,0.13095,0.13104,362.0,4942.0
2025-07-25T08:17:05.418316,bybit,0.1309,0.0,384.0,0.0
2025-07-25T08:17:05.555643,blofin,0.13086,0.1309,186.0,3.0
2025-07-25T08:17:05.640416,bitget,0.13095,0.13104,362.0,4942.0
2025-07-25T08:17:05.809857,huobi,0.13021,0.13091,3759.495,170.0
2025-07-25T08:17:05.899513,bingx,0.1309,0.13105,176.0,125.0
2025-07-25T08:17:06.065513,blofin,0.13086,0.1309,186.0,3.0
2025-07-25T08:17:06.165618,lbank,0.1308,0.131,12348.62,21909.9
2025-07-25T08:17:06.310603,huobi,0.13025,0.13091,3712.9199,170.0
2025-07-25T08:17:06.511493,huobi,0.13006,0.13091,3790.8106,170.0
2025-07-25T08:17:06.543673,bitget,0.13095,0.13104,362.0,4942.0
2025-07-25T08:17:06.557567,blofin,0.13086,0.1309,186.0,3.0
2025-07-25T08:17:06.656195,lbank,0.1307,0.1308,7922.49,3671.18
2025-07-25T08:17:06.690058,bitget,0.13095,0.13104,362.0,4942.0
2025-07-25T08:17:06.804961,bingx,0.1309,0.13105,176.0,125.0
2025-07-25T08:17:06.990431,bitget,0.13095,0.13104,362.0,4942.0
2025-07-25T08:17:07.066970,blofin,0.13086,0.1309,291.0,3.0
2025-07-25T08:17:07.088187,mexc,0.13088,0.13089,840196.0,840196.0
2025-07-25T08:17:07.565927,blofin,0.13086,0.1309,291.0,3.0
2025-07-25T08:17:07.717536,bingx,0.1309,0.13105,176.0,125.0
2025-07-25T08:17:07.860882,gateio,0.13088,0.13098,424.0,251.0
2025-07-25T08:17:07.874268,gateio,0.13081,0.13098,253.0,251.0
2025-07-25T08:17:07.908655,huobi,0.13008,0.13091,3837.396,170.0
2025-07-25T08:17:08.060333,blofin,0.13086,0.1309,291.0,3.0
2025-07-25T08:17:08.566889,blofin,0.13086,0.1309,291.0,3.0
2025-07-25T08:17:08.605885,bingx,0.1309,0.13105,176.0,125.0
2025-07-25T08:17:08.709771,huobi,0.1305,0.13091,255.7665,170.0
2025-07-25T08:17:08.810677,huobi,0.13012,0.13091,4044.0855,170.0
2025-07-25T08:17:09.008770,huobi,0.13012,0.13091,4044.0855,170.0
2025-07-25T08:17:09.054855,blofin,0.13086,0.1309,291.0,3.0
2025-07-25T08:17:09.172535,gateio,0.13082,0.13098,692.0,251.0
2025-07-25T08:17:09.317639,huobi,0.1302,0.13091,4158.6151,170.0
2025-07-25T08:17:09.457388,mexc,0.13089,0.1309,840196.0,840196.0
2025-07-25T08:17:09.495898,gateio,0.13083,0.13098,153.0,251.0
2025-07-25T08:17:09.510832,bingx,0.1309,0.13105,176.0,125.0
2025-07-25T08:17:09.514870,lbank,0.1308,0.1309,10853.62,270.81
2025-07-25T08:17:09.560659,blofin,0.13086,0.1309,291.0,3.0
2025-07-25T08:17:09.718853,bybit,0.1309,0.0,394.0,0.0
2025-07-25T08:17:09.913173,huobi,0.13022,0.13091,4188.0954,170.0
2025-07-25T08:17:10.018286,bybit,0.1309,0.0,454.0,0.0
2025-07-25T08:17:10.083937,blofin,0.13086,0.1309,1998.0,3.0
2025-07-25T08:17:10.114454,huobi,0.13006,0.13091,77.8907,170.0
2025-07-25T08:17:10.144374,bitget,0.13096,0.13104,468.0,4942.0
2025-07-25T08:17:10.200989,lbank,0.1308,0.131,10853.62,12220.34
2025-07-25T08:17:10.209603,huobi,0.13009,0.13091,275.7849,170.0
2025-07-25T08:17:10.244778,lbank,0.1307,0.1308,7542.37,4076.75
2025-07-25T08:17:10.318532,bybit,0.1309,0.0,394.0,0.0
2025-07-25T08:17:10.409105,huobi,0.1301,0.13091,22115.8921,170.0
2025-07-25T08:17:10.414272,bingx,0.1309,0.13105,176.0,125.0
2025-07-25T08:17:10.418670,bybit,0.1309,0.0,441.0,0.0
2025-07-25T08:17:10.446642,bitget,0.13095,0.13104,362.0,4942.0
2025-07-25T08:17:10.563469,blofin,0.13087,0.1309,1994.0,3.0
2025-07-25T08:17:10.592750,bitget,0.13095,0.13104,362.0,4942.0
2025-07-25T08:17:10.713176,bingx,0.13089,0.13103,176.0,125.0
2025-07-25T08:17:10.719283,bybit,0.0,0.0,0.0,0.0
2025-07-25T08:17:10.875389,gateio,0.13088,0.13098,430.0,251.0
2025-07-25T08:17:10.893320,bitget,0.13095,0.13104,830.0,4942.0
2025-07-25T08:17:10.911087,huobi,0.13011,0.13091,3990.8692,170.0
2025-07-25T08:17:10.922897,gateio,0.13082,0.13098,692.0,251.0
2025-07-25T08:17:11.008763,huobi,0.13013,0.13091,3988.6785,170.0
2025-07-25T08:17:11.044498,bitget,0.13095,0.13104,362.0,4942.0
2025-07-25T08:17:11.067030,blofin,0.13086,0.1309,2764.0,3.0
2025-07-25T08:17:11.195293,bitget,0.13095,0.13104,362.0,4942.0
2025-07-25T08:17:11.204977,gateio,0.13075,0.13098,154.0,251.0
2025-07-25T08:17:11.216995,gateio,0.13083,0.13098,692.0,301.0
2025-07-25T08:17:11.238349,huobi,0.13015,0.13091,4015.1744,170.0
2025-07-25T08:17:11.259196,gateio,0.13083,0.13097,692.0,50.0
2025-07-25T08:17:11.347956,bitget,0.13094,0.13104,362.0,4942.0
2025-07-25T08:17:11.493210,bitget,0.13094,0.13104,362.0,4942.0
2025-07-25T08:17:11.566134,blofin,0.13086,0.1309,2764.0,3.0
2025-07-25T08:17:11.622457,bingx,0.13089,0.13103,176.0,125.0
2025-07-25T08:17:11.719430,huobi,0.13015,0.13053,4015.1744,256.2795
2025-07-25T08:17:11.808117,huobi,0.13017,0.13091,4035.3914,170.0
2025-07-25T08:17:11.836072,mexc,0.13089,0.1309,840196.0,840196.0
2025-07-25T08:17:11.943925,bitget,0.13094,0.13104,362.0,4942.0
2025-07-25T08:17:12.009828,huobi,0.13017,0.13091,4035.3914,170.0
2025-07-25T08:17:12.061176,blofin,0.13086,0.1309,2764.0,3.0
2025-07-25T08:17:12.105322,gateio,0.13083,0.13097,721.0,50.0
2025-07-25T08:17:12.211083,huobi,0.13019,0.13091,4303.2667,170.0
2025-07-25T08:17:12.243469,bitget,0.13094,0.13104,362.0,4942.0
2025-07-25T08:17:12.318387,bybit,0.0,0.13091,0.0,2145.0
2025-07-25T08:17:12.401104,lbank,0.1309,0.131,122.97,10424.33
2025-07-25T08:17:12.401180,lbank,0.1307,0.1308,7564.61,4019.22
2025-07-25T08:17:12.518308,bingx,0.13089,0.13103,176.0,125.0
2025-07-25T08:17:12.544278,bitget,0.13094,0.13104,362.0,4942.0
2025-07-25T08:17:12.550762,blofin,0.13086,0.1309,291.0,3.0
2025-07-25T08:17:13.069939,blofin,0.13086,0.1309,291.0,3.0
2025-07-25T08:17:13.119099,bybit,0.1309,0.13091,891.0,38.0
2025-07-25T08:17:13.144731,bitget,0.13094,0.13104,362.0,4942.0
2025-07-25T08:17:13.211182,huobi,0.13006,0.13091,77.8907,170.0
2025-07-25T08:17:13.293855,bitget,0.13094,0.13104,362.0,4942.0
2025-07-25T08:17:13.422273,bingx,0.13089,0.13103,176.0,125.0
2025-07-25T08:17:13.559732,blofin,0.13086,0.1309,291.0,3.0
2025-07-25T08:17:13.818982,huobi,0.13007,0.13091,4340.8717,170.0
2025-07-25T08:17:13.894391,bitget,0.13094,0.13104,362.0,4942.0
2025-07-25T08:17:13.922053,bybit,0.1309,0.13091,441.0,2145.0
2025-07-25T08:17:14.026072,bingx,0.1309,0.13104,176.0,125.0
2025-07-25T08:17:14.046084,bitget,0.13094,0.13104,362.0,4942.0
2025-07-25T08:17:14.077532,blofin,0.13086,0.1309,291.0,3.0
2025-07-25T08:17:14.197909,bitget,0.13094,0.13104,362.0,4942.0
2025-07-25T08:17:14.237545,mexc,0.13089,0.1309,840196.0,840196.0
2025-07-25T08:17:14.345890,bitget,0.13094,0.13104,362.0,4942.0
2025-07-25T08:17:14.411049,huobi,0.1301,0.13091,4329.9352,170.0
2025-07-25T08:17:14.462504,lbank,0.1309,0.131,18.11,11404.21
2025-07-25T08:17:14.544253,blofin,0.13086,0.1309,3948.0,3.0
2025-07-25T08:17:14.630923,bingx,0.13089,0.13101,108.0,307.0
2025-07-25T08:17:14.647350,bitget,0.13094,0.13104,362.0,4942.0
2025-07-25T08:17:14.656971,lbank,0.1308,0.131,9770.91,11404.21
2025-07-25T08:17:14.669225,gateio,0.13083,0.13097,29.0,50.0
2025-07-25T08:17:14.759441,gateio,0.13084,0.13097,692.0,50.0
2025-07-25T08:17:14.947243,bitget,0.13094,0.13104,362.0,4942.0
2025-07-25T08:17:15.060578,blofin,0.13086,0.1309,3948.0,3.0
2025-07-25T08:17:15.394894,bitget,0.13094,0.13104,362.0,4942.0
2025-07-25T08:17:15.508955,huobi,0.13012,0.13091,4361.0887,170.0
2025-07-25T08:17:15.530223,bingx,0.13089,0.13101,108.0,307.0
2025-07-25T08:17:15.559060,blofin,0.13086,0.1309,3967.0,3.0
2025-07-25T08:17:15.695586,bitget,0.13094,0.13104,362.0,4942.0
2025-07-25T08:17:15.818614,bybit,0.1309,0.0,431.0,0.0
2025-07-25T08:17:16.058841,blofin,0.13086,0.1309,3967.0,3.0
2025-07-25T08:17:16.436023,bingx,0.13089,0.13101,108.0,307.0
2025-07-25T08:17:16.446849,bitget,0.13094,0.13104,362.0,4942.0
2025-07-25T08:17:16.557038,blofin,0.13086,0.1309,3966.0,3.0
2025-07-25T08:17:16.607738,mexc,0.13089,0.1309,840196.0,840196.0
2025-07-25T08:17:16.714068,huobi,0.13013,0.13091,77.8907,170.0
2025-07-25T08:17:16.718444,bybit,0.13082,0.13089,3479.0,2106.0
2025-07-25T08:17:16.747773,bitget,0.13089,0.13104,461.0,4942.0
2025-07-25T08:17:16.795216,gateio,0.13084,0.13095,692.0,152.0
2025-07-25T08:17:16.812773,huobi,0.13014,0.13091,4329.9352,170.0
2025-07-25T08:17:16.818400,bybit,0.0,0.0,0.0,0.0
2025-07-25T08:17:16.863976,gateio,0.1309,0.13095,550.0,152.0
2025-07-25T08:17:16.873019,gateio,0.13075,0.13092,154.0,75.0
2025-07-25T08:17:16.884568,gateio,0.13068,0.13089,153.0,152.0
2025-07-25T08:17:16.895700,bitget,0.1309,0.13104,362.0,4942.0
2025-07-25T08:17:16.904950,gateio,0.13069,0.13089,75.0,152.0
2025-07-25T08:17:16.918607,bybit,0.13077,0.13082,764.0,1000.0
2025-07-25T08:17:17.012730,huobi,0.13015,0.13091,77.8907,170.0
2025-07-25T08:17:17.018310,bybit,0.13077,0.0,910.0,0.0
2025-07-25T08:17:17.046574,bitget,0.13086,0.13097,461.0,731.0
2025-07-25T08:17:17.066331,blofin,0.13086,0.1309,3966.0,3.0
2025-07-25T08:17:17.112492,huobi,0.13016,0.13091,22115.8921,170.0
2025-07-25T08:17:17.118924,bybit,0.13081,0.0,450.0,0.0
2025-07-25T08:17:17.197035,bitget,0.13084,0.13096,461.0,1125.0
2025-07-25T08:17:17.318512,bybit,0.0,0.0,0.0,0.0
2025-07-25T08:17:17.335389,bingx,0.13086,0.13097,108.0,307.0
2025-07-25T08:17:17.350235,bitget,0.13084,0.13096,823.0,1125.0
2025-07-25T08:17:17.409130,huobi,0.13016,0.13091,22115.8921,170.0
2025-07-25T08:17:17.496458,bitget,0.13085,0.13096,459.0,1125.0
2025-07-25T08:17:17.518592,bybit,0.13081,0.0,460.0,0.0
2025-07-25T08:17:17.558552,blofin,0.13086,0.1309,7.0,3.0
2025-07-25T08:17:17.618047,bybit,0.0,0.0,0.0,0.0
2025-07-25T08:17:17.639933,bingx,0.13083,0.13095,108.0,307.0
2025-07-25T08:17:17.650621,bitget,0.13085,0.13096,821.0,1125.0
2025-07-25T08:17:17.708668,huobi,0.13016,0.1309,22115.8921,8705.4446
2025-07-25T08:17:17.942243,bingx,0.13082,0.13094,108.0,307.0
2025-07-25T08:17:18.056221,blofin,0.13077,0.13082,4403.0,562.0
2025-07-25T08:17:18.096395,bitget,0.13086,0.13096,459.0,1125.0
2025-07-25T08:17:18.157194,lbank,0.1308,0.131,9770.91,11404.21
2025-07-25T08:17:18.218326,bybit,0.0,0.0,0.0,0.0
2025-07-25T08:17:18.249297,bitget,0.13086,0.13096,459.0,1125.0
2025-07-25T08:17:18.336449,lbank,0.1309,0.131,112.44,11404.21
2025-07-25T08:17:18.418631,bybit,0.0,0.13082,0.0,550.0
2025-07-25T08:17:18.577352,blofin,0.13077,0.13082,22860.0,562.0
2025-07-25T08:17:18.611264,huobi,0.13016,0.1309,22115.8921,8705.4446
2025-07-25T08:17:18.657538,lbank,0.1308,0.131,9770.91,11404.21
2025-07-25T08:17:18.709811,huobi,0.13006,0.1309,22115.8921,8705.4446
2025-07-25T08:17:18.840962,bingx,0.13082,0.13094,108.0,307.0
2025-07-25T08:17:18.997492,mexc,0.13081,0.13082,840196.0,840196.0
2025-07-25T08:17:18.997809,bitget,0.13085,0.13096,362.0,1125.0
2025-07-25T08:17:19.061956,blofin,0.13077,0.13082,22708.0,565.0
2025-07-25T08:17:19.118771,bybit,0.0,0.0,0.0,0.0
2025-07-25T08:17:19.156450,lbank,0.1307,0.1308,8806.41,2724.51
2025-07-25T08:17:19.304441,bitget,0.13086,0.13096,459.0,1125.0
2025-07-25T08:17:19.452765,bitget,0.13086,0.13096,821.0,1125.0
2025-07-25T08:17:19.563964,blofin,0.13078,0.13082,22708.0,565.0
2025-07-25T08:17:19.597284,bitget,0.13087,0.13096,821.0,1125.0
2025-07-25T08:17:19.609879,huobi,0.13019,0.1309,22115.8921,8705.4446
2025-07-25T08:17:19.751297,bitget,0.13088,0.13096,459.0,1125.0
2025-07-25T08:17:19.752104,bingx,0.13082,0.13094,108.0,307.0
2025-07-25T08:17:19.860525,gateio,0.13077,0.13089,439.0,152.0
2025-07-25T08:17:19.882574,gateio,0.13076,0.13088,29.0,50.0
2025-07-25T08:17:20.018708,bybit,0.13081,0.0,540.0,0.0
2025-07-25T08:17:20.048366,bitget,0.13087,0.13096,362.0,1125.0
2025-07-25T08:17:20.072408,blofin,0.13078,0.13081,2774.0,41.0
2025-07-25T08:17:20.198084,bitget,0.13087,0.13096,821.0,1957.0
2025-07-25T08:17:20.212236,huobi,0.1302,0.1309,3498.03,8705.4446
2025-07-25T08:17:20.348731,bitget,0.13087,0.13096,821.0,1957.0
2025-07-25T08:17:20.410836,huobi,0.1302,0.1309,3498.03,8705.4446
2025-07-25T08:17:20.498296,bitget,0.13088,0.13096,459.0,1957.0
2025-07-25T08:17:20.511202,huobi,0.13018,0.1309,77.8907,8705.4446
2025-07-25T08:17:20.518515,bybit,0.13084,0.13086,435.0,127.0
2025-07-25T08:17:20.569102,blofin,0.13079,0.13081,2774.0,41.0
2025-07-25T08:17:20.618905,bybit,0.0,0.13086,0.0,67.0
2025-07-25T08:17:20.649058,bitget,0.13088,0.13096,821.0,763.0
2025-07-25T08:17:20.651003,bingx,0.13082,0.13094,108.0,307.0
2025-07-25T08:17:20.718352,bybit,0.13081,0.13085,90.0,570.0
2025-07-25T08:17:20.727358,huobi,0.13019,0.1309,3662.085,8705.4446
2025-07-25T08:17:20.800969,bitget,0.13088,0.13096,362.0,1075.0
2025-07-25T08:17:20.918918,bybit,0.13083,0.0,462.0,0.0
2025-07-25T08:17:20.949568,bitget,0.13088,0.13096,362.0,1838.0
2025-07-25T08:17:20.951299,bingx,0.13083,0.13095,108.0,307.0
2025-07-25T08:17:21.068361,blofin,0.1308,0.13083,112.0,419.0
2025-07-25T08:17:21.100749,bitget,0.13088,0.13096,362.0,1838.0
2025-07-25T08:17:21.218683,bybit,0.13081,0.13084,90.0,2106.0
2025-07-25T08:17:21.318308,bybit,0.0,0.13084,0.0,2226.0
2025-07-25T08:17:21.320881,huobi,0.13003,0.1309,200.0,8705.4446
2025-07-25T08:17:21.392396,mexc,0.13081,0.13082,840196.0,840196.0
2025-07-25T08:17:21.407927,bitget,0.13087,0.13096,362.0,1838.0
2025-07-25T08:17:21.412361,huobi,0.13005,0.1309,3824.355,8705.4446
2025-07-25T08:17:21.418292,bybit,0.13081,0.0,564.0,0.0
2025-07-25T08:17:21.519508,bybit,0.13081,0.0,90.0,0.0
2025-07-25T08:17:21.544682,gateio,0.13076,0.13088,29.0,202.0
2025-07-25T08:17:21.549205,bitget,0.13087,0.13096,362.0,1838.0
2025-07-25T08:17:21.555028,bingx,0.13083,0.13094,108.0,307.0
2025-07-25T08:17:21.562183,blofin,0.1308,0.13083,112.0,419.0
2025-07-25T08:17:21.657044,lbank,0.1308,0.1309,6890.84,9091.29
2025-07-25T08:17:21.698821,bitget,0.13087,0.13096,362.0,1838.0
2025-07-25T08:17:21.718549,bybit,0.13082,0.13084,436.0,2166.0
2025-07-25T08:17:21.751986,gateio,0.13076,0.13088,29.0,50.0
2025-07-25T08:17:21.814216,huobi,0.13005,0.1309,3824.355,8875.4446
2025-07-25T08:17:21.855861,bitget,0.13087,0.13096,362.0,1838.0
2025-07-25T08:17:21.998801,bitget,0.13087,0.13096,362.0,1838.0
2025-07-25T08:17:22.076999,blofin,0.1308,0.13083,4.0,2953.0
2025-07-25T08:17:22.308125,huobi,0.13005,0.1309,3824.355,8875.4446
2025-07-25T08:17:22.457190,bingx,0.13083,0.13094,108.0,307.0
2025-07-25T08:17:22.508772,huobi,0.13009,0.1309,4129.3949,8875.4446
2025-07-25T08:17:22.518486,bybit,0.13081,0.0,90.0,0.0
2025-07-25T08:17:22.552862,blofin,0.1308,0.13083,4.0,2826.0
2025-07-25T08:17:22.618330,bybit,0.13082,0.13084,84.0,2106.0
2025-07-25T08:17:22.818879,bybit,0.13082,0.0,539.0,0.0
2025-07-25T08:17:22.864949,gateio,0.1308,0.13088,477.0,50.0
2025-07-25T08:17:22.884114,gateio,0.13069,0.13088,75.0,50.0
2025-07-25T08:17:23.009958,huobi,0.13009,0.13089,4129.3949,384.9457
2025-07-25T08:17:23.049536,bitget,0.13087,0.13096,362.0,1838.0
2025-07-25T08:17:23.066968,blofin,0.1308,0.13083,4.0,2826.0
2025-07-25T08:17:23.368766,bingx,0.13083,0.13094,108.0,307.0
2025-07-25T08:17:23.571704,blofin,0.13079,0.13083,111.0,2826.0
2025-07-25T08:17:23.718271,bybit,0.13083,0.0,2993.0,0.0
2025-07-25T08:17:23.786769,mexc,0.13081,0.13082,840196.0,840196.0
2025-07-25T08:17:23.801151,bitget,0.13087,0.13096,362.0,1075.0
2025-07-25T08:17:23.950235,bitget,0.13087,0.13096,362.0,1075.0
2025-07-25T08:17:24.050612,blofin,0.13079,0.13083,111.0,2826.0
2025-07-25T08:17:24.107119,bitget,0.13087,0.13096,362.0,1075.0
2025-07-25T08:17:24.108687,huobi,0.13011,0.13089,4186.92,384.9457
2025-07-25T08:17:24.262186,bingx,0.13083,0.13094,108.0,307.0
2025-07-25T08:17:24.411742,huobi,0.13011,0.13089,4186.92,384.9457
2025-07-25T08:17:24.557082,blofin,0.13079,0.13083,111.0,2826.0
2025-07-25T08:17:24.701075,bitget,0.13087,0.13096,362.0,1075.0
2025-07-25T08:17:25.046678,gateio,0.13074,0.13088,181.0,50.0
2025-07-25T08:17:25.062568,blofin,0.13079,0.13083,111.0,2826.0
2025-07-25T08:17:25.109113,huobi,0.13003,0.13089,200.0,384.9457
2025-07-25T08:17:25.118655,bybit,0.0,0.0,0.0,0.0
2025-07-25T08:17:25.150774,bitget,0.13087,0.13096,362.0,1075.0
2025-07-25T08:17:25.162098,bingx,0.13083,0.13094,108.0,307.0
2025-07-25T08:17:25.208338,huobi,0.13004,0.13089,77.8907,384.9457
2025-07-25T08:17:25.212282,lbank,0.1307,0.1309,13820.85,3840.6
2025-07-25T08:17:25.218013,bybit,0.13084,0.13085,419.0,450.0
2025-07-25T08:17:25.302832,bitget,0.13087,0.13096,362.0,1075.0
2025-07-25T08:17:25.451531,bitget,0.13087,0.13096,362.0,1075.0
2025-07-25T08:17:25.507772,huobi,0.13004,0.1309,77.8907,170.0
2025-07-25T08:17:25.562031,blofin,0.13079,0.13083,1.0,2825.0
2025-07-25T08:17:25.656885,gateio,0.13074,0.13088,29.0,50.0
2025-07-25T08:17:26.063723,blofin,0.13079,0.13082,1.0,2823.0
2025-07-25T08:17:26.067457,bingx,0.13083,0.13094,108.0,307.0
2025-07-25T08:17:26.151180,mexc,0.13081,0.13082,840196.0,840196.0
2025-07-25T08:17:26.168805,lbank,0.1308,0.1309,8007.58,8284.98
2025-07-25T08:17:26.545191,blofin,0.13077,0.13082,22712.0,2828.0
2025-07-25T08:17:26.607267,huobi,0.13004,0.1309,77.8907,170.0
2025-07-25T08:17:26.718281,bybit,0.13083,0.0,2993.0,0.0
2025-07-25T08:17:26.818298,bybit,0.13083,0.0,3053.0,0.0
2025-07-25T08:17:26.952905,bitget,0.13087,0.13096,362.0,821.0
2025-07-25T08:17:26.977333,bingx,0.13083,0.13094,108.0,307.0
2025-07-25T08:17:27.018441,bybit,0.13084,0.0,486.0,0.0
2025-07-25T08:17:27.056931,blofin,0.13077,0.13082,22711.0,2715.0
2025-07-25T08:17:27.118985,bybit,0.13086,0.13087,411.0,2870.0
2025-07-25T08:17:27.163138,gateio,0.13075,0.13088,152.0,50.0
2025-07-25T08:17:27.217972,bybit,0.0,0.13087,0.0,2106.0
2025-07-25T08:17:27.254633,bitget,0.13087,0.13096,577.0,1075.0
2025-07-25T08:17:27.403086,bitget,0.13088,0.13096,469.0,1075.0
2025-07-25T08:17:27.552402,bitget,0.13089,0.13096,362.0,1075.0
2025-07-25T08:17:27.553460,blofin,0.13078,0.13082,22708.0,1.0
2025-07-25T08:17:27.659395,lbank,0.1307,0.1308,7856.41,4426.72
2025-07-25T08:17:27.704598,bitget,0.13089,0.13096,831.0,713.0
2025-07-25T08:17:27.719049,bybit,0.0,0.13087,0.0,2116.0
2025-07-25T08:17:27.818590,bybit,0.0,0.13087,0.0,10.0
2025-07-25T08:17:27.852951,bitget,0.1309,0.13096,469.0,713.0
2025-07-25T08:17:27.872238,bingx,0.13083,0.13097,214.0,307.0
2025-07-25T08:17:27.918170,bybit,0.13086,0.0,531.0,0.0
2025-07-25T08:17:28.004256,bitget,0.13091,0.13096,362.0,459.0
2025-07-25T08:17:28.018246,bybit,0.13086,0.0,411.0,0.0
2025-07-25T08:17:28.062395,blofin,0.13079,0.13082,2710.0,1.0
2025-07-25T08:17:28.155210,bitget,0.13091,0.13096,831.0,459.0
2025-07-25T08:17:28.157617,lbank,0.1309,0.131,8774.63,4355.8
2025-07-25T08:17:28.304278,bitget,0.13091,0.13096,831.0,459.0
2025-07-25T08:17:28.317979,bybit,0.13086,0.0,471.0,0.0
2025-07-25T08:17:28.412938,huobi,0.13004,0.1309,77.8907,170.0
2025-07-25T08:17:28.453997,bitget,0.13092,0.13096,469.0,459.0
2025-07-25T08:17:28.518163,bybit,0.13086,0.0,531.0,0.0
2025-07-25T08:17:28.532473,mexc,0.13081,0.13082,840196.0,840196.0
2025-07-25T08:17:28.568825,gateio,0.13076,0.13088,692.0,50.0
2025-07-25T08:17:28.569348,blofin,0.13079,0.13082,2712.0,1.0
2025-07-25T08:17:28.584817,gateio,0.13077,0.13088,75.0,50.0
2025-07-25T08:17:28.604337,bitget,0.13092,0.13098,469.0,821.0
2025-07-25T08:17:28.604713,gateio,0.13077,0.13088,304.0,50.0
2025-07-25T08:17:28.719185,gateio,0.13077,0.13094,304.0,50.0
2025-07-25T08:17:28.728985,gateio,0.13077,0.13094,512.0,50.0
2025-07-25T08:17:28.746824,gateio,0.13077,0.13094,996.0,50.0
2025-07-25T08:17:28.758972,bitget,0.13093,0.13098,362.0,254.0
2025-07-25T08:17:28.763267,gateio,0.13078,0.13094,186.0,50.0
2025-07-25T08:17:28.778006,bingx,0.13083,0.13097,214.0,307.0
2025-07-25T08:17:28.811230,huobi,0.13004,0.1309,77.8907,170.0
2025-07-25T08:17:28.934845,bitget,0.13094,0.13101,469.0,1980.0
2025-07-25T08:17:29.077941,blofin,0.13082,0.13086,2710.0,127.0
2025-07-25T08:17:29.079264,bingx,0.13087,0.13101,214.0,307.0
2025-07-25T08:17:29.120134,bybit,0.13086,0.0,617.0,0.0
2025-07-25T08:17:29.418271,bybit,0.13086,0.0,1381.0,0.0
2025-07-25T08:17:29.505464,bitget,0.13094,0.13101,469.0,1217.0
2025-07-25T08:17:29.570500,blofin,0.13082,0.13086,2710.0,127.0
2025-07-25T08:17:29.656024,bitget,0.13095,0.13101,362.0,1217.0
2025-07-25T08:17:29.807054,bitget,0.13095,0.13101,831.0,1217.0
2025-07-25T08:17:29.909052,huobi,0.13004,0.13091,77.8907,170.0
2025-07-25T08:17:29.989588,bingx,0.13087,0.13101,214.0,307.0
2025-07-25T08:17:29.994631,gateio,0.13078,0.13097,186.0,50.0
2025-07-25T08:17:30.062685,blofin,0.13082,0.13088,2710.0,127.0
2025-07-25T08:17:30.106565,bitget,0.13095,0.13101,831.0,459.0
2025-07-25T08:17:30.207416,huobi,0.13004,0.13091,77.8907,170.0
2025-07-25T08:17:30.218510,bybit,0.13086,0.0,617.0,0.0
2025-07-25T08:17:30.242382,gateio,0.13077,0.13097,304.0,50.0
2025-07-25T08:17:30.256373,bitget,0.13096,0.13101,469.0,459.0
2025-07-25T08:17:30.405415,bitget,0.13097,0.13101,362.0,459.0
2025-07-25T08:17:30.418382,bybit,0.13086,0.0,656.0,0.0
2025-07-25T08:17:30.509455,huobi,0.12995,0.13091,1539.0612,170.0
2025-07-25T08:17:30.518164,bybit,0.13086,0.0,617.0,0.0
2025-07-25T08:17:30.554453,blofin,0.13084,0.1309,2710.0,130.0
2025-07-25T08:17:30.578657,gateio,0.13077,0.13097,512.0,50.0
2025-07-25T08:17:30.609661,huobi,0.12996,0.13091,77.8907,170.0
2025-07-25T08:17:30.711891,bitget,0.13097,0.13101,362.0,459.0
2025-07-25T08:17:30.718109,bybit,0.13086,0.0,1381.0,0.0
2025-07-25T08:17:30.856040,bitget,0.13097,0.13101,362.0,459.0
2025-07-25T08:17:30.882964,bingx,0.13088,0.13102,214.0,307.0
2025-07-25T08:17:30.916867,mexc,0.13083,0.13084,840196.0,840196.0
2025-07-25T08:17:31.009933,bitget,0.13097,0.13101,831.0,459.0
2025-07-25T08:17:31.069739,blofin,0.13084,0.1309,2710.0,130.0
2025-07-25T08:17:31.108755,huobi,0.12996,0.13091,277.8907,170.0
2025-07-25T08:17:31.154803,bitget,0.13097,0.13101,831.0,459.0
2025-07-25T08:17:31.183496,bingx,0.1309,0.13103,214.0,307.0
2025-07-25T08:17:31.318334,bybit,0.13086,0.0,1420.0,0.0
2025-07-25T08:17:31.409361,huobi,0.12997,0.13091,4250.3399,170.0
2025-07-25T08:17:31.417891,bybit,0.13086,0.0,1497.0,0.0
2025-07-25T08:17:31.455127,bitget,0.13097,0.13101,362.0,459.0
2025-07-25T08:17:31.520113,bybit,0.13086,0.0,733.0,0.0
2025-07-25T08:17:31.564344,blofin,0.13084,0.1309,5.0,128.0
2025-07-25T08:17:31.619197,bybit,0.13086,0.0,634.0,0.0
2025-07-25T08:17:31.677330,gateio,0.13077,0.13095,512.0,152.0
2025-07-25T08:17:31.712562,huobi,0.12998,0.13091,77.8907,170.0
2025-07-25T08:17:31.719043,bybit,0.13086,0.0,574.0,0.0
2025-07-25T08:17:31.762679,bitget,0.13097,0.13101,362.0,459.0
2025-07-25T08:17:31.785933,bingx,0.13089,0.13102,214.0,307.0
2025-07-25T08:17:31.810278,huobi,0.12999,0.13091,4290.99,170.0
2025-07-25T08:17:31.908095,bitget,0.13092,0.13101,469.0,4276.0
2025-07-25T08:17:31.974693,gateio,0.13077,0.13097,512.0,50.0
2025-07-25T08:17:32.009330,huobi,0.12999,0.13091,4290.99,170.0
2025-07-25T08:17:32.055460,bitget,0.13088,0.13101,469.0,4638.0
2025-07-25T08:17:32.062316,blofin,0.13084,0.1309,5.0,128.0
2025-07-25T08:17:32.118313,bybit,0.13086,0.0,694.0,0.0
2025-07-25T08:17:32.167303,gateio,0.13077,0.13095,512.0,152.0
2025-07-25T08:17:32.214902,bitget,0.13091,0.13101,758.0,821.0
2025-07-25T08:17:32.218433,bybit,0.13086,0.0,634.0,0.0
2025-07-25T08:17:32.244415,gateio,0.13078,0.13095,692.0,152.0
2025-07-25T08:17:32.264818,gateio,0.13079,0.13095,237.0,152.0
2025-07-25T08:17:32.355695,bitget,0.13092,0.13101,469.0,821.0
2025-07-25T08:17:32.506517,bitget,0.13092,0.13101,831.0,821.0
2025-07-25T08:17:32.563563,blofin,0.13084,0.13089,9.0,2837.0
2025-07-25T08:17:32.608232,huobi,0.12999,0.13091,4290.99,170.0
2025-07-25T08:17:32.660621,bitget,0.13093,0.13101,469.0,821.0
2025-07-25T08:17:32.692595,bingx,0.13089,0.13102,214.0,307.0
2025-07-25T08:17:32.710955,huobi,0.13001,0.13091,4154.865,170.0
2025-07-25T08:17:32.809893,huobi,0.13001,0.13091,4232.7557,170.0
2025-07-25T08:17:33.057560,blofin,0.13087,0.1309,2710.0,642.0
2025-07-25T08:17:33.209366,huobi,0.13001,0.13091,4232.7557,170.0
2025-07-25T08:17:33.304986,mexc,0.13083,0.13084,840196.0,840196.0
2025-07-25T08:17:33.584140,blofin,0.13087,0.1309,68.0,130.0
2025-07-25T08:17:33.599086,bingx,0.13089,0.13102,214.0,307.0
2025-07-25T08:17:33.610847,huobi,0.13003,0.13091,4067.5199,170.0
2025-07-25T08:17:33.686682,gateio,0.1308,0.13095,692.0,152.0
2025-07-25T08:17:33.705261,gateio,0.13081,0.13095,216.0,152.0
2025-07-25T08:17:33.710020,huobi,0.13003,0.13091,4067.5199,170.0
2025-07-25T08:17:33.724266,gateio,0.13081,0.13095,216.0,173.0
2025-07-25T08:17:33.738509,gateio,0.13081,0.13095,721.0,195.0
2025-07-25T08:17:33.811649,huobi,0.13005,0.13091,4067.5199,170.0
2025-07-25T08:17:33.857754,bitget,0.13093,0.13101,469.0,821.0
2025-07-25T08:17:34.078772,blofin,0.13087,0.1309,68.0,130.0
2025-07-25T08:17:34.448800,gateio,0.13081,0.13095,721.0,173.0
2025-07-25T08:17:34.456887,bitget,0.13093,0.13101,469.0,821.0
2025-07-25T08:17:34.458549,gateio,0.13082,0.13097,312.0,50.0
2025-07-25T08:17:34.494156,bingx,0.13089,0.13102,214.0,307.0
2025-07-25T08:17:34.512335,huobi,0.13005,0.13091,4267.5199,170.0
2025-07-25T08:17:34.518136,bybit,0.1309,0.13091,591.0,38.0
2025-07-25T08:17:34.542758,gateio,0.13082,0.13097,1004.0,50.0
2025-07-25T08:17:34.549405,blofin,0.13087,0.1309,68.0,130.0
2025-07-25T08:17:34.609355,huobi,0.13005,0.13091,200.0,170.0
2025-07-25T08:17:34.614915,bitget,0.13093,0.13105,831.0,762.0
2025-07-25T08:17:34.619360,bybit,0.0,0.0,0.0,0.0
2025-07-25T08:17:34.624353,gateio,0.13083,0.13097,301.0,50.0
2025-07-25T08:17:34.634347,gateio,0.13083,0.13097,330.0,50.0
2025-07-25T08:17:34.718133,bybit,0.0,0.0,0.0,0.0
2025-07-25T08:17:34.757006,bitget,0.13094,0.13105,470.0,470.0
2025-07-25T08:17:34.861822,gateio,0.13089,0.13097,448.0,50.0
2025-07-25T08:17:34.908922,huobi,0.13006,0.13091,77.8907,170.0
2025-07-25T08:17:34.909871,bitget,0.13096,0.13105,470.0,470.0
2025-07-25T08:17:34.972844,gateio,0.13089,0.13097,29.0,50.0
2025-07-25T08:17:35.056772,bitget,0.13097,0.13105,362.0,470.0
2025-07-25T08:17:35.062970,blofin,0.13088,0.1309,68.0,3.0
2025-07-25T08:17:35.095064,bingx,0.13096,0.13106,307.0,125.0
2025-07-25T08:17:35.208619,bitget,0.13098,0.13105,470.0,470.0
2025-07-25T08:17:35.318170,bybit,0.0,0.0,0.0,0.0
2025-07-25T08:17:35.359266,bitget,0.13099,0.13105,362.0,470.0
2025-07-25T08:17:35.407515,huobi,0.13006,0.13091,77.8907,170.0
2025-07-25T08:17:35.508081,bitget,0.13099,0.13105,832.0,470.0
2025-07-25T08:17:35.554418,blofin,0.13088,0.1309,2745.0,3.0
2025-07-25T08:17:35.609773,huobi,0.13006,0.13091,77.8907,170.0
2025-07-25T08:17:35.657021,lbank,0.131,0.1311,8592.4,5140.95
2025-07-25T08:17:35.658087,mexc,0.1309,0.13091,840196.0,840196.0
2025-07-25T08:17:35.659123,bitget,0.131,0.13105,470.0,470.0
2025-07-25T08:17:35.809972,bitget,0.131,0.13105,470.0,470.0
2025-07-25T08:17:35.997805,bingx,0.13096,0.13106,307.0,125.0
2025-07-25T08:17:36.018359,bybit,0.1309,0.0,677.0,0.0
2025-07-25T08:17:36.062886,blofin,0.13088,0.1309,2745.0,3.0
2025-07-25T08:17:36.108678,huobi,0.13008,0.13091,77.8907,170.0
2025-07-25T08:17:36.418051,bybit,0.0,0.13091,0.0,340.0
2025-07-25T08:17:36.548741,blofin,0.13088,0.1309,2746.0,1.0
2025-07-25T08:17:36.909904,bingx,0.13096,0.13106,307.0,125.0
2025-07-25T08:17:37.022035,bybit,0.1309,0.0,591.0,0.0
2025-07-25T08:17:37.067349,blofin,0.13088,0.1309,2746.0,1.0
2025-07-25T08:17:37.508238,huobi,0.12996,0.13091,1538.9428,170.0
2025-07-25T08:17:37.559736,blofin,0.13088,0.1309,2746.0,1.0
2025-07-25T08:17:37.607614,huobi,0.12997,0.13091,22165.8385,170.0
2025-07-25T08:17:37.802690,bingx,0.13096,0.13106,307.0,125.0
2025-07-25T08:17:37.878540,gateio,0.13091,0.13097,539.0,50.0
2025-07-25T08:17:37.903091,gateio,0.13089,0.13097,29.0,50.0
2025-07-25T08:17:37.914665,huobi,0.12997,0.13091,22165.8385,170.0
2025-07-25T08:17:38.018497,bybit,0.0,0.0,0.0,0.0
2025-07-25T08:17:38.051964,mexc,0.1309,0.13091,840196.0,840196.0
2025-07-25T08:17:38.065903,blofin,0.13088,0.1309,2746.0,1.0
2025-07-25T08:17:38.159687,lbank,0.1307,0.1308,7065.56,3592.53
2025-07-25T08:17:38.211911,huobi,0.13009,0.13091,275.7849,170.0
2025-07-25T08:17:38.308898,huobi,0.1301,0.13091,3990.8056,170.0
2025-07-25T08:17:38.560578,blofin,0.13088,0.1309,2746.0,1.0
2025-07-25T08:17:38.708568,bingx,0.13096,0.13106,307.0,125.0
2025-07-25T08:17:38.911065,huobi,0.1301,0.13091,3982.8257,170.0
2025-07-25T08:17:39.061369,blofin,0.13088,0.1309,2746.0,1.0
2025-07-25T08:17:39.110226,bitget,0.131,0.13107,470.0,1232.0
2025-07-25T08:17:39.118115,huobi,0.13011,0.13091,22087.9478,170.0
2025-07-25T08:17:39.217959,bybit,0.0,0.13093,0.0,43.0
2025-07-25T08:17:39.226496,huobi,0.13011,0.13091,22087.9478,170.0
2025-07-25T08:17:39.260726,bitget,0.131,0.13107,470.0,470.0
2025-07-25T08:17:39.311660,huobi,0.13013,0.13091,3969.15,170.0
2025-07-25T08:17:39.319124,bybit,0.13092,0.0,551.0,0.0
2025-07-25T08:17:39.412231,bitget,0.13101,0.13107,470.0,724.0
2025-07-25T08:17:39.518587,bybit,0.0,0.0,0.0,0.0
2025-07-25T08:17:39.566727,blofin,0.13089,0.1309,2745.0,1.0
2025-07-25T08:17:39.608706,huobi,0.13012,0.13091,277.8907,170.0
2025-07-25T08:17:39.621555,bingx,0.13096,0.13106,307.0,125.0
2025-07-25T08:17:39.710271,bitget,0.13101,0.13107,470.0,724.0
2025-07-25T08:17:39.807810,huobi,0.13012,0.13091,277.8907,170.0
2025-07-25T08:17:40.008055,huobi,0.13012,0.13094,277.8907,170.0
2025-07-25T08:17:40.018848,bitget,0.13101,0.13107,470.0,724.0
2025-07-25T08:17:40.065761,blofin,0.1309,0.13094,2745.0,4.0
2025-07-25T08:17:40.108323,huobi,0.13012,0.13093,277.8907,170.0
2025-07-25T08:17:40.117854,bybit,0.0,0.0,0.0,0.0
2025-07-25T08:17:40.209135,huobi,0.13014,0.13093,4108.68,170.0
2025-07-25T08:17:40.303569,gateio,0.13089,0.13098,29.0,1.0
2025-07-25T08:17:40.315660,huobi,0.13016,0.13093,4076.46,170.0
2025-07-25T08:17:40.318375,bybit,0.13094,0.13099,602.0,18.0
2025-07-25T08:17:40.321480,bitget,0.13101,0.13107,470.0,470.0
2025-07-25T08:17:40.418370,bybit,0.13094,0.0,1365.0,0.0
2025-07-25T08:17:40.438805,mexc,0.1309,0.13091,840196.0,840196.0
2025-07-25T08:17:40.460405,bitget,0.13107,0.13109,470.0,77.0
2025-07-25T08:17:40.468036,lbank,0.1309,0.131,7803.72,7952.26
2025-07-25T08:17:40.516213,bingx,0.13097,0.13108,307.0,125.0
2025-07-25T08:17:40.518521,bybit,0.13097,0.0,764.0,0.0
2025-07-25T08:17:40.552910,blofin,0.1309,0.13094,2747.0,4.0
2025-07-25T08:17:40.580662,gateio,0.1309,0.13098,152.0,1.0
2025-07-25T08:17:40.612029,huobi,0.13015,0.13093,77.8907,170.0
2025-07-25T08:17:40.616118,bitget,0.13107,0.13111,470.0,724.0
2025-07-25T08:17:40.618329,bybit,0.13098,0.0,570.0,0.0
2025-07-25T08:17:40.672545,gateio,0.13089,0.13098,29.0,1.0
2025-07-25T08:17:40.719216,bybit,0.13098,0.0,510.0,0.0
2025-07-25T08:17:40.762855,bitget,0.13107,0.13111,470.0,724.0
2025-07-25T08:17:40.817916,bingx,0.13099,0.1311,307.0,125.0
2025-07-25T08:17:41.078430,blofin,0.1309,0.13094,2747.0,4.0
2025-07-25T08:17:41.116193,bingx,0.13099,0.1311,307.0,125.0
2025-07-25T08:17:41.157109,lbank,0.1309,0.131,7803.72,7952.26
2025-07-25T08:17:41.211904,bitget,0.13107,0.13111,470.0,724.0
2025-07-25T08:17:41.214129,huobi,0.13015,0.13104,77.8907,340.0
2025-07-25T08:17:41.309238,huobi,0.13018,0.13103,4113.9749,3151.4446
2025-07-25T08:17:41.318371,bybit,0.0,0.0,0.0,0.0
2025-07-25T08:17:41.571628,blofin,0.13093,0.13098,2745.0,3.0
2025-07-25T08:17:41.657211,lbank,0.1309,0.131,7803.72,7952.26
2025-07-25T08:17:41.662210,bitget,0.13103,0.13111,470.0,724.0
2025-07-25T08:17:41.811391,bitget,0.13104,0.13111,362.0,724.0
2025-07-25T08:17:42.019489,bingx,0.13099,0.1311,307.0,125.0
2025-07-25T08:17:42.065920,blofin,0.13093,0.13098,2745.0,3.0
2025-07-25T08:17:42.109651,huobi,0.1302,0.13104,4017.03,170.0
2025-07-25T08:17:42.210833,huobi,0.13017,0.13103,77.8907,1981.4446
2025-07-25T08:17:42.218251,bybit,0.13098,0.0,450.0,0.0
2025-07-25T08:17:42.263415,bitget,0.13104,0.13111,362.0,724.0
2025-07-25T08:17:42.409124,huobi,0.13015,0.13103,4002.21,1981.4446
2025-07-25T08:17:42.413371,bitget,0.13104,0.13111,832.0,1086.0
2025-07-25T08:17:42.538683,blofin,0.13093,0.13098,2158.0,3.0
2025-07-25T08:17:42.549748,gateio,0.13089,0.13098,58.0,1.0
2025-07-25T08:17:42.561579,bitget,0.13104,0.13111,832.0,1086.0
2025-07-25T08:17:42.710907,bitget,0.13105,0.13111,470.0,1086.0
2025-07-25T08:17:42.717971,bybit,0.0,0.13099,0.0,385.0
2025-07-25T08:17:42.736558,huobi,0.13013,0.13103,77.8907,1981.4446
2025-07-25T08:17:42.811312,huobi,0.13013,0.13103,4026.4007,1981.4446
2025-07-25T08:17:42.817717,mexc,0.13093,0.13094,840196.0,840196.0
2025-07-25T08:17:42.861932,bitget,0.13103,0.13111,470.0,1086.0
2025-07-25T08:17:42.923313,bingx,0.13099,0.1311,307.0,125.0
2025-07-25T08:17:43.044959,gateio,0.13089,0.13098,29.0,1.0
2025-07-25T08:17:43.067656,blofin,0.13093,0.13098,2158.0,3.0
2025-07-25T08:17:43.108966,huobi,0.13013,0.13103,77.8907,1981.4446
2025-07-25T08:17:43.118016,bybit,0.0,0.0,0.0,0.0
2025-07-25T08:17:43.163275,bitget,0.13102,0.13111,362.0,1086.0
2025-07-25T08:17:43.194243,gateio,0.13088,0.13098,152.0,1.0
2025-07-25T08:17:43.209606,huobi,0.13013,0.13103,77.8907,2398.1026
2025-07-25T08:17:43.312483,bitget,0.13102,0.13111,362.0,1086.0
2025-07-25T08:17:43.318406,bybit,0.13096,0.0,763.0,0.0
2025-07-25T08:17:43.466497,bitget,0.13102,0.13111,362.0,1086.0
2025-07-25T08:17:43.507666,huobi,0.13014,0.13103,4102.3949,2398.1026
2025-07-25T08:17:43.518153,bybit,0.13097,0.0,483.0,0.0
2025-07-25T08:17:43.560817,blofin,0.13093,0.13098,2841.0,3.0
2025-07-25T08:17:43.609511,gateio,0.13088,0.13098,181.0,1.0
2025-07-25T08:17:43.612282,bitget,0.13102,0.13111,362.0,1086.0
2025-07-25T08:17:43.764678,bitget,0.13102,0.13111,362.0,1086.0
2025-07-25T08:17:43.814434,huobi,0.13009,0.13103,77.8907,2398.1026
2025-07-25T08:17:43.822219,bingx,0.13099,0.1311,307.0,125.0
2025-07-25T08:17:43.913321,bitget,0.13103,0.13111,470.0,1086.0
2025-07-25T08:17:44.064246,blofin,0.13093,0.13098,1.0,526.0
2025-07-25T08:17:44.310558,huobi,0.13055,0.13103,280.7523,2398.1026
2025-07-25T08:17:44.368370,bitget,0.13103,0.13111,470.0,832.0
2025-07-25T08:17:44.416475,huobi,0.13009,0.13103,77.8907,2398.1026
2025-07-25T08:17:44.509994,huobi,0.13009,0.13103,77.8907,2398.1026
2025-07-25T08:17:44.513153,bitget,0.13102,0.13111,362.0,832.0
2025-07-25T08:17:44.568855,blofin,0.13093,0.13098,1.0,2843.0
2025-07-25T08:17:44.726840,bingx,0.13099,0.1311,307.0,125.0
2025-07-25T08:17:44.838296,gateio,0.13088,0.13098,152.0,1.0
2025-07-25T08:17:44.911384,huobi,0.13012,0.13103,4042.755,2398.1026
2025-07-25T08:17:44.918878,bybit,0.13096,0.13099,763.0,835.0
2025-07-25T08:17:44.967850,bitget,0.13102,0.13111,362.0,4647.0
2025-07-25T08:17:45.018674,bybit,0.0,0.13099,0.0,895.0
2025-07-25T08:17:45.050486,blofin,0.13093,0.13098,1.0,2843.0
2025-07-25T08:17:45.118384,bybit,0.13097,0.13099,433.0,955.0
2025-07-25T08:17:45.218815,bybit,0.0,0.13099,0.0,895.0
2025-07-25T08:17:45.242309,mexc,0.13093,0.13094,840196.0,840196.0
2025-07-25T08:17:45.265131,bitget,0.13102,0.13111,362.0,4647.0
2025-07-25T08:17:45.414065,bitget,0.13102,0.13111,362.0,4647.0
2025-07-25T08:17:45.418495,bybit,0.13097,0.0,519.0,0.0
2025-07-25T08:17:45.518105,bybit,0.0,0.13099,0.0,835.0
2025-07-25T08:17:45.538135,blofin,0.13093,0.13098,1.0,2843.0
2025-07-25T08:17:45.564983,bitget,0.13102,0.13111,362.0,4647.0
2025-07-25T08:17:45.630658,bingx,0.13099,0.1311,307.0,125.0
2025-07-25T08:17:45.716580,bitget,0.13102,0.13111,362.0,4647.0
2025-07-25T08:17:46.063981,blofin,0.13093,0.13098,1.0,2843.0
2025-07-25T08:17:46.418302,bybit,0.0,0.13099,0.0,895.0
2025-07-25T08:17:46.509139,huobi,0.13009,0.13103,4070.6699,2398.1026
2025-07-25T08:17:46.534154,bingx,0.13099,0.1311,307.0,125.0
2025-07-25T08:17:46.554461,blofin,0.13092,0.13098,2963.0,2841.0
2025-07-25T08:17:46.608261,huobi,0.13014,0.13103,4091.91,2398.1026
2025-07-25T08:17:46.614040,bitget,0.13102,0.13111,362.0,4647.0
2025-07-25T08:17:46.618417,bybit,0.0,0.13099,0.0,835.0
2025-07-25T08:17:46.644107,gateio,0.13087,0.13098,237.0,1.0
2025-07-25T08:17:46.709171,huobi,0.13016,0.13103,4091.91,2398.1026
2025-07-25T08:17:46.860915,gateio,0.13093,0.13098,441.0,1.0
2025-07-25T08:17:46.886428,gateio,0.13087,0.13098,237.0,1.0
2025-07-25T08:17:46.910146,huobi,0.13018,0.13103,4294.7699,2398.1026
2025-07-25T08:17:46.915219,bitget,0.13096,0.13109,470.0,827.0
2025-07-25T08:17:47.041064,gateio,0.13087,0.13098,29.0,1.0
2025-07-25T08:17:47.067724,bitget,0.13097,0.13109,362.0,827.0
2025-07-25T08:17:47.082607,blofin,0.13092,0.13098,2.0,2841.0
2025-07-25T08:17:47.118127,bybit,0.13097,0.13099,86.0,895.0
2025-07-25T08:17:47.208118,huobi,0.1302,0.13103,4294.7699,2398.1026
2025-07-25T08:17:47.215386,bitget,0.13099,0.13109,362.0,827.0
2025-07-25T08:17:47.218388,bybit,0.0,0.13099,0.0,835.0
2025-07-25T08:17:47.324485,gateio,0.13087,0.13098,245.0,1.0
2025-07-25T08:17:47.368666,bitget,0.13099,0.13109,827.0,827.0
2025-07-25T08:17:47.463474,bingx,0.13099,0.1311,307.0,125.0
2025-07-25T08:17:47.509344,huobi,0.13022,0.13103,4294.7699,2398.1026
2025-07-25T08:17:47.514479,bitget,0.131,0.13109,465.0,827.0
2025-07-25T08:17:47.566948,blofin,0.13092,0.13098,2.0,2841.0
2025-07-25T08:17:47.615276,mexc,0.13095,0.13096,840196.0,840196.0
2025-07-25T08:17:47.668522,bitget,0.131,0.13109,827.0,827.0
2025-07-25T08:17:47.708238,huobi,0.13024,0.13103,4294.7699,2398.1026
2025-07-25T08:17:47.818605,bybit,0.13098,0.0,415.0,0.0
2025-07-25T08:17:47.966302,bitget,0.131,0.13109,827.0,4642.0
2025-07-25T08:17:48.072256,blofin,0.13092,0.13098,2.0,2841.0
2025-07-25T08:17:48.084365,gateio,0.13087,0.13098,274.0,1.0
2025-07-25T08:17:48.115027,bitget,0.13101,0.13109,465.0,4642.0
2025-07-25T08:17:48.281039,bitget,0.13101,0.13109,827.0,827.0
2025-07-25T08:17:48.318483,bybit,0.13097,0.13099,86.0,895.0
2025-07-25T08:17:48.343857,bingx,0.13099,0.1311,307.0,125.0
2025-07-25T08:17:48.415966,huobi,0.13024,0.13103,8677.497,2398.1026
2025-07-25T08:17:48.418823,bitget,0.13101,0.13109,827.0,4642.0
2025-07-25T08:17:48.557934,blofin,0.13089,0.13098,2842.0,2841.0
2025-07-25T08:17:48.708841,huobi,0.13026,0.13103,4243.83,2398.1026
2025-07-25T08:17:48.818056,bybit,0.0,0.13098,0.0,10.0
2025-07-25T08:17:48.912826,gateio,0.13087,0.13093,245.0,1.0
2025-07-25T08:17:49.010739,gateio,0.13087,0.13098,245.0,1.0
2025-07-25T08:17:49.016986,bitget,0.13102,0.13109,465.0,4642.0
2025-07-25T08:17:49.066938,blofin,0.13089,0.13097,2842.0,2840.0
2025-07-25T08:17:49.110734,huobi,0.13028,0.13103,4228.8449,2398.1026
2025-07-25T08:17:49.117910,bybit,0.0,0.0,0.0,0.0
2025-07-25T08:17:49.169985,bitget,0.13101,0.13109,362.0,4642.0
2025-07-25T08:17:49.211811,huobi,0.13028,0.13103,4228.8449,2398.1026
2025-07-25T08:17:49.242220,bingx,0.13099,0.1311,307.0,125.0
2025-07-25T08:17:49.315432,bitget,0.13101,0.13109,362.0,4642.0
2025-07-25T08:17:49.508068,huobi,0.13025,0.13103,353.3368,2398.1026
2025-07-25T08:17:49.564422,blofin,0.13089,0.13097,2842.0,2840.0
2025-07-25T08:17:49.609176,huobi,0.13026,0.13103,4057.695,2398.1026
2025-07-25T08:17:49.616149,bitget,0.13101,0.13109,362.0,1061.0
2025-07-25T08:17:49.768632,bitget,0.13101,0.13108,362.0,758.0
2025-07-25T08:17:49.915944,bitget,0.13101,0.13108,362.0,1223.0
2025-07-25T08:17:49.918634,bybit,0.0,0.13098,0.0,2149.0
2025-07-25T08:17:49.920344,gateio,0.13087,0.13098,29.0,1.0
2025-07-25T08:17:50.008599,mexc,0.13095,0.13096,840196.0,840196.0
2025-07-25T08:17:50.050508,blofin,0.13089,0.13094,2845.0,816.0
2025-07-25T08:17:50.070543,bitget,0.131,0.13108,362.0,1585.0
2025-07-25T08:17:50.118178,bybit,0.13091,0.13095,480.0,2079.0
2025-07-25T08:17:50.118511,huobi,0.1303,0.13103,3911.85,2398.1026
2025-07-25T08:17:50.158677,bingx,0.13097,0.13108,155.0,125.0
2025-07-25T08:17:50.159486,lbank,0.1309,0.131,7803.72,7952.26
2025-07-25T08:17:50.162471,gateio,0.13082,0.13098,152.0,22.0
2025-07-25T08:17:50.219400,bybit,0.13091,0.13093,763.0,450.0
2025-07-25T08:17:50.221109,bitget,0.131,0.13108,362.0,1585.0
2025-07-25T08:17:50.318566,bybit,0.1309,0.0,763.0,0.0
2025-07-25T08:17:50.373958,bitget,0.13094,0.13108,470.0,3692.0
2025-07-25T08:17:50.418077,bybit,0.13092,0.0,493.0,0.0
2025-07-25T08:17:50.454892,bingx,0.13096,0.13107,155.0,125.0
2025-07-25T08:17:50.518694,bitget,0.13095,0.13108,362.0,2347.0
2025-07-25T08:17:50.564482,blofin,0.13089,0.13094,3.0,816.0
2025-07-25T08:17:50.657069,lbank,0.1309,0.131,7803.72,7952.26
2025-07-25T08:17:50.666576,bitget,0.13095,0.13108,827.0,2347.0
2025-07-25T08:17:50.718222,bybit,0.13092,0.0,3724.0,0.0
2025-07-25T08:17:50.751867,bingx,0.13095,0.13105,155.0,125.0
2025-07-25T08:17:50.818306,bybit,0.0,0.13096,0.0,2529.0
2025-07-25T08:17:50.911090,huobi,0.1303,0.13103,3911.85,2398.1026
2025-07-25T08:17:50.918638,bybit,0.13095,0.0,466.0,0.0
2025-07-25T08:17:50.966541,bitget,0.13096,0.13108,465.0,2347.0
2025-07-25T08:17:51.051032,bingx,0.13094,0.13104,155.0,125.0
2025-07-25T08:17:51.051447,blofin,0.13086,0.13093,2842.0,819.0
2025-07-25T08:17:51.111213,huobi,0.13032,0.13103,4055.685,2398.1026
2025-07-25T08:17:51.118236,bybit,0.13092,0.13095,3231.0,2079.0
2025-07-25T08:17:51.119723,bitget,0.13097,0.13108,362.0,3692.0
2025-07-25T08:17:51.157087,lbank,0.1309,0.131,7803.72,7952.26
2025-07-25T08:17:51.211075,huobi,0.13034,0.13103,4017.7649,2398.1026
2025-07-25T08:17:51.218544,bybit,0.0,0.13095,0.0,2139.0
2025-07-25T08:17:51.270601,bitget,0.13097,0.13108,362.0,3692.0
2025-07-25T08:17:51.310443,huobi,0.13035,0.13103,77.8907,2398.1026
2025-07-25T08:17:51.318153,bybit,0.13094,0.13095,435.0,2079.0
2025-07-25T08:17:51.417665,bitget,0.13097,0.13108,362.0,3692.0
2025-07-25T08:17:51.555299,blofin,0.13086,0.13093,2842.0,819.0
2025-07-25T08:17:51.567744,bitget,0.13097,0.13108,362.0,3692.0
2025-07-25T08:17:51.609714,huobi,0.13021,0.13103,4120.9757,2398.1026
2025-07-25T08:17:51.658515,bingx,0.13095,0.13105,155.0,125.0
2025-07-25T08:17:51.718023,bitget,0.13097,0.13108,362.0,3692.0
2025-07-25T08:17:51.867275,bitget,0.13097,0.13108,362.0,3692.0
2025-07-25T08:17:51.950638,bingx,0.13094,0.13104,155.0,125.0
2025-07-25T08:17:52.076121,blofin,0.13086,0.13093,2842.0,819.0
2025-07-25T08:17:52.118253,bybit,0.0,0.0,0.0,0.0
2025-07-25T08:17:52.319635,bitget,0.13097,0.13108,362.0,3692.0
2025-07-25T08:17:52.394192,mexc,0.13095,0.13096,840196.0,840196.0
2025-07-25T08:17:52.409548,huobi,0.13021,0.13103,4120.9757,2398.1026
2025-07-25T08:17:52.556419,blofin,0.13086,0.13093,2.0,2843.0
2025-07-25T08:17:52.617743,bitget,0.13097,0.13108,362.0,3692.0
2025-07-25T08:17:52.767890,bitget,0.13097,0.13108,362.0,3692.0
2025-07-25T08:17:52.854919,bingx,0.13095,0.13105,155.0,125.0
2025-07-25T08:17:53.064450,blofin,0.13086,0.13093,2.0,2843.0
2025-07-25T08:17:53.114187,huobi,0.13021,0.13103,4120.9757,2398.1026
2025-07-25T08:17:53.155442,bingx,0.13094,0.13104,155.0,125.0
2025-07-25T08:17:53.318101,bybit,0.13094,0.0,450.0,0.0
2025-07-25T08:17:53.369239,bitget,0.13097,0.13108,362.0,3692.0
2025-07-25T08:17:53.519038,bitget,0.13097,0.13108,827.0,3692.0
2025-07-25T08:17:53.556258,blofin,0.13085,0.13093,1590.0,2843.0
2025-07-25T08:17:53.668006,bitget,0.13097,0.13108,827.0,3692.0
2025-07-25T08:17:53.818072,bitget,0.13097,0.13108,827.0,3692.0
2025-07-25T08:17:53.969085,bitget,0.13098,0.13108,465.0,2347.0
2025-07-25T08:17:54.037292,blofin,0.13085,0.13093,1590.0,2843.0
2025-07-25T08:17:54.058599,bingx,0.13095,0.13105,155.0,125.0
2025-07-25T08:17:54.269412,bitget,0.13098,0.13108,465.0,2347.0
2025-07-25T08:17:54.310008,huobi,0.13022,0.13103,22087.9478,2398.1026
2025-07-25T08:17:54.408957,huobi,0.13023,0.13103,3894.1649,2398.1026
2025-07-25T08:17:54.420810,bitget,0.13098,0.13108,465.0,2347.0
2025-07-25T08:17:54.544505,blofin,0.13088,0.13093,4295.0,2843.0
2025-07-25T08:17:54.569207,bitget,0.13098,0.13108,465.0,2347.0
2025-07-25T08:17:54.656265,lbank,0.1309,0.131,7803.72,7952.26
2025-07-25T08:17:54.719476,bitget,0.13098,0.13108,465.0,2347.0
2025-07-25T08:17:54.798367,mexc,0.13089,0.1309,840196.0,840196.0
2025-07-25T08:17:54.909287,huobi,0.13025,0.13103,3939.72,2398.1026
2025-07-25T08:17:54.963574,bingx,0.13095,0.13105,155.0,125.0
2025-07-25T08:17:55.060094,blofin,0.13088,0.13093,4295.0,2843.0
2025-07-25T08:17:55.157237,lbank,0.1309,0.131,7803.72,7952.26
2025-07-25T08:17:55.169322,bitget,0.13098,0.13108,465.0,2347.0
2025-07-25T08:17:55.209058,huobi,0.13025,0.13103,7386.5409,2398.1026
2025-07-25T08:17:55.217902,bybit,0.13094,0.0,460.0,0.0
2025-07-25T08:17:55.557669,blofin,0.13088,0.13093,105.0,3.0
2025-07-25T08:17:55.664185,lbank,0.1309,0.131,7803.72,7952.26
2025-07-25T08:17:55.860961,gateio,0.13088,0.13098,599.0,22.0
2025-07-25T08:17:55.866303,bingx,0.13095,0.13105,155.0,125.0
2025-07-25T08:17:55.909423,huobi,0.13027,0.13103,20132.5025,2398.1026
2025-07-25T08:17:56.008187,huobi,0.13028,0.13103,4080.03,2398.1026
2025-07-25T08:17:56.063955,blofin,0.13088,0.13093,105.0,3.0
2025-07-25T08:17:56.070595,bitget,0.13097,0.13108,362.0,3522.0
2025-07-25T08:17:56.108426,huobi,0.13028,0.13091,4080.03,170.0
2025-07-25T08:17:56.219665,bitget,0.13097,0.13108,362.0,3522.0
2025-07-25T08:17:56.317878,bybit,0.0,0.13095,0.0,2139.0
2025-07-25T08:17:56.419125,bybit,0.0,0.13095,0.0,2079.0
2025-07-25T08:17:56.508056,huobi,0.13028,0.13091,9288.0072,170.0
2025-07-25T08:17:56.517990,bybit,0.13094,0.0,474.0,0.0
2025-07-25T08:17:56.551428,blofin,0.13088,0.13093,110.0,943.0
2025-07-25T08:17:56.673538,bitget,0.13097,0.13108,362.0,3522.0
2025-07-25T08:17:56.719125,bybit,0.13096,0.13098,408.0,70.0
2025-07-25T08:17:56.726154,gateio,0.13082,0.13098,152.0,22.0
2025-07-25T08:17:56.770716,bingx,0.13095,0.13105,155.0,125.0
2025-07-25T08:17:56.818370,bybit,0.0,0.13098,0.0,10.0
2025-07-25T08:17:56.824860,bitget,0.13097,0.13108,823.0,2347.0
2025-07-25T08:17:56.911084,huobi,0.13029,0.13091,3889.0199,170.0
2025-07-25T08:17:56.971365,bitget,0.13098,0.13108,461.0,2347.0
2025-07-25T08:17:57.053353,blofin,0.13088,0.13093,110.0,943.0
2025-07-25T08:17:57.120319,bitget,0.13099,0.13108,362.0,2347.0
2025-07-25T08:17:57.157140,lbank,0.1309,0.131,7803.72,7952.26
2025-07-25T08:17:57.176389,mexc,0.13089,0.1309,840196.0,840196.0
2025-07-25T08:17:57.420475,bitget,0.13099,0.13107,362.0,461.0
2025-07-25T08:17:57.511126,huobi,0.13031,0.13091,3923.745,170.0
2025-07-25T08:17:57.518117,bybit,0.13094,0.13097,39.0,2108.0
2025-07-25T08:17:57.553079,blofin,0.13088,0.13094,110.0,2714.0
2025-07-25T08:17:57.570540,bitget,0.13099,0.13107,362.0,1223.0
2025-07-25T08:17:57.626890,bybit,0.0,0.13096,0.0,2678.0
2025-07-25T08:17:57.659599,lbank,0.1309,0.131,7803.72,7952.26
2025-07-25T08:17:57.670107,bingx,0.13095,0.13105,155.0,125.0
2025-07-25T08:17:57.720633,bitget,0.13097,0.13106,362.0,994.0
2025-07-25T08:17:57.870750,bitget,0.13097,0.13105,362.0,461.0
2025-07-25T08:17:58.022960,bitget,0.13097,0.13104,362.0,461.0
2025-07-25T08:17:58.063362,blofin,0.13088,0.13093,4987.0,816.0
2025-07-25T08:17:58.119359,bybit,0.0,0.13095,0.0,2228.0
2025-07-25T08:17:58.320234,bybit,0.0,0.13095,0.0,2168.0
2025-07-25T08:17:58.321625,bitget,0.13097,0.13104,362.0,823.0
2025-07-25T08:17:58.412688,huobi,0.13033,0.13091,3812.4,170.0
2025-07-25T08:17:58.473013,bitget,0.13097,0.13103,362.0,461.0
2025-07-25T08:17:58.527093,bybit,0.0,0.13095,0.0,2228.0
2025-07-25T08:17:58.574133,bingx,0.13092,0.13105,115.0,125.0
2025-07-25T08:17:58.575595,blofin,0.13088,0.13093,110.0,2709.0
2025-07-25T08:17:58.615349,huobi,0.13034,0.13091,77.8907,170.0
2025-07-25T08:17:58.619110,bybit,0.13092,0.13093,3231.0,1060.0
2025-07-25T08:17:58.622534,bitget,0.13093,0.13103,362.0,461.0
2025-07-25T08:17:58.718645,bybit,0.0,0.13093,0.0,1000.0
2025-07-25T08:17:58.775665,bitget,0.13093,0.13102,823.0,362.0
2025-07-25T08:17:58.862424,gateio,0.13088,0.13098,465.0,22.0
2025-07-25T08:17:58.878099,gateio,0.13082,0.13098,152.0,72.0
2025-07-25T08:17:58.922186,bitget,0.13093,0.13101,823.0,461.0
2025-07-25T08:17:59.078114,bitget,0.13094,0.13101,461.0,461.0
2025-07-25T08:17:59.089173,blofin,0.13088,0.13093,110.0,2712.0
2025-07-25T08:17:59.118671,bybit,0.0,0.13093,0.0,1060.0
2025-07-25T08:17:59.218133,bybit,0.13092,0.13093,3291.0,450.0
2025-07-25T08:17:59.242402,gateio,0.13077,0.13098,304.0,72.0
2025-07-25T08:17:59.285042,gateio,0.13081,0.13098,152.0,301.0
2025-07-25T08:17:59.308002,gateio,0.13084,0.13098,184.0,301.0
2025-07-25T08:17:59.321526,bybit,0.13092,0.13093,3231.0,2558.0
2025-07-25T08:17:59.348894,gateio,0.13083,0.13098,692.0,301.0
2025-07-25T08:17:59.372224,bitget,0.13094,0.13101,461.0,823.0
2025-07-25T08:17:59.478772,bingx,0.13092,0.13105,115.0,125.0
2025-07-25T08:17:59.518377,bybit,0.13092,0.0,3641.0,0.0
2025-07-25T08:17:59.527279,bitget,0.13094,0.131,461.0,461.0
2025-07-25T08:17:59.528570,mexc,0.13091,0.13092,840196.0,840196.0
2025-07-25T08:17:59.553561,blofin,0.1309,0.13093,105.0,2711.0
2025-07-25T08:17:59.612064,huobi,0.13032,0.13091,3986.97,170.0
2025-07-25T08:17:59.711661,huobi,0.13033,0.13091,77.8907,170.0
2025-07-25T08:17:59.781393,bingx,0.1309,0.13103,115.0,125.0
2025-07-25T08:18:00.065377,blofin,0.1309,0.13093,105.0,2711.0
2025-07-25T08:18:00.131558,huobi,0.13033,0.13091,77.8907,170.0
2025-07-25T08:18:00.211271,huobi,0.13033,0.13093,77.8907,170.0
2025-07-25T08:18:00.310287,gateio,0.13083,0.13098,692.0,72.0
2025-07-25T08:18:00.321907,bybit,0.13094,0.13096,437.0,510.0
2025-07-25T08:18:00.431559,bitget,0.13094,0.13101,461.0,362.0
2025-07-25T08:18:00.511536,huobi,0.13021,0.13093,3796.0157,170.0
2025-07-25T08:18:00.517915,bybit,0.0,0.13096,0.0,450.0
2025-07-25T08:18:00.574368,bitget,0.13094,0.13102,461.0,362.0
2025-07-25T08:18:00.604962,blofin,0.13088,0.13091,110.0,2709.0
2025-07-25T08:18:00.684842,bingx,0.1309,0.13103,115.0,125.0
2025-07-25T08:18:00.721934,huobi,0.13021,0.13093,3796.0157,170.0
2025-07-25T08:18:00.731450,bitget,0.13094,0.13102,1571.0,362.0
2025-07-25T08:18:00.873169,bitget,0.13095,0.13102,823.0,362.0
2025-07-25T08:18:00.918174,bybit,0.13096,0.13098,424.0,70.0
2025-07-25T08:18:00.984959,bingx,0.13091,0.13104,115.0,125.0
2025-07-25T08:18:01.017808,bybit,0.13092,0.13098,3291.0,2118.0
2025-07-25T08:18:01.027013,bitget,0.13096,0.13103,461.0,461.0
2025-07-25T08:18:01.092532,blofin,0.13089,0.13091,78.0,4.0
2025-07-25T08:18:01.118456,bybit,0.13092,0.0,3801.0,0.0
2025-07-25T08:18:01.158815,gateio,0.13081,0.13098,152.0,72.0
2025-07-25T08:18:01.173576,bitget,0.13096,0.13104,461.0,362.0
2025-07-25T08:18:01.183592,gateio,0.13085,0.13098,237.0,72.0
2025-07-25T08:18:01.218416,bybit,0.13094,0.0,412.0,0.0
2025-07-25T08:18:01.318130,bybit,0.0,0.13098,0.0,2178.0
2025-07-25T08:18:01.325098,bitget,0.13097,0.13104,362.0,823.0
2025-07-25T08:18:01.474305,bitget,0.13098,0.13104,461.0,461.0
2025-07-25T08:18:01.553299,blofin,0.1309,0.13092,596.0,4.0
2025-07-25T08:18:01.588753,bingx,0.13094,0.13107,115.0,125.0
2025-07-25T08:18:01.718394,bybit,0.13096,0.13098,462.0,2118.0
2025-07-25T08:18:01.870630,gateio,0.13092,0.13098,559.0,72.0
2025-07-25T08:18:01.921397,mexc,0.13091,0.13092,840196.0,840196.0
2025-07-25T08:18:01.923249,bybit,0.13096,0.0,912.0,0.0
2025-07-25T08:18:01.923514,gateio,0.13085,0.13098,237.0,72.0
2025-07-25T08:18:01.926212,bitget,0.13098,0.13104,461.0,461.0
2025-07-25T08:18:02.002069,gateio,0.13085,0.13098,266.0,51.0
2025-07-25T08:18:02.076012,bitget,0.13098,0.13106,461.0,1632.0
2025-07-25T08:18:02.085499,blofin,0.1309,0.13092,596.0,4.0
2025-07-25T08:18:02.112771,huobi,0.13021,0.13093,77.8907,170.0
2025-07-25T08:18:02.118139,bybit,0.13096,0.0,462.0,0.0
2025-07-25T08:18:02.229495,bitget,0.13099,0.13105,461.0,461.0
2025-07-25T08:18:02.500582,bingx,0.13094,0.13107,115.0,125.0
2025-07-25T08:18:02.565385,blofin,0.1309,0.13092,596.0,4.0
2025-07-25T08:18:02.734238,gateio,0.13085,0.13098,266.0,1.0
2025-07-25T08:18:03.095271,blofin,0.1309,0.13092,3305.0,4.0
2025-07-25T08:18:03.166174,lbank,0.1309,0.131,7803.72,7952.26
2025-07-25T08:18:03.394061,bingx,0.13094,0.13107,115.0,125.0
2025-07-25T08:18:03.464219,gateio,0.13087,0.13098,152.0,1.0
2025-07-25T08:18:03.568591,blofin,0.1309,0.13092,3305.0,4.0
2025-07-25T08:18:03.574190,bitget,0.13099,0.13105,461.0,461.0
2025-07-25T08:18:03.610917,huobi,0.13022,0.13093,3796.3949,170.0
2025-07-25T08:18:03.654393,gateio,0.13087,0.13098,360.0,1.0
2025-07-25T08:18:03.656720,lbank,0.1309,0.131,7803.72,7952.26
2025-07-25T08:18:03.709446,huobi,0.13022,0.13093,3796.3949,170.0
2025-07-25T08:18:03.832935,gateio,0.13087,0.13098,152.0,1.0
2025-07-25T08:18:03.876212,bitget,0.13099,0.13105,461.0,461.0
2025-07-25T08:18:04.018304,bybit,0.0,0.0,0.0,0.0
2025-07-25T08:18:04.024918,gateio,0.13086,0.13098,692.0,1.0
2025-07-25T08:18:04.072388,gateio,0.13087,0.13098,208.0,1.0
2025-07-25T08:18:04.102039,blofin,0.1309,0.13092,3302.0,4.0
2025-07-25T08:18:04.111072,huobi,0.13023,0.13093,18642.0025,170.0
2025-07-25T08:18:04.156392,lbank,0.1309,0.131,7803.72,7952.26
2025-07-25T08:18:04.210369,huobi,0.13024,0.13091,3781.185,170.0
2025-07-25T08:18:04.302313,bingx,0.13094,0.13107,115.0,125.0
2025-07-25T08:18:04.373161,mexc,0.13091,0.13092,840196.0,840196.0
2025-07-25T08:18:04.573381,blofin,0.1309,0.13092,3302.0,4.0
2025-07-25T08:18:04.774741,bitget,0.13099,0.13105,461.0,461.0
2025-07-25T08:18:04.810514,huobi,0.13026,0.13091,3781.185,170.0
2025-07-25T08:18:04.862384,gateio,0.13091,0.13098,452.0,1.0
2025-07-25T08:18:04.914410,gateio,0.13087,0.13098,208.0,1.0
2025-07-25T08:18:05.056195,blofin,0.1309,0.13092,3302.0,4.0
2025-07-25T08:18:05.100608,gateio,0.13086,0.13098,692.0,1.0
2025-07-25T08:18:05.198408,bingx,0.13094,0.13107,115.0,125.0
2025-07-25T08:18:05.581391,blofin,0.1309,0.13092,3302.0,1.0
2025-07-25T08:18:05.608867,huobi,0.13026,0.13093,3781.185,170.0
2025-07-25T08:18:05.656804,lbank,0.1309,0.131,7803.72,7952.26
2025-07-25T08:18:06.010421,huobi,0.13028,0.13093,3783.945,170.0
2025-07-25T08:18:06.081025,blofin,0.1309,0.13092,3302.0,1.0
2025-07-25T08:18:06.105546,bingx,0.13094,0.13107,115.0,125.0
2025-07-25T08:18:06.213776,huobi,0.1303,0.13093,3753.06,170.0
2025-07-25T08:18:06.403143,bingx,0.13094,0.13107,115.0,125.0
2025-07-25T08:18:06.434479,bitget,0.13099,0.13106,461.0,1632.0
2025-07-25T08:18:06.517654,bybit,0.13096,0.13098,522.0,10.0
2025-07-25T08:18:06.571568,blofin,0.1309,0.13092,3306.0,1.0
2025-07-25T08:18:06.718186,bybit,0.13096,0.0,462.0,0.0
2025-07-25T08:18:06.740993,mexc,0.13092,0.13093,840196.0,840196.0
2025-07-25T08:18:06.964335,gateio,0.13087,0.13098,208.0,1.0
2025-07-25T08:18:07.010558,huobi,0.13031,0.13093,77.8907,170.0
2025-07-25T08:18:07.028147,bitget,0.13099,0.13107,461.0,461.0
2025-07-25T08:18:07.061940,blofin,0.1309,0.13092,3306.0,1.0
2025-07-25T08:18:07.115064,huobi,0.13032,0.13093,3753.06,170.0
2025-07-25T08:18:07.178596,bitget,0.13099,0.13107,823.0,461.0
2025-07-25T08:18:07.306253,bingx,0.13094,0.13107,115.0,125.0
2025-07-25T08:18:07.311180,huobi,0.13034,0.13093,3764.505,170.0
2025-07-25T08:18:07.318383,bybit,0.13096,0.0,522.0,0.0
2025-07-25T08:18:07.327957,bitget,0.131,0.13107,452.0,461.0
2025-07-25T08:18:07.418587,bybit,0.13096,0.0,462.0,0.0
2025-07-25T08:18:07.518408,bybit,0.13096,0.0,472.0,0.0
2025-07-25T08:18:07.556335,blofin,0.1309,0.13092,3306.0,1.0
2025-07-25T08:18:07.918065,bingx,0.13096,0.13107,218.0,125.0
2025-07-25T08:18:08.085735,blofin,0.1309,0.13092,3306.0,1.0
2025-07-25T08:18:08.085769,gateio,0.13086,0.13098,692.0,1.0
2025-07-25T08:18:08.158082,lbank,0.1309,0.131,7803.72,7952.26
2025-07-25T08:18:08.211065,huobi,0.13022,0.13093,3857.6057,170.0
2025-07-25T08:18:08.363058,gateio,0.13087,0.13098,208.0,1.0
2025-07-25T08:18:08.378539,bitget,0.131,0.13107,814.0,461.0
2025-07-25T08:18:08.531426,bitget,0.13101,0.13107,452.0,461.0
2025-07-25T08:18:08.564511,blofin,0.1309,0.13092,3306.0,1.0
2025-07-25T08:18:08.810431,bingx,0.13096,0.13107,218.0,125.0
2025-07-25T08:18:08.918216,bybit,0.0,0.13098,0.0,2138.0
2025-07-25T08:18:08.924911,huobi,0.13033,0.13093,275.277,170.0
2025-07-25T08:18:08.978251,bitget,0.131,0.13107,362.0,461.0
2025-07-25T08:18:09.011486,huobi,0.13034,0.13093,3846.1606,170.0
2025-07-25T08:18:09.081263,blofin,0.1309,0.13092,3306.0,1.0
2025-07-25T08:18:09.114683,huobi,0.13036,0.13093,3768.2699,170.0
2025-07-25T08:18:09.130450,mexc,0.13092,0.13093,840196.0,840196.0
2025-07-25T08:18:09.217887,bybit,0.0,0.13097,0.0,2128.0
2025-07-25T08:18:09.317811,bybit,0.13096,0.0,10.0,0.0
2025-07-25T08:18:09.446374,bitget,0.131,0.13107,362.0,2093.0
2025-07-25T08:18:09.520339,bybit,0.13096,0.0,534.0,0.0
2025-07-25T08:18:09.560460,blofin,0.1309,0.13092,3306.0,1.0
2025-07-25T08:18:09.577982,bitget,0.131,0.13106,362.0,452.0
2025-07-25T08:18:09.612837,huobi,0.13036,0.13093,19760.0,170.0
2025-07-25T08:18:09.658191,lbank,0.1309,0.131,7803.72,7952.26
2025-07-25T08:18:09.712757,bingx,0.13096,0.13107,218.0,125.0
2025-07-25T08:18:09.728916,bitget,0.131,0.13106,362.0,452.0
2025-07-25T08:18:10.019321,bybit,0.13096,0.0,91.0,0.0
2025-07-25T08:18:10.034998,bitget,0.131,0.13106,362.0,452.0
2025-07-25T08:18:10.072601,blofin,0.1309,0.13092,3306.0,1.0
2025-07-25T08:18:10.211335,huobi,0.13037,0.13093,77.8907,170.0
2025-07-25T08:18:10.218091,bybit,0.13096,0.0,671.0,0.0
2025-07-25T08:18:10.510908,huobi,0.13037,0.13093,353.0833,170.0
2025-07-25T08:18:10.578026,blofin,0.1309,0.13092,597.0,1.0
2025-07-25T08:18:10.642546,bingx,0.13095,0.13105,218.0,125.0
2025-07-25T08:18:10.658097,lbank,0.1309,0.131,7803.72,7952.26
2025-07-25T08:18:10.779407,bitget,0.131,0.13106,362.0,452.0
2025-07-25T08:18:10.818769,bybit,0.13096,0.0,209.0,0.0
2025-07-25T08:18:10.929623,bitget,0.13099,0.13106,362.0,452.0
2025-07-25T08:18:11.017049,gateio,0.13086,0.13098,692.0,1.0
2025-07-25T08:18:11.058366,blofin,0.1309,0.13092,597.0,1.0
2025-07-25T08:18:11.081492,bitget,0.13099,0.13106,362.0,814.0
2025-07-25T08:18:11.218191,bybit,0.13092,0.13095,3231.0,2128.0
2025-07-25T08:18:11.230079,bitget,0.13096,0.13105,461.0,452.0
2025-07-25T08:18:11.318481,bybit,0.0,0.13094,0.0,2578.0
2025-07-25T08:18:11.378874,bitget,0.13096,0.13104,362.0,452.0
2025-07-25T08:18:11.426844,bybit,0.13093,0.0,420.0,0.0
2025-07-25T08:18:11.521921,mexc,0.13092,0.13093,840196.0,840196.0
2025-07-25T08:18:11.530993,bitget,0.13096,0.13104,362.0,814.0
2025-07-25T08:18:11.538982,bingx,0.13095,0.13105,218.0,125.0
2025-07-25T08:18:11.556220,blofin,0.1309,0.13092,594.0,1.0
2025-07-25T08:18:11.680817,bitget,0.13096,0.13103,362.0,452.0
2025-07-25T08:18:11.847442,huobi,0.13026,0.13093,3849.585,170.0
2025-07-25T08:18:11.987932,bitget,0.13096,0.13103,362.0,452.0
2025-07-25T08:18:12.063032,blofin,0.1309,0.13092,594.0,1.0
2025-07-25T08:18:12.109294,huobi,0.13039,0.13093,77.8907,170.0
2025-07-25T08:18:12.219986,bybit,0.0,0.0,0.0,0.0
2025-07-25T08:18:12.279944,bitget,0.13096,0.13103,814.0,452.0
2025-07-25T08:18:12.442245,bingx,0.13095,0.13105,218.0,125.0
2025-07-25T08:18:12.518045,bybit,0.13093,0.0,430.0,0.0
2025-07-25T08:18:12.555769,blofin,0.1309,0.13092,594.0,1.0
2025-07-25T08:18:13.011926,huobi,0.13039,0.13093,77.8907,170.0
2025-07-25T08:18:13.030081,bitget,0.13096,0.13103,362.0,452.0
2025-07-25T08:18:13.068043,blofin,0.1309,0.13092,594.0,1.0
2025-07-25T08:18:13.121218,bybit,0.0,0.0,0.0,0.0
2025-07-25T08:18:13.310826,huobi,0.13025,0.13093,3834.15,170.0
2025-07-25T08:18:13.343031,bingx,0.13095,0.13105,218.0,125.0
2025-07-25T08:18:13.418189,bybit,0.13093,0.0,10.0,0.0
2025-07-25T08:18:13.480337,bitget,0.13096,0.13103,362.0,452.0
2025-07-25T08:18:13.563876,blofin,0.1309,0.13092,594.0,1.0
2025-07-25T08:18:13.581288,gateio,0.13086,0.13098,692.0,76.0
2025-07-25T08:18:13.618869,bybit,0.0,0.13094,0.0,2638.0
2025-07-25T08:18:13.625735,gateio,0.13077,0.13098,304.0,76.0
2025-07-25T08:18:13.635573,gateio,0.13078,0.13098,692.0,76.0
2025-07-25T08:18:13.656138,gateio,0.13082,0.13098,152.0,76.0
2025-07-25T08:18:13.719071,bybit,0.13094,0.13097,406.0,2638.0
2025-07-25T08:18:13.748064,gateio,0.13082,0.13098,152.0,1.0
2025-07-25T08:18:13.782440,bitget,0.13096,0.13103,362.0,1654.0
2025-07-25T08:18:13.820613,bybit,0.0,0.13097,0.0,2698.0
2025-07-25T08:18:13.913236,huobi,0.13025,0.13093,3834.15,170.0
2025-07-25T08:18:13.918268,bybit,0.13096,0.13097,471.0,2578.0
2025-07-25T08:18:13.919334,mexc,0.13092,0.13093,840196.0,840196.0
2025-07-25T08:18:13.937614,bitget,0.13097,0.13102,452.0,452.0
2025-07-25T08:18:13.951033,bingx,0.13094,0.13104,218.0,125.0
2025-07-25T08:18:14.060355,blofin,0.13088,0.1309,105.0,562.0
2025-07-25T08:18:14.082748,bitget,0.13097,0.13104,452.0,362.0
2025-07-25T08:18:14.156499,lbank,0.1309,0.131,7803.72,7952.26
2025-07-25T08:18:14.234696,bitget,0.13097,0.13104,452.0,814.0
2025-07-25T08:18:14.255493,bingx,0.13095,0.13105,218.0,125.0
2025-07-25T08:18:14.383413,bitget,0.13097,0.13103,814.0,452.0
2025-07-25T08:18:14.419291,bybit,0.0,0.13097,0.0,2128.0
2025-07-25T08:18:14.450233,gateio,0.13082,0.13098,360.0,1.0
2025-07-25T08:18:14.465002,gateio,0.13088,0.13098,152.0,1.0
2025-07-25T08:18:14.482323,gateio,0.13088,0.13098,29.0,1.0
2025-07-25T08:18:14.512209,huobi,0.13022,0.13093,3765.06,170.0
2025-07-25T08:18:14.518615,bybit,0.13096,0.13098,591.0,10.0
2025-07-25T08:18:14.533717,bitget,0.13098,0.13103,452.0,452.0
2025-07-25T08:18:14.549694,bingx,0.13096,0.13107,218.0,125.0
2025-07-25T08:18:14.568858,blofin,0.13089,0.13092,2820.0,1.0
2025-07-25T08:18:14.613776,huobi,0.13027,0.13093,21904.5025,170.0
2025-07-25T08:18:14.618084,bybit,0.0,0.0,0.0,0.0
2025-07-25T08:18:14.656183,lbank,0.1309,0.131,7803.72,7952.26
2025-07-25T08:18:14.682214,bitget,0.13103,0.13107,452.0,452.0
2025-07-25T08:18:14.851088,bingx,0.13095,0.13105,218.0,125.0
2025-07-25T08:18:14.864074,bitget,0.13103,0.13105,452.0,450.0
2025-07-25T08:18:14.918719,bybit,0.0,0.0,0.0,0.0
2025-07-25T08:18:14.982761,bitget,0.13103,0.13107,452.0,452.0
2025-07-25T08:18:15.073759,blofin,0.13089,0.13092,2820.0,1.0
2025-07-25T08:18:15.135970,bitget,0.13103,0.13107,452.0,452.0
2025-07-25T08:18:15.149659,bingx,0.13098,0.13105,218.0,125.0
2025-07-25T08:18:15.283421,bitget,0.13103,0.13107,452.0,452.0
2025-07-25T08:18:15.318185,bybit,0.13096,0.0,531.0,0.0
2025-07-25T08:18:15.438598,bitget,0.13103,0.13107,452.0,452.0
2025-07-25T08:18:15.456777,bingx,0.131,0.13108,218.0,125.0
2025-07-25T08:18:15.541269,blofin,0.13089,0.13092,3277.0,1.0
2025-07-25T08:18:15.657687,lbank,0.1309,0.131,7803.72,7952.26
2025-07-25T08:18:15.709717,huobi,0.13027,0.13093,21904.5025,170.0
2025-07-25T08:18:15.815043,huobi,0.13028,0.13093,77.8907,170.0
2025-07-25T08:18:15.821344,bybit,0.13096,0.13098,471.0,460.0
