timestamp,exchange,bid,ask,bid_vol,ask_vol
2025-07-25T08:16:26.144651,bybit,0.8763,0.8764,1603.0,10.0
2025-07-25T08:16:26.144670,bybit,0.8763,0.0,1176.0,0.0
2025-07-25T08:16:26.144687,bybit,0.8763,0.0,1377.0,0.0
2025-07-25T08:16:26.144704,bybit,0.8763,0.0,1545.0,0.0
2025-07-25T08:16:26.144719,bybit,0.8763,0.0,1587.0,0.0
2025-07-25T08:16:26.320648,bybit,0.8763,0.0,1553.0,0.0
2025-07-25T08:16:26.671367,bybit,0.8763,0.0,1587.0,0.0
2025-07-25T08:16:26.681664,bitget,0.877,0.8773,101.0,101.0
2025-07-25T08:16:27.029443,bitget,0.877,0.8773,101.0,101.0
2025-07-25T08:16:27.071704,bybit,0.0,0.0,0.0,0.0
2025-07-25T08:16:27.320625,bingx,0.876,0.877,1165.389,218.959
2025-07-25T08:16:27.471195,bybit,0.8763,0.0,1496.0,0.0
2025-07-25T08:16:27.629189,bitget,0.877,0.8773,101.0,101.0
2025-07-25T08:16:27.681944,bingx,0.876,0.878,1165.389,218.959
2025-07-25T08:16:27.764036,bitmart,0.87514,0.87721,35877.0,797.0
2025-07-25T08:16:27.931313,bitget,0.877,0.8773,101.0,101.0
2025-07-25T08:16:27.985559,bingx,0.876,0.878,1165.519,210.128
2025-07-25T08:16:28.014270,lbank,0.8758,0.8767,40.21,49.61
2025-07-25T08:16:28.014586,lbank,0.8757,0.8766,30.92,49.61
2025-07-25T08:16:28.176120,lbank,0.8757,0.8766,30.92,49.61
2025-07-25T08:16:28.571477,bybit,0.8759,0.876,1377.0,124.0
2025-07-25T08:16:28.572716,gateio,0.8756,0.8767,464.0,231.0
2025-07-25T08:16:28.594702,blofin,0.8756,0.8758,1591.0,11.0
2025-07-25T08:16:28.596619,blofin,0.8756,0.8758,1591.0,11.0
2025-07-25T08:16:28.597046,blofin,0.8756,0.8758,1499.0,14.0
2025-07-25T08:16:28.671122,bybit,0.8759,0.0,121.0,0.0
2025-07-25T08:16:28.676691,lbank,0.8757,0.8766,30.92,49.61
2025-07-25T08:16:28.679660,bitget,0.8765,0.877,191.0,101.0
2025-07-25T08:16:28.761150,bitmart,0.87514,0.87721,35877.0,797.0
2025-07-25T08:16:28.771508,bybit,0.8759,0.0,63.0,0.0
2025-07-25T08:16:28.830093,bitget,0.8766,0.877,101.0,155.0
2025-07-25T08:16:28.871310,bybit,0.8758,0.0,657.0,0.0
2025-07-25T08:16:28.881709,bingx,0.876,0.877,1165.389,218.959
2025-07-25T08:16:28.963560,mexc,0.8759,0.876,529756.0,529756.0
2025-07-25T08:16:28.971806,bybit,0.8758,0.0,784.0,0.0
2025-07-25T08:16:28.985035,bitget,0.8766,0.877,101.0,155.0
2025-07-25T08:16:29.071920,bybit,0.8759,0.8761,739.0,60.0
2025-07-25T08:16:29.077634,blofin,0.8752,0.8754,2.0,124.0
2025-07-25T08:16:29.135946,bitget,0.8766,0.877,101.0,155.0
2025-07-25T08:16:29.172132,bybit,0.8759,0.8762,1000.0,60.0
2025-07-25T08:16:29.178579,lbank,0.8757,0.8766,30.92,49.61
2025-07-25T08:16:29.184686,bingx,0.876,0.877,1165.389,218.959
2025-07-25T08:16:29.271395,bybit,0.8759,0.0,1096.0,0.0
2025-07-25T08:16:29.281240,bitget,0.8766,0.877,101.0,101.0
2025-07-25T08:16:29.371632,bybit,0.876,0.0,352.0,0.0
2025-07-25T08:16:29.430836,bitget,0.8766,0.877,101.0,101.0
2025-07-25T08:16:29.471622,bybit,0.876,0.0,939.0,0.0
2025-07-25T08:16:29.548915,blofin,0.8752,0.8755,790.0,124.0
2025-07-25T08:16:29.583624,bitget,0.8766,0.877,101.0,101.0
2025-07-25T08:16:29.671696,bybit,0.876,0.0,739.0,0.0
2025-07-25T08:16:29.787529,bitmart,0.87484,0.87721,61065.0,797.0
2025-07-25T08:16:29.815800,lbank,0.8757,0.8766,30.92,49.61
2025-07-25T08:16:29.871977,bybit,0.8761,0.8763,939.0,69.0
2025-07-25T08:16:29.971311,bybit,0.8761,0.8763,966.0,60.0
2025-07-25T08:16:30.037476,bitget,0.8766,0.877,101.0,101.0
2025-07-25T08:16:30.053930,blofin,0.8753,0.8756,1096.0,60.0
2025-07-25T08:16:30.071184,bybit,0.0,0.0,0.0,0.0
2025-07-25T08:16:30.087036,bingx,0.876,0.877,1165.389,218.959
2025-07-25T08:16:30.171329,bybit,0.8761,0.0,1058.0,0.0
2025-07-25T08:16:30.180478,lbank,0.8757,0.8766,30.92,49.61
2025-07-25T08:16:30.183410,bitget,0.8766,0.877,101.0,101.0
2025-07-25T08:16:30.271472,bybit,0.8761,0.0,1250.0,0.0
2025-07-25T08:16:30.389295,gateio,0.8756,0.8773,464.0,231.0
2025-07-25T08:16:30.430748,gateio,0.8756,0.8769,807.0,231.0
2025-07-25T08:16:30.444656,gateio,0.8756,0.8769,1150.0,231.0
2025-07-25T08:16:30.471849,bybit,0.8763,0.8764,152.0,19.0
2025-07-25T08:16:30.481913,bitget,0.8766,0.8774,101.0,113.0
2025-07-25T08:16:30.492675,gateio,0.8757,0.8769,1.0,231.0
2025-07-25T08:16:30.528808,blofin,0.8754,0.8757,939.0,69.0
2025-07-25T08:16:30.542637,gateio,0.8758,0.8769,464.0,231.0
2025-07-25T08:16:30.571927,bybit,0.8763,0.8764,1075.0,10.0
2025-07-25T08:16:30.631677,bitget,0.8766,0.8773,429.0,101.0
2025-07-25T08:16:30.671231,bybit,0.8763,0.0,876.0,0.0
2025-07-25T08:16:30.675702,lbank,0.8755,0.8764,1330.08,49.9
2025-07-25T08:16:30.687827,gateio,0.8758,0.8769,464.0,234.0
2025-07-25T08:16:30.770216,bitmart,0.87484,0.87721,61065.0,797.0
2025-07-25T08:16:30.771993,bybit,0.8763,0.8766,874.0,66.0
2025-07-25T08:16:30.782001,bitget,0.8766,0.8773,193.0,101.0
2025-07-25T08:16:30.931163,bitget,0.8766,0.8773,429.0,101.0
2025-07-25T08:16:30.990252,bingx,0.876,0.877,1165.389,218.959
2025-07-25T08:16:31.056598,blofin,0.8756,0.8758,152.0,23.0
2025-07-25T08:16:31.081762,bitget,0.8766,0.8773,429.0,101.0
2025-07-25T08:16:31.175971,lbank,0.8759,0.8764,84.93,49.9
2025-07-25T08:16:31.363132,mexc,0.8764,0.8765,529756.0,529756.0
2025-07-25T08:16:31.542209,blofin,0.8756,0.8758,879.0,4.0
2025-07-25T08:16:31.684101,lbank,0.8759,0.8764,84.93,49.9
2025-07-25T08:16:31.763234,bitmart,0.87485,0.87721,797.0,797.0
2025-07-25T08:16:31.833267,bitget,0.8766,0.8773,429.0,101.0
2025-07-25T08:16:31.871116,bybit,0.8763,0.8765,269.0,273.0
2025-07-25T08:16:31.887544,bingx,0.876,0.877,1165.389,218.959
2025-07-25T08:16:31.971519,bybit,0.8763,0.8765,47.0,912.0
2025-07-25T08:16:31.984465,bitget,0.8766,0.8773,429.0,101.0
2025-07-25T08:16:32.071633,bybit,0.0,0.8765,0.0,878.0
2025-07-25T08:16:32.072600,blofin,0.8756,0.8758,879.0,4.0
2025-07-25T08:16:32.132089,bitget,0.8766,0.8773,193.0,155.0
2025-07-25T08:16:32.171953,bybit,0.0,0.0,0.0,0.0
2025-07-25T08:16:32.179759,lbank,0.8759,0.8764,84.93,49.9
2025-07-25T08:16:32.284320,bitget,0.8766,0.8772,193.0,113.0
2025-07-25T08:16:32.327511,gateio,0.8758,0.8769,807.0,234.0
2025-07-25T08:16:32.371926,bybit,0.0,0.8765,0.0,912.0
2025-07-25T08:16:32.432634,bitget,0.8766,0.8771,101.0,101.0
2025-07-25T08:16:32.472194,bybit,0.0,0.8764,0.0,605.0
2025-07-25T08:16:32.545821,blofin,0.8756,0.8758,274.0,4.0
2025-07-25T08:16:32.571704,bybit,0.0,0.8764,0.0,628.0
2025-07-25T08:16:32.584938,bitget,0.8766,0.8771,101.0,101.0
2025-07-25T08:16:32.647165,gateio,0.8759,0.8769,1.0,234.0
2025-07-25T08:16:32.671708,bybit,0.8762,0.8763,9.0,881.0
2025-07-25T08:16:32.724648,lbank,0.8762,0.8764,511.14,49.9
2025-07-25T08:16:32.752873,gateio,0.8754,0.8769,232.0,234.0
2025-07-25T08:16:32.769430,bitmart,0.87485,0.87721,797.0,797.0
2025-07-25T08:16:32.771327,bybit,0.0,0.0,0.0,0.0
2025-07-25T08:16:32.793148,bingx,0.876,0.877,1165.389,218.959
2025-07-25T08:16:32.971331,bybit,0.876,0.8761,161.0,124.0
2025-07-25T08:16:33.025379,gateio,0.8755,0.8769,464.0,234.0
2025-07-25T08:16:33.062626,blofin,0.8756,0.8758,52.0,916.0
2025-07-25T08:16:33.071630,bybit,0.876,0.0,9.0,0.0
2025-07-25T08:16:33.182509,lbank,0.8759,0.8764,84.93,49.9
2025-07-25T08:16:33.184634,bitget,0.8766,0.8771,101.0,101.0
2025-07-25T08:16:33.338073,bitget,0.8766,0.8771,101.0,101.0
2025-07-25T08:16:33.343686,gateio,0.8754,0.8769,687.0,234.0
2025-07-25T08:16:33.371451,bybit,0.0,0.0,0.0,0.0
2025-07-25T08:16:33.471109,bybit,0.0,0.8761,0.0,729.0
2025-07-25T08:16:33.483403,bitget,0.8766,0.8771,101.0,101.0
2025-07-25T08:16:33.537768,blofin,0.8753,0.8755,10.0,881.0
2025-07-25T08:16:33.632054,gateio,0.8754,0.8765,687.0,231.0
2025-07-25T08:16:33.633351,bitget,0.8766,0.8771,101.0,101.0
2025-07-25T08:16:33.661213,gateio,0.8754,0.8765,1151.0,231.0
2025-07-25T08:16:33.673275,gateio,0.8754,0.8769,808.0,231.0
2025-07-25T08:16:33.678244,lbank,0.8759,0.8764,84.93,49.9
2025-07-25T08:16:33.695492,bingx,0.876,0.877,1165.389,218.959
2025-07-25T08:16:33.755026,gateio,0.8754,0.8769,808.0,234.0
2025-07-25T08:16:33.764342,mexc,0.8764,0.8765,529756.0,529756.0
2025-07-25T08:16:33.775746,bitmart,0.87485,0.87721,797.0,797.0
2025-07-25T08:16:33.782612,bitget,0.8766,0.8771,101.0,101.0
2025-07-25T08:16:33.932909,bitget,0.8766,0.8771,101.0,101.0
2025-07-25T08:16:33.972520,bybit,0.0,0.0,0.0,0.0
2025-07-25T08:16:34.047907,blofin,0.8753,0.8755,10.0,881.0
2025-07-25T08:16:34.074950,gateio,0.8754,0.8769,1151.0,234.0
2025-07-25T08:16:34.178778,lbank,0.8759,0.8764,84.93,49.9
2025-07-25T08:16:34.206884,gateio,0.8754,0.8765,1151.0,231.0
2025-07-25T08:16:34.242742,gateio,0.8754,0.8765,1151.0,234.0
2025-07-25T08:16:34.271274,bybit,0.0,0.0,0.0,0.0
2025-07-25T08:16:34.383712,bitget,0.8766,0.8771,101.0,101.0
2025-07-25T08:16:34.472834,bybit,0.0,0.8761,0.0,124.0
2025-07-25T08:16:34.531213,gateio,0.8754,0.8765,687.0,234.0
2025-07-25T08:16:34.540656,bitget,0.8766,0.8771,101.0,101.0
2025-07-25T08:16:34.553373,blofin,0.8753,0.8755,13.0,729.0
2025-07-25T08:16:34.559201,gateio,0.8755,0.8765,464.0,234.0
2025-07-25T08:16:34.598274,bingx,0.876,0.877,1165.389,218.959
2025-07-25T08:16:34.677966,lbank,0.8758,0.8762,39.82,74.47
2025-07-25T08:16:34.686289,bitget,0.8766,0.8771,101.0,101.0
2025-07-25T08:16:34.772101,bitmart,0.87485,0.87721,797.0,797.0
2025-07-25T08:16:34.781565,gateio,0.8755,0.8765,464.0,3.0
2025-07-25T08:16:35.063657,blofin,0.8753,0.8755,13.0,729.0
2025-07-25T08:16:35.178100,lbank,0.8758,0.8762,39.82,74.47
2025-07-25T08:16:35.371391,bybit,0.876,0.8762,84.0,503.0
2025-07-25T08:16:35.433877,bitget,0.8766,0.8771,101.0,101.0
2025-07-25T08:16:35.471239,bybit,0.876,0.0,142.0,0.0
2025-07-25T08:16:35.503245,bingx,0.876,0.877,1165.389,218.959
2025-07-25T08:16:35.531161,blofin,0.8753,0.8755,13.0,124.0
2025-07-25T08:16:35.572201,bybit,0.876,0.8762,1077.0,253.0
2025-07-25T08:16:35.584886,bitget,0.8766,0.8771,101.0,101.0
2025-07-25T08:16:35.675230,lbank,0.8758,0.8762,39.82,74.47
2025-07-25T08:16:35.738238,bitget,0.8766,0.8771,101.0,101.0
2025-07-25T08:16:35.766692,bitmart,0.87485,0.87721,797.0,797.0
2025-07-25T08:16:35.871774,bybit,0.0,0.0,0.0,0.0
2025-07-25T08:16:35.885889,bitget,0.8766,0.8771,101.0,101.0
2025-07-25T08:16:35.945465,gateio,0.8756,0.8765,1.0,3.0
2025-07-25T08:16:35.971460,bybit,0.8761,0.0,839.0,0.0
2025-07-25T08:16:36.036156,bitget,0.8766,0.8771,101.0,101.0
2025-07-25T08:16:36.059174,blofin,0.8753,0.8756,4.0,124.0
2025-07-25T08:16:36.178096,mexc,0.8764,0.8765,529756.0,529756.0
2025-07-25T08:16:36.185542,bitget,0.8766,0.8771,101.0,101.0
2025-07-25T08:16:36.204586,lbank,0.8758,0.8762,39.82,74.47
2025-07-25T08:16:36.335522,bitget,0.8766,0.8771,101.0,101.0
2025-07-25T08:16:36.404912,bingx,0.876,0.877,1165.389,218.959
2025-07-25T08:16:36.485975,bitget,0.8766,0.8771,101.0,101.0
2025-07-25T08:16:36.542402,blofin,0.8753,0.8756,1081.0,253.0
2025-07-25T08:16:36.676938,lbank,0.8758,0.8762,39.82,74.47
2025-07-25T08:16:36.781917,bitmart,0.87485,0.87721,797.0,797.0
2025-07-25T08:16:36.783117,gateio,0.8756,0.8765,465.0,3.0
2025-07-25T08:16:36.823976,gateio,0.8756,0.8765,1.0,3.0
2025-07-25T08:16:36.867266,gateio,0.8757,0.8765,464.0,3.0
2025-07-25T08:16:36.871957,bybit,0.8763,0.8764,152.0,177.0
2025-07-25T08:16:36.937084,bitget,0.8766,0.8775,381.0,113.0
2025-07-25T08:16:36.950538,lbank,0.8758,0.8761,39.82,17.11
2025-07-25T08:16:36.971141,bybit,0.8763,0.0,825.0,0.0
2025-07-25T08:16:37.008015,bingx,0.876,0.878,703.229,218.959
2025-07-25T08:16:37.060172,blofin,0.8753,0.8756,1081.0,253.0
2025-07-25T08:16:37.072637,bybit,0.8763,0.0,857.0,0.0
2025-07-25T08:16:37.087955,bitget,0.8766,0.8774,307.0,101.0
2025-07-25T08:16:37.171233,bybit,0.8763,0.0,889.0,0.0
2025-07-25T08:16:37.180771,lbank,0.8758,0.8762,39.82,74.47
2025-07-25T08:16:37.237000,bitget,0.8766,0.8774,750.0,101.0
2025-07-25T08:16:37.271587,bybit,0.8763,0.0,942.0,0.0
2025-07-25T08:16:37.316689,bingx,0.876,0.878,703.359,218.959
2025-07-25T08:16:37.388646,bitget,0.8766,0.8774,750.0,101.0
2025-07-25T08:16:37.535337,bitget,0.8767,0.8774,100.0,101.0
2025-07-25T08:16:37.539177,blofin,0.8756,0.8757,152.0,2.0
2025-07-25T08:16:37.677801,lbank,0.8759,0.8762,17.38,74.47
2025-07-25T08:16:37.686652,bitget,0.8768,0.8774,155.0,101.0
2025-07-25T08:16:37.772433,bitmart,0.87514,0.87721,14887.0,797.0
2025-07-25T08:16:37.836300,bitget,0.8768,0.8774,155.0,101.0
2025-07-25T08:16:38.062343,blofin,0.8756,0.8757,152.0,2.0
2025-07-25T08:16:38.171047,bybit,0.8763,0.0,1034.0,0.0
2025-07-25T08:16:38.180129,lbank,0.8759,0.8767,17.38,49.9
2025-07-25T08:16:38.221264,bingx,0.876,0.878,703.359,218.959
2025-07-25T08:16:38.271080,bybit,0.8763,0.0,942.0,0.0
2025-07-25T08:16:38.435990,bitget,0.8768,0.8774,155.0,101.0
2025-07-25T08:16:38.547098,mexc,0.8761,0.8762,529756.0,529756.0
2025-07-25T08:16:38.563309,blofin,0.8756,0.8758,946.0,179.0
2025-07-25T08:16:38.776055,bitmart,0.87514,0.87721,48837.0,797.0
2025-07-25T08:16:38.871001,bybit,0.8763,0.0,1199.0,0.0
2025-07-25T08:16:38.971199,bybit,0.8763,0.0,1555.0,0.0
2025-07-25T08:16:39.036066,bitget,0.8768,0.8774,155.0,101.0
2025-07-25T08:16:39.040747,blofin,0.8756,0.8758,946.0,179.0
2025-07-25T08:16:39.072327,bybit,0.8763,0.0,1669.0,0.0
2025-07-25T08:16:39.115674,bingx,0.876,0.878,703.359,218.959
2025-07-25T08:16:39.271351,bybit,0.8763,0.0,1783.0,0.0
2025-07-25T08:16:39.371436,bybit,0.8763,0.0,1460.0,0.0
2025-07-25T08:16:39.471132,bybit,0.8763,0.0,1300.0,0.0
2025-07-25T08:16:39.486289,bitget,0.8768,0.8774,155.0,101.0
2025-07-25T08:16:39.555586,blofin,0.8756,0.8758,1203.0,179.0
2025-07-25T08:16:39.571824,bybit,0.8763,0.0,1334.0,0.0
2025-07-25T08:16:39.637659,bitget,0.8768,0.8774,155.0,101.0
2025-07-25T08:16:39.671081,bybit,0.8763,0.0,1368.0,0.0
2025-07-25T08:16:39.728376,bingx,0.876,0.877,703.229,218.959
2025-07-25T08:16:39.762846,bitmart,0.87514,0.87721,48837.0,797.0
2025-07-25T08:16:39.871393,bybit,0.8763,0.0,1334.0,0.0
2025-07-25T08:16:40.026582,bingx,0.876,0.878,703.359,218.959
2025-07-25T08:16:40.054624,blofin,0.8756,0.8758,1203.0,179.0
2025-07-25T08:16:40.071226,bybit,0.8763,0.0,348.0,0.0
2025-07-25T08:16:40.087837,bitget,0.8768,0.8774,155.0,101.0
2025-07-25T08:16:40.238169,bitget,0.8768,0.8774,155.0,101.0
2025-07-25T08:16:40.271207,bybit,0.8763,0.0,382.0,0.0
2025-07-25T08:16:40.323030,bingx,0.876,0.877,703.229,218.959
2025-07-25T08:16:40.372343,bybit,0.8763,0.0,268.0,0.0
2025-07-25T08:16:40.406623,lbank,0.8759,0.8767,17.38,49.9
2025-07-25T08:16:40.538707,blofin,0.8756,0.8758,1339.0,179.0
2025-07-25T08:16:40.791047,bitmart,0.87514,0.87721,48837.0,797.0
2025-07-25T08:16:40.871113,bybit,0.8763,0.0,245.0,0.0
2025-07-25T08:16:40.912073,mexc,0.8761,0.8762,529756.0,529756.0
2025-07-25T08:16:40.976411,bybit,0.8763,0.0,201.0,0.0
2025-07-25T08:16:40.991595,bitget,0.8768,0.8774,155.0,101.0
2025-07-25T08:16:41.052531,blofin,0.8756,0.8758,1339.0,179.0
2025-07-25T08:16:41.071472,bybit,0.8763,0.0,223.0,0.0
2025-07-25T08:16:41.139217,bitget,0.8768,0.8774,155.0,101.0
2025-07-25T08:16:41.171583,bybit,0.8763,0.0,93.0,0.0
2025-07-25T08:16:41.177988,lbank,0.8759,0.8767,17.38,49.9
2025-07-25T08:16:41.217515,bingx,0.876,0.877,703.229,218.959
2025-07-25T08:16:41.271605,bybit,0.8763,0.8764,11.0,260.0
2025-07-25T08:16:41.288484,bitget,0.8768,0.8774,155.0,214.0
2025-07-25T08:16:41.371511,bybit,0.8762,0.8764,207.0,526.0
2025-07-25T08:16:41.439873,bitget,0.8768,0.8774,155.0,101.0
2025-07-25T08:16:41.471567,bybit,0.8762,0.8764,263.0,260.0
2025-07-25T08:16:41.552153,blofin,0.8756,0.8758,250.0,179.0
2025-07-25T08:16:41.571205,bybit,0.8762,0.0,229.0,0.0
2025-07-25T08:16:41.670942,bybit,0.8762,0.0,307.0,0.0
2025-07-25T08:16:41.688226,lbank,0.8759,0.8767,17.38,49.9
2025-07-25T08:16:41.771447,bybit,0.8762,0.0,318.0,0.0
2025-07-25T08:16:41.804872,bitmart,0.87514,0.87721,48837.0,797.0
2025-07-25T08:16:41.871565,bybit,0.8762,0.0,307.0,0.0
2025-07-25T08:16:41.895902,bitget,0.8768,0.8774,155.0,101.0
2025-07-25T08:16:42.058040,blofin,0.8756,0.8758,5.0,262.0
2025-07-25T08:16:42.071230,bybit,0.8762,0.8764,950.0,177.0
2025-07-25T08:16:42.122507,bingx,0.876,0.877,703.229,218.959
2025-07-25T08:16:42.171508,bybit,0.8762,0.0,916.0,0.0
2025-07-25T08:16:42.175331,lbank,0.8759,0.8767,17.38,49.9
2025-07-25T08:16:42.188998,bitget,0.8768,0.8774,155.0,101.0
2025-07-25T08:16:42.271621,bybit,0.8763,0.0,152.0,0.0
2025-07-25T08:16:42.366767,bitget,0.8768,0.8774,155.0,101.0
2025-07-25T08:16:42.425151,bingx,0.876,0.878,703.359,218.959
2025-07-25T08:16:42.552873,blofin,0.8756,0.8758,921.0,179.0
2025-07-25T08:16:42.680310,lbank,0.8759,0.8767,17.38,49.9
2025-07-25T08:16:42.736134,bingx,0.876,0.878,703.229,210.128
2025-07-25T08:16:42.801086,bitmart,0.87514,0.87721,48837.0,797.0
2025-07-25T08:16:43.038156,bingx,0.876,0.877,703.229,218.959
2025-07-25T08:16:43.056417,blofin,0.8756,0.8758,921.0,179.0
2025-07-25T08:16:43.176261,lbank,0.8759,0.8767,17.38,49.9
2025-07-25T08:16:43.299175,mexc,0.8764,0.8765,529756.0,529756.0
2025-07-25T08:16:43.548836,blofin,0.8756,0.8758,157.0,183.0
2025-07-25T08:16:43.821895,bitmart,0.87514,0.87721,48837.0,797.0
2025-07-25T08:16:43.927684,bingx,0.876,0.877,703.229,218.959
2025-07-25T08:16:44.053138,blofin,0.8756,0.8758,157.0,183.0
2025-07-25T08:16:44.175375,lbank,0.8759,0.8767,17.38,49.9
2025-07-25T08:16:44.553997,blofin,0.8756,0.8758,157.0,183.0
2025-07-25T08:16:44.675167,lbank,0.8759,0.8767,17.38,49.9
2025-07-25T08:16:44.818263,bitmart,0.87514,0.87721,48837.0,797.0
2025-07-25T08:16:44.832616,bingx,0.876,0.877,703.229,218.959
2025-07-25T08:16:45.057102,blofin,0.8756,0.8758,157.0,183.0
2025-07-25T08:16:45.136146,bingx,0.876,0.877,703.229,218.959
2025-07-25T08:16:45.175649,lbank,0.8759,0.8767,17.38,49.9
2025-07-25T08:16:45.341136,bitget,0.8768,0.8774,155.0,101.0
2025-07-25T08:16:45.371570,bybit,0.8763,0.0,179.0,0.0
2025-07-25T08:16:45.471475,bybit,0.8763,0.0,287.0,0.0
2025-07-25T08:16:45.490828,bitget,0.8768,0.8774,155.0,101.0
2025-07-25T08:16:45.561193,blofin,0.8756,0.8758,157.0,183.0
2025-07-25T08:16:45.571289,bybit,0.8763,0.0,341.0,0.0
2025-07-25T08:16:45.641507,bitget,0.8768,0.8774,155.0,101.0
2025-07-25T08:16:45.684191,mexc,0.8764,0.8765,529756.0,529756.0
2025-07-25T08:16:45.804610,bitmart,0.87514,0.87721,48837.0,797.0
2025-07-25T08:16:46.039449,bingx,0.876,0.877,703.229,218.959
2025-07-25T08:16:46.067697,blofin,0.8756,0.8758,157.0,183.0
2025-07-25T08:16:46.071192,bybit,0.8763,0.8764,179.0,751.0
2025-07-25T08:16:46.171688,bybit,0.8763,0.0,152.0,0.0
2025-07-25T08:16:46.177659,lbank,0.8756,0.8765,531.8,49.9
2025-07-25T08:16:46.551258,blofin,0.8756,0.8758,346.0,181.0
2025-07-25T08:16:46.671584,bybit,0.8763,0.0,162.0,0.0
2025-07-25T08:16:46.678648,lbank,0.8757,0.8765,66.85,49.9
2025-07-25T08:16:46.779245,bitmart,0.87514,0.87721,48837.0,797.0
2025-07-25T08:16:46.941645,bingx,0.876,0.877,703.229,218.959
2025-07-25T08:16:47.063301,blofin,0.8756,0.8758,346.0,181.0
2025-07-25T08:16:47.071512,bybit,0.8763,0.0,778.0,0.0
2025-07-25T08:16:47.173192,bybit,0.8763,0.0,1150.0,0.0
2025-07-25T08:16:47.178128,lbank,0.8757,0.8767,66.85,49.9
2025-07-25T08:16:47.296105,bitget,0.8768,0.8774,155.0,101.0
2025-07-25T08:16:47.372468,bybit,0.8763,0.0,1268.0,0.0
2025-07-25T08:16:47.444061,bitget,0.8768,0.8774,155.0,101.0
2025-07-25T08:16:47.543822,blofin,0.8756,0.8758,167.0,755.0
2025-07-25T08:16:47.546949,bingx,0.876,0.878,1165.519,218.959
2025-07-25T08:16:47.571269,bybit,0.8763,0.8764,1443.0,419.0
2025-07-25T08:16:47.580646,gateio,0.8757,0.8765,807.0,3.0
2025-07-25T08:16:47.592331,bitget,0.8768,0.8774,155.0,101.0
2025-07-25T08:16:47.645298,gateio,0.8758,0.8765,1.0,3.0
2025-07-25T08:16:47.671688,bybit,0.8763,0.0,1409.0,0.0
2025-07-25T08:16:47.679337,lbank,0.8757,0.8767,66.85,49.9
2025-07-25T08:16:47.740741,gateio,0.8759,0.8765,464.0,3.0
2025-07-25T08:16:47.761928,bitmart,0.87514,0.87721,48837.0,797.0
2025-07-25T08:16:47.771122,bybit,0.8763,0.0,1533.0,0.0
2025-07-25T08:16:47.871296,bybit,0.8763,0.0,1499.0,0.0
2025-07-25T08:16:47.971319,bybit,0.8763,0.0,1564.0,0.0
2025-07-25T08:16:48.042811,blofin,0.8756,0.8758,167.0,755.0
2025-07-25T08:16:48.053197,mexc,0.8764,0.8765,529756.0,529756.0
2025-07-25T08:16:48.071236,bybit,0.8763,0.0,1598.0,0.0
2025-07-25T08:16:48.144151,bingx,0.876,0.878,1165.3890000000001,218.959
2025-07-25T08:16:48.172411,bybit,0.8763,0.0,1564.0,0.0
2025-07-25T08:16:48.185568,lbank,0.8757,0.8767,66.85,49.9
2025-07-25T08:16:48.271202,bybit,0.8763,0.8764,1598.0,418.0
2025-07-25T08:16:48.371376,bybit,0.8763,0.0,1564.0,0.0
2025-07-25T08:16:48.450528,bingx,0.876,0.878,1165.519,210.128
2025-07-25T08:16:48.535026,blofin,0.8756,0.8758,1568.0,2.0
2025-07-25T08:16:48.680518,lbank,0.8757,0.8767,66.85,49.9
2025-07-25T08:16:48.762027,bitmart,0.87514,0.87782,48837.0,61707.0
2025-07-25T08:16:48.971293,bybit,0.8764,0.8766,1013.0,7.0
2025-07-25T08:16:49.013418,lbank,0.8762,0.8767,6.4,49.9
2025-07-25T08:16:49.070813,blofin,0.8756,0.8758,1568.0,2.0
2025-07-25T08:16:49.073568,bybit,0.8764,0.0,1047.0,0.0
2025-07-25T08:16:49.095349,bitget,0.8768,0.8774,155.0,101.0
2025-07-25T08:16:49.171730,bybit,0.8765,0.8769,1116.0,301.0
2025-07-25T08:16:49.181349,lbank,0.8757,0.8767,66.85,49.9
2025-07-25T08:16:49.195671,gateio,0.8759,0.8765,807.0,3.0
2025-07-25T08:16:49.226722,gateio,0.8759,0.8765,1150.0,3.0
2025-07-25T08:16:49.243675,bitget,0.8769,0.8776,1155.0,101.0
2025-07-25T08:16:49.260546,gateio,0.876,0.8765,1.0,3.0
2025-07-25T08:16:49.271111,bybit,0.8765,0.8769,1150.0,81.0
2025-07-25T08:16:49.342660,gateio,0.8761,0.8765,464.0,3.0
2025-07-25T08:16:49.350174,bingx,0.876,0.878,1165.519,210.128
2025-07-25T08:16:49.371122,bybit,0.8765,0.0,1116.0,0.0
2025-07-25T08:16:49.395661,bitget,0.877,0.8776,201.0,101.0
2025-07-25T08:16:49.471102,bybit,0.8765,0.0,1150.0,0.0
2025-07-25T08:16:49.542588,bitget,0.877,0.8776,201.0,101.0
2025-07-25T08:16:49.561601,blofin,0.8757,0.8758,1047.0,2.0
2025-07-25T08:16:49.671368,bybit,0.8766,0.877,1024.0,506.0
2025-07-25T08:16:49.674946,lbank,0.8757,0.8767,66.85,49.9
2025-07-25T08:16:49.695174,bitget,0.877,0.8776,201.0,101.0
2025-07-25T08:16:49.771367,bybit,0.0,0.877,0.0,180.0
2025-07-25T08:16:49.801775,bitmart,0.87534,0.87781,59838.0,797.0
2025-07-25T08:16:49.871114,bybit,0.8766,0.0,990.0,0.0
2025-07-25T08:16:49.993903,bitget,0.877,0.8776,201.0,101.0
2025-07-25T08:16:50.053464,blofin,0.8759,0.8763,1150.0,81.0
2025-07-25T08:16:50.172218,bybit,0.0,0.0,0.0,0.0
2025-07-25T08:16:50.251766,bingx,0.876,0.878,1165.519,210.128
2025-07-25T08:16:50.281100,lbank,0.8757,0.8767,66.85,49.9
2025-07-25T08:16:50.293740,bitget,0.877,0.8776,201.0,101.0
2025-07-25T08:16:50.429767,mexc,0.8764,0.8766,529756.0,529756.0
2025-07-25T08:16:50.544181,blofin,0.8759,0.8764,990.0,180.0
2025-07-25T08:16:50.570994,bybit,0.8766,0.0,956.0,0.0
2025-07-25T08:16:50.673512,lbank,0.8757,0.8767,66.85,49.9
2025-07-25T08:16:50.744138,bitget,0.877,0.8776,201.0,101.0
2025-07-25T08:16:50.812596,bitmart,0.87535,0.87781,797.0,797.0
2025-07-25T08:16:51.052699,blofin,0.8759,0.8764,990.0,180.0
2025-07-25T08:16:51.161091,bingx,0.876,0.878,1165.519,210.128
2025-07-25T08:16:51.171465,bybit,0.0,0.877,0.0,759.0
2025-07-25T08:16:51.179858,lbank,0.8762,0.8768,50.88,49.61
2025-07-25T08:16:51.344604,bitget,0.877,0.8776,201.0,101.0
2025-07-25T08:16:51.371246,bybit,0.8766,0.0,756.0,0.0
2025-07-25T08:16:51.471713,bybit,0.8765,0.8768,857.0,288.0
2025-07-25T08:16:51.550544,blofin,0.8759,0.8764,956.0,183.0
2025-07-25T08:16:51.794434,bitget,0.877,0.8776,201.0,101.0
2025-07-25T08:16:51.800492,bitmart,0.87535,0.87781,797.0,797.0
2025-07-25T08:16:51.871332,bybit,0.0,0.8769,0.0,731.0
2025-07-25T08:16:52.051621,blofin,0.8759,0.8763,756.0,759.0
2025-07-25T08:16:52.060471,bingx,0.876,0.878,1165.519,210.128
2025-07-25T08:16:52.096628,bitget,0.877,0.8776,201.0,101.0
2025-07-25T08:16:52.173178,bybit,0.8765,0.8769,1051.0,961.0
2025-07-25T08:16:52.176598,lbank,0.8762,0.8768,50.88,49.61
2025-07-25T08:16:52.371390,bybit,0.8766,0.8769,875.0,152.0
2025-07-25T08:16:52.471694,bybit,0.8766,0.0,909.0,0.0
2025-07-25T08:16:52.545458,bitget,0.877,0.878,867.0,113.0
2025-07-25T08:16:52.556732,blofin,0.8758,0.8763,857.0,736.0
2025-07-25T08:16:52.640957,gateio,0.8761,0.8777,464.0,231.0
2025-07-25T08:16:52.653145,gateio,0.8761,0.8777,806.0,231.0
2025-07-25T08:16:52.674007,bybit,0.0,0.877,0.0,7.0
2025-07-25T08:16:52.674391,lbank,0.8762,0.8768,50.88,49.61
2025-07-25T08:16:52.699762,bitget,0.877,0.8779,867.0,101.0
2025-07-25T08:16:52.744809,gateio,0.8762,0.8777,1.0,231.0
2025-07-25T08:16:52.762167,bitmart,0.87558,0.87781,51322.0,797.0
2025-07-25T08:16:52.790948,mexc,0.8764,0.8766,529756.0,529756.0
2025-07-25T08:16:52.844203,gateio,0.8762,0.8777,343.0,231.0
2025-07-25T08:16:52.849313,bitget,0.877,0.8779,867.0,101.0
2025-07-25T08:16:52.961311,bingx,0.876,0.878,1165.519,210.128
2025-07-25T08:16:52.994631,bitget,0.877,0.8779,867.0,101.0
2025-07-25T08:16:53.049890,blofin,0.8759,0.8763,909.0,5.0
2025-07-25T08:16:53.171654,bybit,0.0,0.0,0.0,0.0
2025-07-25T08:16:53.176735,lbank,0.8762,0.8768,50.88,49.61
2025-07-25T08:16:53.272012,bybit,0.8766,0.0,875.0,0.0
2025-07-25T08:16:53.295119,bitget,0.877,0.8779,5999.0,101.0
2025-07-25T08:16:53.549720,blofin,0.8759,0.8764,911.0,12.0
2025-07-25T08:16:53.571493,bybit,0.8766,0.0,909.0,0.0
2025-07-25T08:16:53.671529,bybit,0.8767,0.0,1024.0,0.0
2025-07-25T08:16:53.678409,lbank,0.8762,0.8768,50.88,49.61
2025-07-25T08:16:53.750179,bitget,0.877,0.8779,5999.0,101.0
2025-07-25T08:16:53.779618,bitmart,0.87535,0.87781,797.0,797.0
2025-07-25T08:16:53.860465,bingx,0.876,0.878,1165.519,210.128
2025-07-25T08:16:53.895954,bitget,0.877,0.8779,5999.0,101.0
2025-07-25T08:16:53.971035,bybit,0.8767,0.0,990.0,0.0
2025-07-25T08:16:54.050871,bitget,0.8772,0.8779,101.0,101.0
2025-07-25T08:16:54.064765,gateio,0.8762,0.8777,807.0,231.0
2025-07-25T08:16:54.069583,blofin,0.876,0.8764,909.0,12.0
2025-07-25T08:16:54.189349,lbank,0.8762,0.8768,50.88,49.61
2025-07-25T08:16:54.196772,bitget,0.8772,0.8779,155.0,101.0
2025-07-25T08:16:54.537298,blofin,0.876,0.8764,1025.0,12.0
2025-07-25T08:16:54.762676,bingx,0.876,0.878,1165.519,210.128
2025-07-25T08:16:54.812858,bitmart,0.87535,0.87781,797.0,797.0
2025-07-25T08:16:55.056083,blofin,0.876,0.8764,1025.0,12.0
2025-07-25T08:16:55.173282,lbank,0.8762,0.877,215.75,49.42
2025-07-25T08:16:55.215594,mexc,0.8768,0.877,529756.0,529756.0
2025-07-25T08:16:55.560037,blofin,0.876,0.8764,991.0,12.0
2025-07-25T08:16:55.666928,bingx,0.876,0.878,1165.519,210.128
2025-07-25T08:16:55.675830,lbank,0.8762,0.877,215.75,49.42
2025-07-25T08:16:55.814309,bitmart,0.87535,0.87781,797.0,797.0
2025-07-25T08:16:55.871174,bybit,0.0,0.0,0.0,0.0
2025-07-25T08:16:56.053932,blofin,0.876,0.8764,991.0,12.0
2025-07-25T08:16:56.140924,gateio,0.8763,0.8777,464.0,231.0
2025-07-25T08:16:56.171364,bybit,0.0,0.0,0.0,0.0
2025-07-25T08:16:56.179021,lbank,0.8762,0.877,215.75,49.42
2025-07-25T08:16:56.447024,bitget,0.8772,0.8779,244.0,101.0
2025-07-25T08:16:56.543369,blofin,0.876,0.8764,991.0,8.0
2025-07-25T08:16:56.574469,bingx,0.876,0.878,1165.519,210.128
2025-07-25T08:16:56.671702,bybit,0.8767,0.0,1024.0,0.0
2025-07-25T08:16:56.672716,lbank,0.8762,0.877,215.75,49.42
2025-07-25T08:16:56.710719,gateio,0.8763,0.8777,806.0,231.0
2025-07-25T08:16:56.733003,bitmart,0.87535,0.87781,797.0,797.0
2025-07-25T08:16:56.743415,gateio,0.8763,0.8777,1148.0,231.0
2025-07-25T08:16:56.748274,bitget,0.8772,0.8779,244.0,101.0
2025-07-25T08:16:56.809196,gateio,0.8764,0.8777,1.0,231.0
2025-07-25T08:16:56.897525,bitget,0.8772,0.8779,244.0,101.0
2025-07-25T08:16:57.048836,bitget,0.8772,0.8779,528.0,101.0
2025-07-25T08:16:57.048894,blofin,0.876,0.8764,991.0,8.0
2025-07-25T08:16:57.176457,lbank,0.8762,0.877,215.75,49.42
2025-07-25T08:16:57.250750,lbank,0.8767,0.877,7.06,49.42
2025-07-25T08:16:57.270959,bybit,0.8769,0.0,693.0,0.0
2025-07-25T08:16:57.351691,bitget,0.8772,0.8779,492.0,101.0
2025-07-25T08:16:57.370998,bybit,0.8769,0.0,1059.0,0.0
2025-07-25T08:16:57.471354,bybit,0.8769,0.0,1401.0,0.0
2025-07-25T08:16:57.475576,bingx,0.876,0.878,1165.519,210.128
2025-07-25T08:16:57.498555,bitget,0.8773,0.8779,89.0,101.0
2025-07-25T08:16:57.520990,gateio,0.8764,0.878,1.0,11.0
2025-07-25T08:16:57.532891,gateio,0.8764,0.8777,1.0,231.0
2025-07-25T08:16:57.546203,blofin,0.876,0.8764,1025.0,8.0
2025-07-25T08:16:57.603341,gateio,0.8764,0.878,1.0,11.0
2025-07-25T08:16:57.607315,mexc,0.8768,0.877,529756.0,529756.0
2025-07-25T08:16:57.653042,bitget,0.8774,0.8779,101.0,101.0
2025-07-25T08:16:57.672120,bybit,0.0,0.0,0.0,0.0
2025-07-25T08:16:57.674181,lbank,0.8762,0.877,215.75,49.42
2025-07-25T08:16:57.793437,gateio,0.8764,0.8777,1.0,231.0
2025-07-25T08:16:57.829982,bitmart,0.87564,0.87781,56101.0,797.0
2025-07-25T08:16:57.971071,bybit,0.0,0.0,0.0,0.0
2025-07-25T08:16:58.064019,blofin,0.8761,0.8764,1024.0,8.0
2025-07-25T08:16:58.098748,bitget,0.8774,0.8779,101.0,101.0
2025-07-25T08:16:58.175416,lbank,0.8763,0.8772,150.31,404.0
2025-07-25T08:16:58.262511,bitget,0.8774,0.8779,101.0,101.0
2025-07-25T08:16:58.371175,bybit,0.8769,0.0,1629.0,0.0
2025-07-25T08:16:58.379958,bingx,0.876,0.878,1165.519,210.128
2025-07-25T08:16:58.398623,bitget,0.8774,0.8779,101.0,101.0
2025-07-25T08:16:58.473511,bybit,0.8769,0.0,1677.0,0.0
2025-07-25T08:16:58.548500,bitget,0.8774,0.8779,101.0,101.0
2025-07-25T08:16:58.556985,blofin,0.8762,0.8764,1028.0,9.0
2025-07-25T08:16:58.598474,gateio,0.8765,0.8777,464.0,231.0
2025-07-25T08:16:58.675295,lbank,0.8763,0.8772,150.31,404.0
2025-07-25T08:16:58.699560,bitget,0.8774,0.8779,101.0,101.0
2025-07-25T08:16:58.823914,bitmart,0.87565,0.87781,797.0,797.0
2025-07-25T08:16:58.849525,bitget,0.8774,0.8779,101.0,101.0
2025-07-25T08:16:58.998879,bitget,0.8774,0.8779,101.0,101.0
2025-07-25T08:16:59.049305,blofin,0.8762,0.8764,1405.0,9.0
2025-07-25T08:16:59.071131,bybit,0.8769,0.0,1791.0,0.0
2025-07-25T08:16:59.182925,lbank,0.8763,0.8772,150.31,49.42
2025-07-25T08:16:59.270968,bybit,0.8769,0.0,1259.0,0.0
2025-07-25T08:16:59.278484,bingx,0.876,0.878,1165.519,210.128
2025-07-25T08:16:59.371180,bybit,0.8769,0.0,1412.0,0.0
2025-07-25T08:16:59.455185,bitget,0.8774,0.8779,101.0,101.0
2025-07-25T08:16:59.470893,bybit,0.8769,0.0,1451.0,0.0
2025-07-25T08:16:59.531184,blofin,0.8762,0.8764,1679.0,9.0
2025-07-25T08:16:59.571043,bybit,0.8769,0.0,1563.0,0.0
2025-07-25T08:16:59.598842,bitget,0.8774,0.8779,101.0,101.0
2025-07-25T08:16:59.671539,bybit,0.8769,0.0,2005.0,0.0
2025-07-25T08:16:59.751919,bitget,0.8774,0.8779,101.0,101.0
2025-07-25T08:16:59.774142,bitmart,0.87565,0.87781,797.0,797.0
2025-07-25T08:16:59.899230,bitget,0.8774,0.8779,101.0,101.0
2025-07-25T08:16:59.970963,bybit,0.8769,0.0,1971.0,0.0
2025-07-25T08:17:00.003058,mexc,0.8768,0.877,529756.0,529756.0
2025-07-25T08:17:00.050538,bitget,0.8774,0.8779,101.0,101.0
2025-07-25T08:17:00.071221,bybit,0.8769,0.0,1114.0,0.0
2025-07-25T08:17:00.076054,blofin,0.8762,0.8764,1679.0,9.0
2025-07-25T08:17:00.081092,gateio,0.8765,0.8777,806.0,231.0
2025-07-25T08:17:00.143469,gateio,0.8765,0.8777,684.0,231.0
2025-07-25T08:17:00.160644,gateio,0.8766,0.8777,1.0,231.0
2025-07-25T08:17:00.171577,bybit,0.8769,0.0,580.0,0.0
2025-07-25T08:17:00.191697,bingx,0.876,0.878,1165.519,210.128
2025-07-25T08:17:00.200356,bitget,0.8774,0.8779,101.0,101.0
2025-07-25T08:17:00.271676,bybit,0.8769,0.0,390.0,0.0
2025-07-25T08:17:00.290834,lbank,0.8763,0.8772,150.31,49.42
2025-07-25T08:17:00.345158,gateio,0.8765,0.8777,342.0,231.0
2025-07-25T08:17:00.351061,bitget,0.8774,0.8779,101.0,101.0
2025-07-25T08:17:00.371913,bybit,0.8769,0.0,290.0,0.0
2025-07-25T08:17:00.445089,gateio,0.8765,0.8777,684.0,231.0
2025-07-25T08:17:00.471486,bybit,0.8769,0.0,256.0,0.0
2025-07-25T08:17:00.505264,bitget,0.8774,0.8779,101.0,101.0
2025-07-25T08:17:00.543285,blofin,0.8762,0.8764,2007.0,9.0
2025-07-25T08:17:00.571005,bybit,0.8769,0.0,142.0,0.0
2025-07-25T08:17:00.649848,bitget,0.8774,0.8779,101.0,101.0
2025-07-25T08:17:00.681849,lbank,0.8763,0.8772,150.31,49.42
2025-07-25T08:17:00.771120,bybit,0.8769,0.0,128.0,0.0
2025-07-25T08:17:00.810167,gateio,0.8766,0.8777,1.0,231.0
2025-07-25T08:17:00.848930,bitmart,0.87565,0.87781,797.0,797.0
2025-07-25T08:17:00.951377,bitget,0.8774,0.8779,101.0,101.0
2025-07-25T08:17:00.971137,bybit,0.8769,0.0,121.0,0.0
2025-07-25T08:17:01.042766,gateio,0.8765,0.8777,342.0,231.0
2025-07-25T08:17:01.065810,blofin,0.8762,0.8764,2007.0,9.0
2025-07-25T08:17:01.071340,bybit,0.8769,0.877,114.0,159.0
2025-07-25T08:17:01.073056,gateio,0.8765,0.8777,684.0,231.0
2025-07-25T08:17:01.095963,bingx,0.876,0.878,1165.519,210.128
2025-07-25T08:17:01.127876,bitget,0.8774,0.8779,101.0,101.0
2025-07-25T08:17:01.172285,bybit,0.8769,0.877,135.0,242.0
2025-07-25T08:17:01.181360,lbank,0.8763,0.8772,150.31,49.42
2025-07-25T08:17:01.252907,bitget,0.8774,0.8779,101.0,101.0
2025-07-25T08:17:01.270991,bybit,0.8769,0.0,7.0,0.0
2025-07-25T08:17:01.403285,bitget,0.8774,0.8779,101.0,101.0
2025-07-25T08:17:01.471221,bybit,0.8768,0.0,23.0,0.0
2025-07-25T08:17:01.551440,bitget,0.8774,0.8779,101.0,101.0
2025-07-25T08:17:01.566172,blofin,0.8762,0.8764,130.0,9.0
2025-07-25T08:17:01.567630,gateio,0.8766,0.8777,1.0,231.0
2025-07-25T08:17:01.571079,bybit,0.8768,0.877,664.0,7.0
2025-07-25T08:17:01.671819,bybit,0.8768,0.0,1079.0,0.0
2025-07-25T08:17:01.675666,lbank,0.8763,0.8772,150.31,49.42
2025-07-25T08:17:01.700413,bitget,0.8774,0.8779,101.0,101.0
2025-07-25T08:17:01.770936,bybit,0.8768,0.0,1122.0,0.0
2025-07-25T08:17:01.817051,bitmart,0.87565,0.87781,797.0,797.0
2025-07-25T08:17:01.853121,bitget,0.8774,0.8779,101.0,101.0
2025-07-25T08:17:01.871322,bybit,0.8768,0.0,1165.0,0.0
2025-07-25T08:17:02.001030,bitget,0.8774,0.8779,101.0,101.0
2025-07-25T08:17:02.004086,bingx,0.876,0.878,1165.519,210.128
2025-07-25T08:17:02.059937,blofin,0.8762,0.8764,2.0,246.0
2025-07-25T08:17:02.171137,bybit,0.0,0.0,0.0,0.0
2025-07-25T08:17:02.177432,lbank,0.8763,0.8772,150.31,49.42
2025-07-25T08:17:02.271869,bybit,0.8768,0.0,1208.0,0.0
2025-07-25T08:17:02.371481,bybit,0.8768,0.0,1242.0,0.0
2025-07-25T08:17:02.400476,mexc,0.877,0.8771,529756.0,529756.0
2025-07-25T08:17:02.453551,bitget,0.8774,0.8779,101.0,101.0
2025-07-25T08:17:02.542517,blofin,0.8762,0.8764,2.0,11.0
2025-07-25T08:17:02.604239,bitget,0.8774,0.8779,101.0,101.0
2025-07-25T08:17:02.673611,bybit,0.8768,0.0,1208.0,0.0
2025-07-25T08:17:02.770979,bybit,0.8768,0.0,1008.0,0.0
2025-07-25T08:17:02.784276,bitmart,0.87565,0.87781,797.0,797.0
2025-07-25T08:17:02.891413,bingx,0.876,0.878,1165.519,210.128
2025-07-25T08:17:03.070022,blofin,0.8761,0.8764,1167.0,11.0
2025-07-25T08:17:03.071500,bybit,0.8768,0.8769,14.0,235.0
2025-07-25T08:17:03.171221,bybit,0.8768,0.8769,7.0,83.0
2025-07-25T08:17:03.202490,bitget,0.8774,0.8779,101.0,101.0
2025-07-25T08:17:03.271053,bybit,0.8768,0.877,343.0,159.0
2025-07-25T08:17:03.352957,bitget,0.8774,0.8779,101.0,101.0
2025-07-25T08:17:03.370931,bybit,0.8768,0.0,427.0,0.0
2025-07-25T08:17:03.502652,bitget,0.8774,0.8779,101.0,101.0
2025-07-25T08:17:03.549271,blofin,0.8761,0.8763,95.0,5.0
2025-07-25T08:17:03.684185,lbank,0.8763,0.8772,150.31,49.42
2025-07-25T08:17:03.790994,bingx,0.876,0.878,1165.519,210.128
2025-07-25T08:17:03.817457,bitmart,0.87565,0.87781,797.0,797.0
2025-07-25T08:17:04.057393,blofin,0.8761,0.8763,95.0,5.0
2025-07-25T08:17:04.102404,bitget,0.8774,0.8779,101.0,101.0
2025-07-25T08:17:04.182426,lbank,0.8763,0.8772,150.31,49.42
2025-07-25T08:17:04.397467,bingx,0.876,0.878,1165.519,210.128
2025-07-25T08:17:04.548431,blofin,0.8761,0.8763,431.0,5.0
2025-07-25T08:17:04.571194,bybit,0.8768,0.0,259.0,0.0
2025-07-25T08:17:04.671113,bybit,0.8768,0.0,49.0,0.0
2025-07-25T08:17:04.686380,lbank,0.8763,0.8772,150.31,49.42
2025-07-25T08:17:04.771245,mexc,0.877,0.8771,529756.0,529756.0
2025-07-25T08:17:04.817915,bitmart,0.87565,0.87781,797.0,797.0
2025-07-25T08:17:04.852386,bitget,0.8774,0.8779,101.0,101.0
2025-07-25T08:17:05.004508,bitget,0.8774,0.8779,101.0,101.0
2025-07-25T08:17:05.057917,blofin,0.8761,0.8763,431.0,5.0
2025-07-25T08:17:05.181323,lbank,0.8763,0.8772,150.31,49.42
2025-07-25T08:17:05.299003,bingx,0.876,0.878,1165.519,210.128
2025-07-25T08:17:05.371392,bybit,0.8768,0.0,91.0,0.0
2025-07-25T08:17:05.462336,bitget,0.8774,0.8779,101.0,101.0
2025-07-25T08:17:05.471377,bybit,0.8768,0.0,133.0,0.0
2025-07-25T08:17:05.543027,blofin,0.8761,0.8763,53.0,5.0
2025-07-25T08:17:05.605186,bitget,0.8774,0.8779,101.0,101.0
2025-07-25T08:17:05.678979,lbank,0.8763,0.8772,150.31,49.42
2025-07-25T08:17:05.771034,bybit,0.8768,0.0,149.0,0.0
2025-07-25T08:17:05.807563,bitmart,0.87565,0.87781,797.0,797.0
2025-07-25T08:17:05.855090,bitget,0.8774,0.8779,101.0,101.0
2025-07-25T08:17:05.871170,bybit,0.8768,0.0,175.0,0.0
2025-07-25T08:17:06.023894,bitget,0.8774,0.8779,101.0,101.0
2025-07-25T08:17:06.051210,blofin,0.8761,0.8763,53.0,5.0
2025-07-25T08:17:06.071124,bybit,0.0,0.0,0.0,0.0
2025-07-25T08:17:06.178673,lbank,0.8763,0.8772,150.31,49.42
2025-07-25T08:17:06.206100,bingx,0.876,0.878,1165.519,210.128
2025-07-25T08:17:06.353699,bitget,0.8774,0.8779,101.0,101.0
2025-07-25T08:17:06.371312,bybit,0.8767,0.8768,16.0,124.0
2025-07-25T08:17:06.383081,gateio,0.8766,0.8773,1.0,231.0
2025-07-25T08:17:06.445106,gateio,0.8761,0.8773,464.0,231.0
2025-07-25T08:17:06.471242,bybit,0.8766,0.8768,47.0,1125.0
2025-07-25T08:17:06.506799,bitget,0.8771,0.8778,100.0,1155.0
2025-07-25T08:17:06.545164,blofin,0.8761,0.8763,179.0,5.0
2025-07-25T08:17:06.571393,bybit,0.0,0.8768,0.0,1159.0
2025-07-25T08:17:06.652958,bitget,0.8771,0.8777,100.0,101.0
2025-07-25T08:17:06.671075,bybit,0.0,0.8768,0.0,1356.0
2025-07-25T08:17:06.770883,bybit,0.8766,0.0,38.0,0.0
2025-07-25T08:17:06.775127,bitmart,0.87521,0.87781,63832.0,797.0
2025-07-25T08:17:06.804371,bitget,0.8771,0.8777,100.0,155.0
2025-07-25T08:17:06.953649,bitget,0.8771,0.8777,100.0,155.0
2025-07-25T08:17:06.971275,bybit,0.0,0.8767,0.0,759.0
2025-07-25T08:17:07.055558,blofin,0.8761,0.8762,4.0,124.0
2025-07-25T08:17:07.071233,bybit,0.0,0.8767,0.0,793.0
2025-07-25T08:17:07.105250,bitget,0.8772,0.8777,101.0,155.0
2025-07-25T08:17:07.108255,bingx,0.876,0.878,1165.519,210.128
2025-07-25T08:17:07.141030,mexc,0.8768,0.877,529756.0,529756.0
2025-07-25T08:17:07.171031,bybit,0.0,0.8767,0.0,759.0
2025-07-25T08:17:07.177937,lbank,0.8763,0.8772,150.31,49.42
2025-07-25T08:17:07.254927,bitget,0.8772,0.8777,101.0,268.0
2025-07-25T08:17:07.270964,bybit,0.0,0.0,0.0,0.0
2025-07-25T08:17:07.371438,bybit,0.0,0.8768,0.0,248.0
2025-07-25T08:17:07.406147,bitget,0.8772,0.8777,101.0,268.0
2025-07-25T08:17:07.547524,blofin,0.8759,0.8761,38.0,1361.0
2025-07-25T08:17:07.556119,bitget,0.8772,0.8777,101.0,268.0
2025-07-25T08:17:07.571073,bybit,0.0,0.8768,0.0,282.0
2025-07-25T08:17:07.684852,lbank,0.8763,0.8772,51.24,49.42
2025-07-25T08:17:07.704045,bitget,0.8772,0.8777,101.0,268.0
2025-07-25T08:17:07.821506,bitmart,0.87521,0.87781,63832.0,797.0
2025-07-25T08:17:07.858741,bitget,0.8772,0.8777,101.0,155.0
2025-07-25T08:17:08.015304,bingx,0.876,0.878,1165.519,210.128
2025-07-25T08:17:08.047303,blofin,0.8759,0.8761,38.0,5.0
2025-07-25T08:17:08.071103,bybit,0.0,0.8768,0.0,248.0
2025-07-25T08:17:08.182488,lbank,0.8763,0.8772,51.24,49.42
2025-07-25T08:17:08.307544,bitget,0.8772,0.8777,101.0,155.0
2025-07-25T08:17:08.454394,bitget,0.8772,0.8777,101.0,155.0
2025-07-25T08:17:08.556971,blofin,0.8759,0.8762,42.0,287.0
2025-07-25T08:17:08.757378,bitmart,0.87522,0.87781,797.0,797.0
2025-07-25T08:17:08.910966,bingx,0.876,0.878,1165.519,210.128
2025-07-25T08:17:09.044292,blofin,0.8759,0.8762,42.0,287.0
2025-07-25T08:17:09.206935,bitget,0.8772,0.8777,101.0,155.0
2025-07-25T08:17:09.526156,mexc,0.8768,0.877,529756.0,529756.0
2025-07-25T08:17:09.549733,blofin,0.8759,0.8762,42.0,253.0
2025-07-25T08:17:09.772964,bitmart,0.87522,0.87781,797.0,797.0
2025-07-25T08:17:09.820283,bingx,0.876,0.878,1165.519,210.128
2025-07-25T08:17:09.871320,bybit,0.8766,0.8769,645.0,446.0
2025-07-25T08:17:09.971088,bybit,0.0,0.8769,0.0,152.0
2025-07-25T08:17:10.024918,gateio,0.8761,0.8773,806.0,231.0
2025-07-25T08:17:10.045077,gateio,0.8761,0.8773,1148.0,231.0
2025-07-25T08:17:10.060929,blofin,0.8759,0.8762,42.0,253.0
2025-07-25T08:17:10.110965,bitget,0.8772,0.8777,101.0,155.0
2025-07-25T08:17:10.171371,bybit,0.8767,0.0,65.0,0.0
2025-07-25T08:17:10.233679,lbank,0.8761,0.8769,177.36,49.84
2025-07-25T08:17:10.257043,bitget,0.8772,0.8777,101.0,155.0
2025-07-25T08:17:10.384728,gateio,0.8762,0.8773,1.0,231.0
2025-07-25T08:17:10.410137,bitget,0.8772,0.8777,101.0,155.0
2025-07-25T08:17:10.442764,gateio,0.8761,0.8773,464.0,231.0
2025-07-25T08:17:10.559901,blofin,0.876,0.8762,645.0,5.0
2025-07-25T08:17:10.571530,bybit,0.0,0.8769,0.0,449.0
2025-07-25T08:17:10.720965,bingx,0.876,0.878,1165.519,210.128
2025-07-25T08:17:10.767968,bitmart,0.87522,0.87781,797.0,797.0
2025-07-25T08:17:10.865011,bitget,0.8772,0.8777,101.0,155.0
2025-07-25T08:17:11.053363,blofin,0.876,0.8762,645.0,5.0
2025-07-25T08:17:11.071351,bybit,0.0,0.8768,0.0,258.0
2025-07-25T08:17:11.098937,gateio,0.8761,0.8773,806.0,231.0
2025-07-25T08:17:11.152745,gateio,0.8761,0.8773,1148.0,231.0
2025-07-25T08:17:11.157449,bitget,0.8772,0.8777,101.0,155.0
2025-07-25T08:17:11.171319,bybit,0.8766,0.8767,47.0,862.0
2025-07-25T08:17:11.267095,gateio,0.8762,0.8773,1.0,231.0
2025-07-25T08:17:11.272903,bybit,0.8766,0.0,38.0,0.0
2025-07-25T08:17:11.310012,bitget,0.8772,0.8777,101.0,268.0
2025-07-25T08:17:11.371708,bybit,0.8766,0.0,50.0,0.0
2025-07-25T08:17:11.456527,bitget,0.8772,0.8777,101.0,828.0
2025-07-25T08:17:11.471136,bybit,0.0,0.0,0.0,0.0
2025-07-25T08:17:11.559184,blofin,0.876,0.8762,70.0,454.0
2025-07-25T08:17:11.606912,bitget,0.8772,0.8777,101.0,268.0
2025-07-25T08:17:11.625519,bingx,0.876,0.878,1165.519,210.128
2025-07-25T08:17:11.757880,bitget,0.8772,0.8777,101.0,268.0
2025-07-25T08:17:11.761915,bitmart,0.87522,0.87781,797.0,797.0
2025-07-25T08:17:11.902408,mexc,0.8768,0.877,529756.0,529756.0
2025-07-25T08:17:11.907344,bitget,0.8772,0.8777,101.0,268.0
2025-07-25T08:17:12.045665,blofin,0.876,0.8761,2.0,258.0
2025-07-25T08:17:12.060176,bitget,0.8772,0.8777,101.0,268.0
2025-07-25T08:17:12.071230,bybit,0.0,0.8767,0.0,124.0
2025-07-25T08:17:12.175672,bybit,0.0,0.8767,0.0,586.0
2025-07-25T08:17:12.207769,bitget,0.8772,0.8777,101.0,268.0
2025-07-25T08:17:12.271003,bybit,0.8765,0.8766,15.0,710.0
2025-07-25T08:17:12.358034,bitget,0.8772,0.8777,101.0,268.0
2025-07-25T08:17:12.371609,bybit,0.0,0.0,0.0,0.0
2025-07-25T08:17:12.401534,lbank,0.8761,0.8769,177.36,49.84
2025-07-25T08:17:12.511300,bitget,0.8772,0.8777,101.0,268.0
2025-07-25T08:17:12.525701,bingx,0.876,0.878,1165.519,210.128
2025-07-25T08:17:12.540681,blofin,0.876,0.8762,2.0,129.0
2025-07-25T08:17:12.544848,gateio,0.8761,0.8773,464.0,231.0
2025-07-25T08:17:12.572826,gateio,0.8761,0.8773,1148.0,231.0
2025-07-25T08:17:12.657051,bitget,0.8772,0.8777,101.0,268.0
2025-07-25T08:17:12.671139,bybit,0.0,0.8766,0.0,124.0
2025-07-25T08:17:12.739435,bitmart,0.87522,0.87781,797.0,797.0
2025-07-25T08:17:12.771160,bybit,0.8765,0.0,49.0,0.0
2025-07-25T08:17:12.811168,bitget,0.8772,0.8777,101.0,268.0
2025-07-25T08:17:12.958932,bitget,0.8772,0.8777,101.0,268.0
2025-07-25T08:17:12.998972,gateio,0.8762,0.8773,1.0,231.0
2025-07-25T08:17:13.056443,blofin,0.876,0.8761,2.0,586.0
2025-07-25T08:17:13.109722,bitget,0.8772,0.8777,101.0,268.0
2025-07-25T08:17:13.179285,lbank,0.8759,0.8769,51.9,146.45
2025-07-25T08:17:13.258354,bitget,0.8772,0.8777,101.0,214.0
2025-07-25T08:17:13.271196,bybit,0.8765,0.0,15.0,0.0
2025-07-25T08:17:13.371644,bybit,0.8765,0.0,49.0,0.0
2025-07-25T08:17:13.424176,bingx,0.876,0.878,1165.519,210.128
2025-07-25T08:17:13.547009,blofin,0.8759,0.876,2.0,126.0
2025-07-25T08:17:13.670966,bybit,0.8765,0.8766,15.0,710.0
2025-07-25T08:17:13.681899,lbank,0.8759,0.8769,51.9,146.45
2025-07-25T08:17:13.771538,bybit,0.0,0.8767,0.0,609.0
2025-07-25T08:17:13.773886,bitmart,0.87522,0.87781,797.0,797.0
2025-07-25T08:17:13.858663,bitget,0.8772,0.8777,101.0,214.0
2025-07-25T08:17:13.871179,bybit,0.0,0.8767,0.0,921.0
2025-07-25T08:17:14.011512,bitget,0.8772,0.8777,101.0,214.0
2025-07-25T08:17:14.028227,bingx,0.876,0.878,1165.519,210.128
2025-07-25T08:17:14.061929,blofin,0.8759,0.876,2.0,2.0
2025-07-25T08:17:14.159408,bitget,0.8772,0.8777,101.0,214.0
2025-07-25T08:17:14.271341,bybit,0.8765,0.8767,49.0,898.0
2025-07-25T08:17:14.310120,bitget,0.8772,0.8777,101.0,214.0
2025-07-25T08:17:14.314564,mexc,0.8767,0.8768,529756.0,529756.0
2025-07-25T08:17:14.471102,bybit,0.0,0.0,0.0,0.0
2025-07-25T08:17:14.531488,blofin,0.8759,0.876,2.0,2.0
2025-07-25T08:17:14.608958,bitget,0.8772,0.8777,101.0,214.0
2025-07-25T08:17:14.678553,lbank,0.8759,0.8769,51.9,146.45
2025-07-25T08:17:14.778941,bitmart,0.87522,0.87781,797.0,797.0
2025-07-25T08:17:14.932142,bingx,0.876,0.878,1165.519,210.128
2025-07-25T08:17:15.044072,blofin,0.8759,0.8761,2.0,923.0
2025-07-25T08:17:15.071130,bybit,0.8765,0.8767,15.0,921.0
2025-07-25T08:17:15.178634,lbank,0.8759,0.8769,51.9,146.45
2025-07-25T08:17:15.359236,bitget,0.8772,0.8777,101.0,214.0
2025-07-25T08:17:15.370924,bybit,0.0,0.8767,0.0,898.0
2025-07-25T08:17:15.537796,blofin,0.8759,0.8761,2.0,900.0
2025-07-25T08:17:15.571349,bybit,0.8765,0.0,49.0,0.0
2025-07-25T08:17:15.658517,bitget,0.8772,0.8777,101.0,214.0
2025-07-25T08:17:15.670983,bybit,0.0,0.8767,0.0,312.0
2025-07-25T08:17:15.680135,lbank,0.8759,0.8769,51.9,146.45
2025-07-25T08:17:15.761062,bitmart,0.87522,0.87781,797.0,797.0
2025-07-25T08:17:15.831440,bingx,0.876,0.878,1165.519,210.128
2025-07-25T08:17:15.871806,bybit,0.8766,0.8768,12.0,585.0
2025-07-25T08:17:15.960580,bitget,0.8772,0.8777,101.0,214.0
2025-07-25T08:17:16.048003,blofin,0.8759,0.8761,51.0,314.0
2025-07-25T08:17:16.110856,bitget,0.8772,0.8777,101.0,214.0
2025-07-25T08:17:16.188699,lbank,0.8759,0.8769,51.9,146.45
2025-07-25T08:17:16.542882,blofin,0.8759,0.8761,17.0,2.0
2025-07-25T08:17:16.572048,bybit,0.0,0.8767,0.0,258.0
2025-07-25T08:17:16.665812,mexc,0.8767,0.8768,529756.0,529756.0
2025-07-25T08:17:16.681091,lbank,0.8759,0.8769,51.9,146.45
2025-07-25T08:17:16.742016,bingx,0.876,0.878,1165.519,210.128
2025-07-25T08:17:16.770932,bybit,0.8766,0.8767,22.0,252.0
2025-07-25T08:17:16.781509,bitmart,0.87522,0.87781,797.0,797.0
2025-07-25T08:17:16.860271,bitget,0.8772,0.8777,101.0,214.0
2025-07-25T08:17:16.871665,bybit,0.0,0.0,0.0,0.0
2025-07-25T08:17:17.020896,bitget,0.8772,0.8777,101.0,214.0
2025-07-25T08:17:17.052738,blofin,0.8759,0.8761,17.0,587.0
2025-07-25T08:17:17.160157,bitget,0.8772,0.8777,101.0,214.0
2025-07-25T08:17:17.182128,lbank,0.8761,0.8769,52.09,49.9
2025-07-25T08:17:17.270974,bybit,0.0,0.8767,0.0,838.0
2025-07-25T08:17:17.460832,bitget,0.8772,0.8777,101.0,214.0
2025-07-25T08:17:17.544385,blofin,0.8759,0.8761,27.0,254.0
2025-07-25T08:17:17.610369,bitget,0.8772,0.8777,101.0,214.0
2025-07-25T08:17:17.640899,bingx,0.876,0.878,1165.519,210.128
2025-07-25T08:17:17.679386,lbank,0.8761,0.8769,52.09,49.9
2025-07-25T08:17:17.714970,bitmart,0.87522,0.87781,797.0,797.0
2025-07-25T08:17:18.045316,blofin,0.8759,0.8761,27.0,254.0
2025-07-25T08:17:18.060256,bitget,0.8772,0.8777,101.0,101.0
2025-07-25T08:17:18.243420,bingx,0.876,0.878,1165.519,210.128
2025-07-25T08:17:18.362776,bitget,0.8772,0.8777,101.0,214.0
2025-07-25T08:17:18.370742,bybit,0.0,0.8767,0.0,952.0
2025-07-25T08:17:18.511002,bitget,0.8772,0.8777,101.0,101.0
2025-07-25T08:17:18.564418,blofin,0.8759,0.8761,27.0,842.0
2025-07-25T08:17:18.661232,bitget,0.8772,0.8777,101.0,101.0
2025-07-25T08:17:18.685031,lbank,0.876,0.8768,52.1,49.9
2025-07-25T08:17:18.793520,bitmart,0.87522,0.87781,797.0,797.0
2025-07-25T08:17:18.961749,bitget,0.8772,0.8777,101.0,101.0
2025-07-25T08:17:18.971427,bybit,0.0,0.0,0.0,0.0
2025-07-25T08:17:19.046596,blofin,0.8759,0.8761,27.0,842.0
2025-07-25T08:17:19.060633,mexc,0.8765,0.8767,529756.0,529756.0
2025-07-25T08:17:19.111214,bitget,0.8772,0.8777,101.0,101.0
2025-07-25T08:17:19.152964,bingx,0.876,0.878,1165.519,210.128
2025-07-25T08:17:19.180101,lbank,0.876,0.8768,52.1,49.9
2025-07-25T08:17:19.271153,bybit,0.0,0.8767,0.0,343.0
2025-07-25T08:17:19.412188,bitget,0.8772,0.8777,101.0,101.0
2025-07-25T08:17:19.442601,gateio,0.8759,0.8773,342.0,231.0
2025-07-25T08:17:19.458422,gateio,0.8759,0.8773,1149.0,231.0
2025-07-25T08:17:19.549017,blofin,0.8759,0.8761,28.0,956.0
2025-07-25T08:17:19.562631,bitget,0.8772,0.8777,101.0,101.0
2025-07-25T08:17:19.675033,lbank,0.876,0.8768,52.1,49.9
2025-07-25T08:17:19.700639,gateio,0.8759,0.8773,1492.0,231.0
2025-07-25T08:17:19.709928,bitmart,0.87522,0.87781,797.0,797.0
2025-07-25T08:17:20.050354,bingx,0.876,0.878,1165.519,210.128
2025-07-25T08:17:20.050978,gateio,0.8759,0.8773,1028.0,231.0
2025-07-25T08:17:20.055801,blofin,0.8759,0.8761,28.0,956.0
2025-07-25T08:17:20.175614,lbank,0.876,0.8768,52.1,49.9
2025-07-25T08:17:20.274874,gateio,0.876,0.8773,464.0,231.0
2025-07-25T08:17:20.313408,bitget,0.8772,0.8777,101.0,101.0
2025-07-25T08:17:20.371208,bybit,0.0,0.8767,0.0,83.0
2025-07-25T08:17:20.464473,bitget,0.8772,0.8777,101.0,101.0
2025-07-25T08:17:20.471402,bybit,0.8766,0.8768,657.0,382.0
2025-07-25T08:17:20.556476,blofin,0.8759,0.8761,28.0,344.0
2025-07-25T08:17:20.571129,bybit,0.8766,0.8767,22.0,624.0
2025-07-25T08:17:20.613247,bitget,0.8772,0.8777,101.0,101.0
2025-07-25T08:17:20.671232,bybit,0.8765,0.8766,15.0,840.0
2025-07-25T08:17:20.679833,lbank,0.876,0.8768,52.1,49.9
2025-07-25T08:17:20.764338,bitget,0.8772,0.8777,101.0,214.0
2025-07-25T08:17:20.771234,bybit,0.0,0.0,0.0,0.0
2025-07-25T08:17:20.816593,bitmart,0.87522,0.87781,797.0,797.0
2025-07-25T08:17:20.914104,bitget,0.8772,0.8777,101.0,710.0
2025-07-25T08:17:20.953353,bingx,0.876,0.878,1165.519,210.128
2025-07-25T08:17:21.055805,blofin,0.8759,0.876,6.0,624.0
2025-07-25T08:17:21.071722,bitget,0.8772,0.8777,101.0,710.0
2025-07-25T08:17:21.188017,lbank,0.876,0.8768,52.1,49.9
2025-07-25T08:17:21.272077,bybit,0.8765,0.0,6.0,0.0
2025-07-25T08:17:21.364219,bitget,0.8769,0.8777,100.0,214.0
2025-07-25T08:17:21.465723,mexc,0.8765,0.8767,529756.0,529756.0
2025-07-25T08:17:21.518286,bitget,0.877,0.8777,101.0,449.0
2025-07-25T08:17:21.545074,blofin,0.8759,0.876,6.0,840.0
2025-07-25T08:17:21.664662,bitget,0.877,0.8777,101.0,805.0
2025-07-25T08:17:21.671354,bybit,0.0,0.8766,0.0,239.0
2025-07-25T08:17:21.678463,lbank,0.876,0.8768,52.1,49.9
2025-07-25T08:17:21.813930,bitmart,0.87522,0.87776,797.0,33041.0
2025-07-25T08:17:21.816388,bitget,0.877,0.8777,101.0,805.0
2025-07-25T08:17:21.840676,gateio,0.876,0.8773,806.0,231.0
2025-07-25T08:17:21.857017,bingx,0.876,0.878,1165.519,210.128
2025-07-25T08:17:21.966523,gateio,0.8761,0.8769,1.0,231.0
2025-07-25T08:17:22.060716,blofin,0.8759,0.876,6.0,840.0
2025-07-25T08:17:22.160432,bingx,0.876,0.878,1165.519,210.128
2025-07-25T08:17:22.180153,lbank,0.876,0.8768,134.66,49.9
2025-07-25T08:17:22.271110,bybit,0.0,0.0,0.0,0.0
2025-07-25T08:17:22.547532,blofin,0.8759,0.876,2.0,239.0
2025-07-25T08:17:22.575483,bybit,0.0,0.8766,0.0,840.0
2025-07-25T08:17:22.679616,lbank,0.8759,0.8767,127.74,263.9
2025-07-25T08:17:22.775043,bitmart,0.87522,0.87776,797.0,33041.0
2025-07-25T08:17:22.870869,bitget,0.877,0.8777,101.0,805.0
2025-07-25T08:17:23.014048,bitget,0.877,0.8777,101.0,805.0
2025-07-25T08:17:23.052051,blofin,0.8759,0.876,2.0,239.0
2025-07-25T08:17:23.059657,bingx,0.876,0.878,1165.519,210.128
2025-07-25T08:17:23.170950,bybit,0.0,0.0,0.0,0.0
2025-07-25T08:17:23.178184,lbank,0.8759,0.8767,127.74,263.9
2025-07-25T08:17:23.410939,gateio,0.8761,0.8773,465.0,231.0
2025-07-25T08:17:23.554837,blofin,0.8759,0.876,2.0,843.0
2025-07-25T08:17:23.668667,gateio,0.8761,0.8773,807.0,231.0
2025-07-25T08:17:23.761535,bitmart,0.87522,0.87776,797.0,33041.0
2025-07-25T08:17:23.764701,bitget,0.877,0.8777,101.0,805.0
2025-07-25T08:17:23.859190,mexc,0.8765,0.8768,529984.0,529984.0
2025-07-25T08:17:23.870878,bybit,0.0,0.8766,0.0,954.0
2025-07-25T08:17:23.914633,bitget,0.877,0.8777,101.0,805.0
2025-07-25T08:17:23.960985,bingx,0.876,0.878,1165.519,210.128
2025-07-25T08:17:24.033805,blofin,0.8759,0.876,2.0,843.0
2025-07-25T08:17:24.122509,gateio,0.8761,0.8773,1149.0,231.0
2025-07-25T08:17:24.178613,lbank,0.8759,0.8767,127.74,263.9
2025-07-25T08:17:24.217546,bitget,0.877,0.8777,101.0,805.0
2025-07-25T08:17:24.556773,blofin,0.8759,0.876,2.0,957.0
2025-07-25T08:17:24.675996,lbank,0.8759,0.8767,127.74,263.9
2025-07-25T08:17:24.781386,bitmart,0.87522,0.87776,797.0,33041.0
2025-07-25T08:17:24.906135,bingx,0.876,0.878,1165.519,210.128
2025-07-25T08:17:25.045195,blofin,0.8759,0.876,2.0,957.0
2025-07-25T08:17:25.213130,lbank,0.8759,0.8767,127.74,263.9
2025-07-25T08:17:25.415905,bitget,0.877,0.8777,101.0,570.0
2025-07-25T08:17:25.548981,blofin,0.8759,0.876,2.0,956.0
2025-07-25T08:17:25.565838,bitget,0.877,0.8777,101.0,570.0
2025-07-25T08:17:25.680317,lbank,0.8759,0.8767,127.74,263.9
2025-07-25T08:17:25.760533,bitmart,0.87522,0.87775,797.0,797.0
2025-07-25T08:17:25.771096,bingx,0.876,0.878,1165.519,210.128
2025-07-25T08:17:25.866422,bitget,0.877,0.8777,101.0,570.0
2025-07-25T08:17:25.871142,bybit,0.0,0.0,0.0,0.0
2025-07-25T08:17:26.048902,blofin,0.8759,0.876,2.0,956.0
2025-07-25T08:17:26.171237,bybit,0.0,0.0,0.0,0.0
2025-07-25T08:17:26.213375,mexc,0.8764,0.8765,529984.0,529984.0
2025-07-25T08:17:26.532435,blofin,0.8759,0.876,2.0,956.0
2025-07-25T08:17:26.616657,gateio,0.8761,0.8769,1149.0,231.0
2025-07-25T08:17:26.671200,bingx,0.876,0.878,1165.519,210.128
2025-07-25T08:17:26.813101,bitmart,0.87522,0.87775,797.0,797.0
2025-07-25T08:17:27.005441,gateio,0.8761,0.8773,1149.0,231.0
2025-07-25T08:17:27.042157,blofin,0.8759,0.876,2.0,956.0
2025-07-25T08:17:27.071358,bybit,0.0,0.8766,0.0,201.0
2025-07-25T08:17:27.170857,bybit,0.8765,0.8767,607.0,236.0
2025-07-25T08:17:27.183233,lbank,0.8759,0.8767,127.74,263.9
2025-07-25T08:17:27.217157,bitget,0.877,0.8777,155.0,101.0
2025-07-25T08:17:27.271984,bybit,0.8765,0.0,641.0,0.0
2025-07-25T08:17:27.371215,bybit,0.8765,0.0,40.0,0.0
2025-07-25T08:17:27.372510,bitget,0.877,0.8777,155.0,101.0
2025-07-25T08:17:27.517214,bitget,0.877,0.8777,155.0,101.0
2025-07-25T08:17:27.540935,blofin,0.8759,0.876,2.0,2.0
2025-07-25T08:17:27.574707,bingx,0.876,0.878,1165.519,210.128
2025-07-25T08:17:27.676567,lbank,0.8758,0.8766,93.95,263.9
2025-07-25T08:17:27.761956,bitmart,0.87522,0.87775,797.0,797.0
2025-07-25T08:17:27.771025,bybit,0.8765,0.0,641.0,0.0
2025-07-25T08:17:27.819735,bitget,0.877,0.8777,155.0,101.0
2025-07-25T08:17:27.871475,bybit,0.8765,0.8768,675.0,491.0
2025-07-25T08:17:27.968584,bitget,0.877,0.8777,155.0,101.0
2025-07-25T08:17:28.050637,blofin,0.8759,0.876,2.0,2.0
2025-07-25T08:17:28.120864,bitget,0.877,0.8777,155.0,101.0
2025-07-25T08:17:28.181440,lbank,0.8758,0.8766,93.95,263.9
2025-07-25T08:17:28.269551,bitget,0.877,0.8777,155.0,101.0
2025-07-25T08:17:28.271045,bybit,0.0,0.0,0.0,0.0
2025-07-25T08:17:28.371357,bybit,0.8766,0.8769,635.0,738.0
2025-07-25T08:17:28.400616,gateio,0.8761,0.8773,685.0,231.0
2025-07-25T08:17:28.444600,gateio,0.8762,0.8773,464.0,231.0
2025-07-25T08:17:28.471080,bybit,0.8768,0.877,635.0,390.0
2025-07-25T08:17:28.478479,bingx,0.876,0.878,1165.519,210.128
2025-07-25T08:17:28.555891,blofin,0.8759,0.8762,2.0,494.0
2025-07-25T08:17:28.567993,bitget,0.877,0.8777,530.0,101.0
2025-07-25T08:17:28.571358,bybit,0.8768,0.877,669.0,7.0
2025-07-25T08:17:28.593264,gateio,0.8762,0.8777,464.0,231.0
2025-07-25T08:17:28.600117,mexc,0.8764,0.8765,529984.0,529984.0
2025-07-25T08:17:28.676267,lbank,0.8758,0.8766,93.95,263.9
2025-07-25T08:17:28.717438,bitget,0.8771,0.8779,92.0,113.0
2025-07-25T08:17:28.769522,bitmart,0.87554,0.87775,47595.0,797.0
2025-07-25T08:17:28.771535,bybit,0.8769,0.0,669.0,0.0
2025-07-25T08:17:28.871106,bybit,0.8769,0.0,68.0,0.0
2025-07-25T08:17:28.871343,bitget,0.8772,0.8779,101.0,113.0
2025-07-25T08:17:28.898764,gateio,0.8762,0.8777,806.0,231.0
2025-07-25T08:17:28.954869,gateio,0.8763,0.8777,1.0,231.0
2025-07-25T08:17:28.970818,bybit,0.8768,0.0,669.0,0.0
2025-07-25T08:17:29.018244,bitget,0.8772,0.8779,201.0,113.0
2025-07-25T08:17:29.066095,blofin,0.8761,0.8762,635.0,3.0
2025-07-25T08:17:29.175267,bitget,0.8772,0.878,201.0,1155.0
2025-07-25T08:17:29.220529,lbank,0.8762,0.8768,264.88,49.84
2025-07-25T08:17:29.271133,bybit,0.8769,0.0,869.0,0.0
2025-07-25T08:17:29.323629,bitget,0.8772,0.8779,201.0,101.0
2025-07-25T08:17:29.355176,gateio,0.8764,0.8777,464.0,231.0
2025-07-25T08:17:29.386539,bingx,0.876,0.878,1165.519,210.128
2025-07-25T08:17:29.464577,gateio,0.8764,0.878,464.0,11.0
2025-07-25T08:17:29.467844,bitget,0.8773,0.8779,1155.0,101.0
2025-07-25T08:17:29.470810,bybit,0.8769,0.0,7.0,0.0
2025-07-25T08:17:29.480630,gateio,0.8764,0.878,806.0,11.0
2025-07-25T08:17:29.545093,gateio,0.8765,0.878,1.0,11.0
2025-07-25T08:17:29.555044,blofin,0.8761,0.8764,68.0,7.0
2025-07-25T08:17:29.565484,gateio,0.8765,0.8777,1.0,231.0
2025-07-25T08:17:29.571043,bybit,0.8769,0.0,656.0,0.0
2025-07-25T08:17:29.618575,bitget,0.8774,0.8779,101.0,101.0
2025-07-25T08:17:29.679297,lbank,0.8762,0.8768,264.88,49.84
2025-07-25T08:17:29.768910,bitget,0.8774,0.8779,155.0,101.0
2025-07-25T08:17:29.771123,bybit,0.8769,0.0,697.0,0.0
2025-07-25T08:17:29.815585,bitmart,0.87554,0.87775,47595.0,797.0
2025-07-25T08:17:29.918130,bitget,0.8774,0.8782,155.0,113.0
2025-07-25T08:17:30.047467,blofin,0.8762,0.8764,669.0,7.0
2025-07-25T08:17:30.071527,bitget,0.8774,0.8781,155.0,1256.0
2025-07-25T08:17:30.181983,lbank,0.8763,0.8767,100.48,288.86
2025-07-25T08:17:30.219122,bitget,0.8774,0.878,155.0,113.0
2025-07-25T08:17:30.282137,bingx,0.876,0.878,1165.519,210.128
2025-07-25T08:17:30.471085,bybit,0.8769,0.0,1036.0,0.0
2025-07-25T08:17:30.545213,blofin,0.8762,0.8764,697.0,7.0
2025-07-25T08:17:30.570976,bybit,0.8769,0.0,1216.0,0.0
2025-07-25T08:17:30.671990,bitget,0.8774,0.8781,155.0,1256.0
2025-07-25T08:17:30.679052,lbank,0.8763,0.877,100.48,49.86
2025-07-25T08:17:30.787073,bitmart,0.87554,0.87775,47595.0,797.0
2025-07-25T08:17:30.819230,bitget,0.8774,0.8781,155.0,1256.0
2025-07-25T08:17:30.968997,mexc,0.8768,0.877,529984.0,529984.0
2025-07-25T08:17:31.057653,blofin,0.8762,0.8764,697.0,7.0
2025-07-25T08:17:31.179264,lbank,0.8763,0.877,100.48,49.86
2025-07-25T08:17:31.187265,bingx,0.876,0.878,1165.519,210.128
2025-07-25T08:17:31.370681,bybit,0.8769,0.0,1497.0,0.0
2025-07-25T08:17:31.470962,bybit,0.8769,0.0,3078.0,0.0
2025-07-25T08:17:31.550114,blofin,0.8762,0.8764,1216.0,7.0
2025-07-25T08:17:31.571165,bybit,0.8769,0.0,2599.0,0.0
2025-07-25T08:17:31.671138,bybit,0.8769,0.0,1615.0,0.0
2025-07-25T08:17:31.678543,lbank,0.8763,0.877,100.48,49.86
2025-07-25T08:17:31.720911,bitget,0.8774,0.8781,155.0,1256.0
2025-07-25T08:17:31.760719,gateio,0.8765,0.8777,342.0,231.0
2025-07-25T08:17:31.761306,bitmart,0.87574,0.87775,59088.0,797.0
2025-07-25T08:17:31.772356,bybit,0.8769,0.0,1701.0,0.0
2025-07-25T08:17:31.844326,gateio,0.8765,0.8777,684.0,231.0
2025-07-25T08:17:31.869647,bitget,0.8774,0.8781,101.0,1310.0
2025-07-25T08:17:31.870767,bybit,0.8769,0.0,1738.0,0.0
2025-07-25T08:17:31.971135,bybit,0.8769,0.0,1889.0,0.0
2025-07-25T08:17:32.020005,bitget,0.8774,0.8781,101.0,1310.0
2025-07-25T08:17:32.048386,blofin,0.8762,0.8764,1216.0,7.0
2025-07-25T08:17:32.091490,bingx,0.876,0.878,1165.519,210.128
2025-07-25T08:17:32.133356,gateio,0.8766,0.8777,1.0,231.0
2025-07-25T08:17:32.171004,bybit,0.8769,0.0,2045.0,0.0
2025-07-25T08:17:32.173201,bitget,0.8774,0.8781,101.0,1256.0
2025-07-25T08:17:32.271649,bybit,0.8769,0.0,2016.0,0.0
2025-07-25T08:17:32.320198,bitget,0.8774,0.8781,101.0,101.0
2025-07-25T08:17:32.371921,bybit,0.8769,0.0,2387.0,0.0
2025-07-25T08:17:32.391096,bingx,0.876,0.878,1165.519,210.128
2025-07-25T08:17:32.469970,bitget,0.8774,0.8781,101.0,101.0
2025-07-25T08:17:32.470876,bybit,0.8769,0.0,2602.0,0.0
2025-07-25T08:17:32.550735,blofin,0.8762,0.8764,1738.0,11.0
2025-07-25T08:17:32.628412,bitget,0.8774,0.8781,101.0,101.0
2025-07-25T08:17:32.678514,lbank,0.8763,0.877,100.48,49.86
2025-07-25T08:17:32.769969,bitget,0.8774,0.8781,101.0,101.0
2025-07-25T08:17:32.771093,bybit,0.0,0.0,0.0,0.0
2025-07-25T08:17:32.774877,bitmart,0.87574,0.87827,59088.0,61384.0
2025-07-25T08:17:32.870840,bybit,0.8769,0.0,2684.0,0.0
2025-07-25T08:17:32.971025,bybit,0.8769,0.0,2602.0,0.0
2025-07-25T08:17:33.040683,blofin,0.8762,0.8764,1738.0,11.0
2025-07-25T08:17:33.071131,bybit,0.8769,0.0,2770.0,0.0
2025-07-25T08:17:33.171162,bybit,0.8769,0.0,2818.0,0.0
2025-07-25T08:17:33.182126,lbank,0.8763,0.877,100.48,49.86
2025-07-25T08:17:33.220949,bitget,0.8774,0.8781,101.0,101.0
2025-07-25T08:17:33.271155,bybit,0.8769,0.0,2812.0,0.0
2025-07-25T08:17:33.294348,bingx,0.876,0.878,1165.519,210.128
2025-07-25T08:17:33.353108,mexc,0.8768,0.877,529984.0,529984.0
2025-07-25T08:17:33.370629,bitget,0.8774,0.8781,101.0,101.0
2025-07-25T08:17:33.371016,bybit,0.8769,0.0,2660.0,0.0
2025-07-25T08:17:33.442278,gateio,0.8766,0.8777,343.0,231.0
2025-07-25T08:17:33.471019,bybit,0.8769,0.0,1746.0,0.0
2025-07-25T08:17:33.520923,bitget,0.8774,0.8781,101.0,101.0
2025-07-25T08:17:33.544539,gateio,0.8766,0.8777,342.0,231.0
2025-07-25T08:17:33.566914,blofin,0.8762,0.8764,2686.0,11.0
2025-07-25T08:17:33.571006,bybit,0.8769,0.0,1672.0,0.0
2025-07-25T08:17:33.628546,gateio,0.8766,0.8777,684.0,231.0
2025-07-25T08:17:33.670965,bitget,0.8774,0.8779,101.0,101.0
2025-07-25T08:17:33.671312,bybit,0.0,0.0,0.0,0.0
2025-07-25T08:17:33.681310,lbank,0.8763,0.877,100.48,49.86
2025-07-25T08:17:33.772519,bitmart,0.87574,0.87826,59088.0,797.0
2025-07-25T08:17:33.822977,gateio,0.8767,0.8777,1.0,231.0
2025-07-25T08:17:33.844438,gateio,0.8764,0.8777,464.0,231.0
2025-07-25T08:17:33.944442,gateio,0.8764,0.8777,1148.0,231.0
2025-07-25T08:17:33.970870,bybit,0.8769,0.0,1835.0,0.0
2025-07-25T08:17:34.065493,blofin,0.8762,0.8764,2686.0,11.0
2025-07-25T08:17:34.070911,bybit,0.8769,0.0,1778.0,0.0
2025-07-25T08:17:34.178693,lbank,0.8764,0.8773,67.8,49.86
2025-07-25T08:17:34.199899,bingx,0.876,0.878,1165.519,210.128
2025-07-25T08:17:34.234264,gateio,0.8765,0.8777,1.0,231.0
2025-07-25T08:17:34.534685,blofin,0.8762,0.8764,1673.0,11.0
2025-07-25T08:17:34.570901,bybit,0.0,0.0,0.0,0.0
2025-07-25T08:17:34.571375,bitget,0.8774,0.8779,101.0,101.0
2025-07-25T08:17:34.677204,lbank,0.8764,0.8773,67.8,49.86
2025-07-25T08:17:34.720705,bitget,0.8774,0.8779,101.0,101.0
2025-07-25T08:17:34.789298,bitmart,0.87574,0.87826,59088.0,797.0
2025-07-25T08:17:34.870758,bybit,0.0,0.0,0.0,0.0
2025-07-25T08:17:35.043798,blofin,0.8762,0.8764,1673.0,11.0
2025-07-25T08:17:35.097014,bingx,0.876,0.878,1165.519,210.128
2025-07-25T08:17:35.179181,lbank,0.8764,0.8773,67.8,49.86
2025-07-25T08:17:35.323412,bitget,0.8774,0.8779,101.0,101.0
2025-07-25T08:17:35.370771,bybit,0.8769,0.0,1873.0,0.0
2025-07-25T08:17:35.471285,bybit,0.8769,0.0,1863.0,0.0
2025-07-25T08:17:35.472224,bitget,0.8774,0.8779,101.0,101.0
2025-07-25T08:17:35.474975,gateio,0.8764,0.8777,464.0,231.0
2025-07-25T08:17:35.541497,blofin,0.8762,0.8764,1781.0,11.0
2025-07-25T08:17:35.570977,bybit,0.8769,0.0,1950.0,0.0
2025-07-25T08:17:35.621645,bitget,0.8774,0.8779,101.0,101.0
2025-07-25T08:17:35.677160,lbank,0.8764,0.8773,67.8,49.86
2025-07-25T08:17:35.721413,mexc,0.8769,0.8771,529984.0,529984.0
2025-07-25T08:17:35.722175,bitmart,0.87574,0.87826,59088.0,797.0
2025-07-25T08:17:35.771125,bybit,0.8769,0.0,2064.0,0.0
2025-07-25T08:17:35.775117,bitget,0.8774,0.8779,101.0,101.0
2025-07-25T08:17:35.922838,bitget,0.8774,0.8779,101.0,101.0
2025-07-25T08:17:36.000491,bingx,0.876,0.878,1165.519,210.128
2025-07-25T08:17:36.050000,blofin,0.8762,0.8764,1781.0,11.0
2025-07-25T08:17:36.071038,bybit,0.8769,0.0,2239.0,0.0
2025-07-25T08:17:36.072135,bitget,0.8774,0.8779,101.0,101.0
2025-07-25T08:17:36.177688,lbank,0.8764,0.8773,67.8,49.86
2025-07-25T08:17:36.271582,bybit,0.8769,0.0,2315.0,0.0
2025-07-25T08:17:36.305411,bingx,0.876,0.878,1165.519,210.128
2025-07-25T08:17:36.371141,bybit,0.8769,0.0,2505.0,0.0
2025-07-25T08:17:36.371812,bitget,0.8774,0.8779,101.0,101.0
2025-07-25T08:17:36.522005,bitget,0.8774,0.8779,101.0,101.0
2025-07-25T08:17:36.540031,blofin,0.8762,0.8764,2067.0,11.0
2025-07-25T08:17:36.674841,gateio,0.8764,0.8777,465.0,231.0
2025-07-25T08:17:36.676214,lbank,0.8764,0.8773,67.8,49.86
2025-07-25T08:17:36.676833,bitget,0.8774,0.8779,101.0,101.0
2025-07-25T08:17:36.776010,bitmart,0.87575,0.87826,797.0,797.0
2025-07-25T08:17:37.050110,blofin,0.8762,0.8764,2067.0,11.0
2025-07-25T08:17:37.074357,bybit,0.8769,0.0,2581.0,0.0
2025-07-25T08:17:37.179825,lbank,0.8764,0.8773,67.8,49.86
2025-07-25T08:17:37.208702,bingx,0.876,0.878,1165.519,210.128
2025-07-25T08:17:37.271265,bybit,0.8769,0.0,2695.0,0.0
2025-07-25T08:17:37.546429,blofin,0.8762,0.8764,2508.0,8.0
2025-07-25T08:17:37.573221,bitget,0.8774,0.8779,101.0,101.0
2025-07-25T08:17:37.681845,lbank,0.8765,0.8773,51.84,49.86
2025-07-25T08:17:37.786813,bitmart,0.87575,0.87826,797.0,797.0
2025-07-25T08:17:37.849888,gateio,0.8764,0.8777,807.0,231.0
2025-07-25T08:17:37.871092,bybit,0.8769,0.0,2330.0,0.0
2025-07-25T08:17:38.024476,bitget,0.8774,0.8779,136.0,101.0
2025-07-25T08:17:38.051245,blofin,0.8762,0.8764,2508.0,8.0
2025-07-25T08:17:38.071481,bybit,0.8769,0.0,2490.0,0.0
2025-07-25T08:17:38.112666,bingx,0.876,0.878,1165.519,210.128
2025-07-25T08:17:38.125363,mexc,0.8769,0.8771,529984.0,529984.0
2025-07-25T08:17:38.171119,bybit,0.8769,0.0,2369.0,0.0
2025-07-25T08:17:38.180217,lbank,0.8765,0.8773,51.84,49.86
2025-07-25T08:17:38.224536,gateio,0.8764,0.8777,1149.0,231.0
2025-07-25T08:17:38.271171,bybit,0.8769,0.0,2443.0,0.0
2025-07-25T08:17:38.330181,bitget,0.8774,0.8779,101.0,101.0
2025-07-25T08:17:38.371121,bybit,0.8769,0.0,2591.0,0.0
2025-07-25T08:17:38.471063,bybit,0.8769,0.0,2602.0,0.0
2025-07-25T08:17:38.473491,bitget,0.8774,0.8779,101.0,101.0
2025-07-25T08:17:38.549575,blofin,0.8762,0.8764,2336.0,15.0
2025-07-25T08:17:38.712807,bingx,0.876,0.878,1165.519,210.128
2025-07-25T08:17:38.767577,bitmart,0.87575,0.87826,797.0,797.0
2025-07-25T08:17:38.870976,bybit,0.8769,0.0,2712.0,0.0
2025-07-25T08:17:38.971013,bybit,0.8769,0.0,2703.0,0.0
2025-07-25T08:17:39.034129,blofin,0.8762,0.8764,2336.0,15.0
2025-07-25T08:17:39.071241,bybit,0.8769,0.0,3107.0,0.0
2025-07-25T08:17:39.076475,bitget,0.8774,0.8779,136.0,101.0
2025-07-25T08:17:39.371996,bybit,0.8769,0.0,3088.0,0.0
2025-07-25T08:17:39.374095,bitget,0.8774,0.8779,136.0,101.0
2025-07-25T08:17:39.553016,blofin,0.8762,0.8764,2718.0,15.0
2025-07-25T08:17:39.614181,bingx,0.876,0.878,1165.519,210.128
2025-07-25T08:17:39.674614,bitget,0.8774,0.8779,136.0,101.0
2025-07-25T08:17:39.763817,bitmart,0.87575,0.87826,797.0,797.0
2025-07-25T08:17:40.053045,blofin,0.8762,0.8764,2718.0,15.0
2025-07-25T08:17:40.171042,bybit,0.8769,0.0,3132.0,0.0
2025-07-25T08:17:40.271185,bybit,0.8773,0.8778,652.0,786.0
2025-07-25T08:17:40.291510,gateio,0.8764,0.878,1149.0,11.0
2025-07-25T08:17:40.291554,bitget,0.8774,0.8779,136.0,101.0
2025-07-25T08:17:40.314979,gateio,0.8765,0.878,231.0,11.0
2025-07-25T08:17:40.330085,gateio,0.8765,0.878,281.0,11.0
2025-07-25T08:17:40.340589,gateio,0.8765,0.878,309.0,11.0
2025-07-25T08:17:40.362345,gateio,0.8769,0.878,231.0,11.0
2025-07-25T08:17:40.371185,bybit,0.8775,0.8778,652.0,7.0
2025-07-25T08:17:40.425918,bitget,0.8779,0.8783,101.0,113.0
2025-07-25T08:17:40.450029,lbank,0.8765,0.877,51.84,20.42
2025-07-25T08:17:40.470977,bybit,0.8775,0.8778,786.0,243.0
2025-07-25T08:17:40.502585,mexc,0.8769,0.8771,529984.0,529984.0
2025-07-25T08:17:40.506871,lbank,0.8765,0.8773,51.84,49.86
2025-07-25T08:17:40.523520,bingx,0.877,0.879,703.359,218.959
2025-07-25T08:17:40.537172,gateio,0.8769,0.878,714.0,11.0
2025-07-25T08:17:40.544526,blofin,0.8768,0.8772,652.0,786.0
2025-07-25T08:17:40.571204,bybit,0.8775,0.8777,162.0,590.0
2025-07-25T08:17:40.574945,bitget,0.8781,0.8787,101.0,113.0
2025-07-25T08:17:40.589073,gateio,0.8769,0.878,231.0,11.0
2025-07-25T08:17:40.618584,gateio,0.877,0.878,483.0,11.0
2025-07-25T08:17:40.648960,gateio,0.877,0.878,484.0,11.0
2025-07-25T08:17:40.668766,gateio,0.877,0.8782,484.0,2.0
2025-07-25T08:17:40.671048,bybit,0.0,0.8777,0.0,830.0
2025-07-25T08:17:40.725548,bitget,0.8781,0.8786,101.0,101.0
2025-07-25T08:17:40.770819,bybit,0.8775,0.8778,230.0,1027.0
2025-07-25T08:17:40.772893,bitmart,0.87624,0.87826,124487.0,797.0
2025-07-25T08:17:40.823078,bingx,0.877,0.879,703.489,210.388
2025-07-25T08:17:40.870622,bybit,0.8775,0.0,311.0,0.0
2025-07-25T08:17:40.875095,bitget,0.8781,0.8786,155.0,101.0
2025-07-25T08:17:41.032631,bitget,0.8781,0.8786,155.0,101.0
2025-07-25T08:17:41.053012,blofin,0.8768,0.8772,162.0,830.0
2025-07-25T08:17:41.170879,bybit,0.0,0.0,0.0,0.0
2025-07-25T08:17:41.192248,lbank,0.8765,0.8773,51.84,49.86
2025-07-25T08:17:41.334644,bitget,0.8781,0.8786,155.0,101.0
2025-07-25T08:17:41.548276,blofin,0.8768,0.8772,311.0,1027.0
2025-07-25T08:17:41.571207,bybit,0.8775,0.0,402.0,0.0
2025-07-25T08:17:41.670938,bybit,0.8775,0.0,486.0,0.0
2025-07-25T08:17:41.677064,lbank,0.8769,0.8778,152.06,214.01
2025-07-25T08:17:41.723565,bingx,0.877,0.879,703.489,210.388
2025-07-25T08:17:41.770989,bybit,0.0,0.0,0.0,0.0
2025-07-25T08:17:41.798977,bitmart,0.87624,0.87889,69787.0,68565.0
2025-07-25T08:17:41.870564,bybit,0.8776,0.0,347.0,0.0
2025-07-25T08:17:42.051734,blofin,0.8768,0.8772,311.0,1031.0
2025-07-25T08:17:42.070863,bybit,0.0,0.0,0.0,0.0
2025-07-25T08:17:42.178764,lbank,0.8769,0.8778,152.06,1001.6
2025-07-25T08:17:42.271116,bybit,0.0,0.8778,0.0,243.0
2025-07-25T08:17:42.531770,bitget,0.8781,0.8786,155.0,101.0
2025-07-25T08:17:42.538234,blofin,0.8769,0.8772,347.0,1031.0
2025-07-25T08:17:42.630034,bingx,0.877,0.879,703.489,210.388
2025-07-25T08:17:42.671055,bybit,0.0,0.0,0.0,0.0
2025-07-25T08:17:42.676545,bitget,0.8782,0.8786,1155.0,101.0
2025-07-25T08:17:42.783550,bitmart,0.87635,0.87888,797.0,250.0
2025-07-25T08:17:42.831377,bitget,0.8783,0.8786,101.0,101.0
2025-07-25T08:17:42.890446,mexc,0.8776,0.8777,529984.0,529984.0
2025-07-25T08:17:42.978052,bitget,0.8783,0.8786,101.0,101.0
2025-07-25T08:17:43.067251,blofin,0.8769,0.8772,347.0,1031.0
2025-07-25T08:17:43.178062,lbank,0.8771,0.878,118.21,214.01
2025-07-25T08:17:43.271032,bybit,0.0,0.0,0.0,0.0
2025-07-25T08:17:43.527673,bingx,0.877,0.879,703.489,210.388
2025-07-25T08:17:43.553054,blofin,0.8769,0.8772,350.0,244.0
2025-07-25T08:17:43.576927,bitget,0.8783,0.8786,101.0,101.0
2025-07-25T08:17:43.675703,lbank,0.8771,0.8779,118.21,301.7
2025-07-25T08:17:43.760742,bitmart,0.87635,0.87888,797.0,250.0
2025-07-25T08:17:43.770647,bybit,0.0,0.8778,0.0,7.0
2025-07-25T08:17:44.059711,blofin,0.8769,0.8772,350.0,244.0
2025-07-25T08:17:44.177820,bitget,0.8783,0.8786,101.0,101.0
2025-07-25T08:17:44.183118,lbank,0.8771,0.878,118.21,214.01
2025-07-25T08:17:44.434251,bingx,0.877,0.879,703.489,210.388
2025-07-25T08:17:44.568433,blofin,0.8769,0.8772,350.0,12.0
2025-07-25T08:17:44.682531,lbank,0.8771,0.878,118.21,214.01
2025-07-25T08:17:44.793665,bitmart,0.87635,0.87888,797.0,250.0
2025-07-25T08:17:44.870990,bybit,0.0,0.8778,0.0,597.0
2025-07-25T08:17:44.970553,bybit,0.0,0.8777,0.0,590.0
2025-07-25T08:17:45.038547,blofin,0.8769,0.8772,350.0,12.0
2025-07-25T08:17:45.078508,bitget,0.8783,0.8786,101.0,101.0
2025-07-25T08:17:45.178457,lbank,0.8771,0.878,118.21,214.01
2025-07-25T08:17:45.229747,bitget,0.8783,0.8786,101.0,101.0
2025-07-25T08:17:45.305284,mexc,0.8776,0.8777,529984.0,529984.0
2025-07-25T08:17:45.331937,bingx,0.877,0.879,703.489,210.388
2025-07-25T08:17:45.378237,bitget,0.8783,0.8786,101.0,101.0
2025-07-25T08:17:45.525755,blofin,0.8769,0.8771,351.0,597.0
2025-07-25T08:17:45.571550,bybit,0.0,0.8778,0.0,836.0
2025-07-25T08:17:45.633920,bingx,0.877,0.879,703.489,210.388
2025-07-25T08:17:45.678156,bitget,0.8783,0.8786,101.0,101.0
2025-07-25T08:17:45.711186,lbank,0.8771,0.878,118.21,214.01
2025-07-25T08:17:45.797269,bitmart,0.87635,0.87888,797.0,250.0
2025-07-25T08:17:45.828866,bitget,0.8783,0.8786,101.0,101.0
2025-07-25T08:17:45.871087,bybit,0.8776,0.0,522.0,0.0
2025-07-25T08:17:45.970734,bybit,0.8776,0.8778,556.0,246.0
2025-07-25T08:17:46.051121,blofin,0.8769,0.8772,351.0,595.0
2025-07-25T08:17:46.071023,bybit,0.8776,0.0,522.0,0.0
2025-07-25T08:17:46.170741,bybit,0.8776,0.0,556.0,0.0
2025-07-25T08:17:46.270749,bybit,0.8776,0.0,522.0,0.0
2025-07-25T08:17:46.278599,bitget,0.8783,0.8786,101.0,101.0
2025-07-25T08:17:46.534529,bingx,0.877,0.879,703.489,210.388
2025-07-25T08:17:46.539246,blofin,0.8769,0.8772,525.0,841.0
2025-07-25T08:17:46.678334,lbank,0.8771,0.878,118.21,214.01
2025-07-25T08:17:46.771179,bybit,0.8776,0.0,532.0,0.0
2025-07-25T08:17:46.771776,bitmart,0.87635,0.87888,797.0,250.0
2025-07-25T08:17:46.870835,bybit,0.8777,0.8778,1979.0,7.0
2025-07-25T08:17:47.072061,blofin,0.877,0.8772,532.0,251.0
2025-07-25T08:17:47.180538,bitget,0.8783,0.8786,101.0,101.0
2025-07-25T08:17:47.182128,lbank,0.8771,0.878,118.21,214.01
2025-07-25T08:17:47.335018,bitget,0.8783,0.8786,101.0,101.0
2025-07-25T08:17:47.463563,bingx,0.877,0.879,703.489,210.388
2025-07-25T08:17:47.555371,blofin,0.877,0.8772,1983.0,12.0
2025-07-25T08:17:47.675988,lbank,0.8771,0.8779,819.63,214.01
2025-07-25T08:17:47.684080,mexc,0.8776,0.8777,529984.0,529984.0
2025-07-25T08:17:47.762191,bitmart,0.87635,0.87888,797.0,250.0
2025-07-25T08:17:47.971879,bybit,0.8777,0.0,2047.0,0.0
2025-07-25T08:17:47.992470,gateio,0.877,0.8782,826.0,2.0
2025-07-25T08:17:48.056773,blofin,0.877,0.8772,1983.0,12.0
2025-07-25T08:17:48.080538,bitget,0.8783,0.8789,101.0,113.0
2025-07-25T08:17:48.171137,bybit,0.8777,0.0,2013.0,0.0
2025-07-25T08:17:48.179928,lbank,0.8771,0.8779,701.42,214.01
2025-07-25T08:17:48.231416,bitget,0.8783,0.8788,101.0,101.0
2025-07-25T08:17:48.244327,gateio,0.877,0.8782,1168.0,2.0
2025-07-25T08:17:48.271297,bybit,0.8777,0.0,1979.0,0.0
2025-07-25T08:17:48.343484,bingx,0.877,0.879,703.489,210.388
2025-07-25T08:17:48.544474,blofin,0.877,0.8772,1982.0,8.0
2025-07-25T08:17:48.671894,bybit,0.0,0.0,0.0,0.0
2025-07-25T08:17:48.761622,bitmart,0.87635,0.87888,797.0,250.0
2025-07-25T08:17:48.849909,lbank,0.8771,0.8779,701.42,214.01
2025-07-25T08:17:48.870769,bybit,0.8777,0.0,2047.0,0.0
2025-07-25T08:17:48.971306,bybit,0.0,0.0,0.0,0.0
2025-07-25T08:17:49.054193,blofin,0.877,0.8772,1982.0,8.0
2025-07-25T08:17:49.247373,bingx,0.877,0.879,703.489,210.388
2025-07-25T08:17:49.270915,bybit,0.8777,0.0,1979.0,0.0
2025-07-25T08:17:49.551360,blofin,0.877,0.8772,2052.0,8.0
2025-07-25T08:17:49.675582,lbank,0.8771,0.8779,701.42,214.01
2025-07-25T08:17:49.798546,bitmart,0.87635,0.87888,797.0,250.0
2025-07-25T08:17:49.871138,bybit,0.0,0.0,0.0,0.0
2025-07-25T08:17:49.971040,bybit,0.0,0.8778,0.0,597.0
2025-07-25T08:17:50.037159,blofin,0.877,0.8772,2052.0,8.0
2025-07-25T08:17:50.077575,mexc,0.8776,0.8777,529984.0,529984.0
2025-07-25T08:17:50.158510,bingx,0.877,0.879,703.489,210.388
2025-07-25T08:17:50.170896,bybit,0.0,0.0,0.0,0.0
2025-07-25T08:17:50.178587,lbank,0.8771,0.8779,701.42,214.01
2025-07-25T08:17:50.181701,bitget,0.8783,0.8788,101.0,101.0
2025-07-25T08:17:50.271281,bybit,0.8776,0.8777,123.0,880.0
2025-07-25T08:17:50.332433,bitget,0.8783,0.8788,101.0,101.0
2025-07-25T08:17:50.371025,bybit,0.8776,0.8777,158.0,846.0
2025-07-25T08:17:50.470651,bybit,0.8776,0.0,228.0,0.0
2025-07-25T08:17:50.482975,bitget,0.8778,0.8788,574.0,307.0
2025-07-25T08:17:50.549622,blofin,0.877,0.8771,5.0,597.0
2025-07-25T08:17:50.631459,bitget,0.8779,0.8788,101.0,307.0
2025-07-25T08:17:50.675772,lbank,0.8771,0.8779,701.42,214.01
2025-07-25T08:17:50.771726,bybit,0.0,0.8777,0.0,823.0
2025-07-25T08:17:50.824936,bitmart,0.87635,0.87888,797.0,250.0
2025-07-25T08:17:51.039826,blofin,0.877,0.8771,5.0,597.0
2025-07-25T08:17:51.054288,bingx,0.877,0.879,703.489,210.388
2025-07-25T08:17:51.071223,bybit,0.8776,0.8777,263.0,607.0
2025-07-25T08:17:51.084201,gateio,0.877,0.8781,1168.0,231.0
2025-07-25T08:17:51.089751,bitget,0.8779,0.8788,101.0,307.0
2025-07-25T08:17:51.132628,gateio,0.877,0.8781,484.0,231.0
2025-07-25T08:17:51.170863,bybit,0.8776,0.8777,501.0,630.0
2025-07-25T08:17:51.178836,lbank,0.8771,0.8779,701.42,214.01
2025-07-25T08:17:51.231954,bitget,0.8779,0.8786,101.0,101.0
2025-07-25T08:17:51.371082,bybit,0.0,0.8777,0.0,607.0
2025-07-25T08:17:51.388982,bitget,0.8779,0.8786,155.0,155.0
2025-07-25T08:17:51.528357,gateio,0.877,0.8781,826.0,231.0
2025-07-25T08:17:51.532331,bitget,0.8779,0.8786,155.0,155.0
2025-07-25T08:17:51.540219,blofin,0.8769,0.8771,233.0,823.0
2025-07-25T08:17:51.576188,gateio,0.877,0.8782,826.0,2.0
2025-07-25T08:17:51.658631,bingx,0.877,0.879,703.489,210.388
2025-07-25T08:17:51.658982,gateio,0.877,0.8782,484.0,2.0
2025-07-25T08:17:51.678513,lbank,0.8771,0.8779,701.42,214.01
2025-07-25T08:17:51.682493,bitget,0.8779,0.8786,155.0,155.0
2025-07-25T08:17:51.728815,bitmart,0.87635,0.87888,797.0,250.0
2025-07-25T08:17:52.056036,blofin,0.8769,0.8771,233.0,823.0
2025-07-25T08:17:52.175986,lbank,0.8771,0.8779,701.42,214.01
2025-07-25T08:17:52.263070,bingx,0.877,0.879,703.489,210.388
2025-07-25T08:17:52.370964,bybit,0.0,0.8777,0.0,23.0
2025-07-25T08:17:52.478578,mexc,0.8776,0.8777,529984.0,529984.0
2025-07-25T08:17:52.543207,blofin,0.8769,0.8771,506.0,607.0
2025-07-25T08:17:52.583376,bitget,0.8779,0.8786,155.0,155.0
2025-07-25T08:17:52.676966,lbank,0.8771,0.8779,701.42,214.01
2025-07-25T08:17:52.778945,bitmart,0.87635,0.87888,797.0,250.0
2025-07-25T08:17:53.051963,blofin,0.8769,0.8771,506.0,607.0
2025-07-25T08:17:53.160833,bingx,0.877,0.879,703.489,210.388
2025-07-25T08:17:53.172139,bybit,0.0,0.8778,0.0,857.0
2025-07-25T08:17:53.178162,lbank,0.8771,0.8779,701.42,214.01
2025-07-25T08:17:53.333134,bitget,0.8779,0.8786,155.0,101.0
2025-07-25T08:17:53.370926,bybit,0.0,0.8778,0.0,597.0
2025-07-25T08:17:53.482921,bitget,0.8779,0.8786,155.0,101.0
2025-07-25T08:17:53.544589,blofin,0.8769,0.8771,505.0,5.0
2025-07-25T08:17:53.634322,bitget,0.8779,0.8786,155.0,101.0
2025-07-25T08:17:53.763950,bitmart,0.87635,0.87888,797.0,250.0
2025-07-25T08:17:53.785377,bitget,0.8779,0.8786,155.0,101.0
2025-07-25T08:17:53.870651,bybit,0.8776,0.0,535.0,0.0
2025-07-25T08:17:53.870836,gateio,0.877,0.8782,826.0,2.0
2025-07-25T08:17:54.023849,blofin,0.8769,0.8771,505.0,5.0
2025-07-25T08:17:54.061962,bingx,0.877,0.879,703.489,210.388
2025-07-25T08:17:54.084350,bitget,0.8779,0.8786,155.0,101.0
2025-07-25T08:17:54.177664,lbank,0.8771,0.8779,701.42,214.01
2025-07-25T08:17:54.530885,blofin,0.8769,0.8772,539.0,599.0
2025-07-25T08:17:54.584390,gateio,0.877,0.8782,1168.0,2.0
2025-07-25T08:17:54.673763,lbank,0.8771,0.8779,701.42,214.01
2025-07-25T08:17:54.688148,bitget,0.8781,0.8786,1155.0,101.0
2025-07-25T08:17:54.780553,bitmart,0.87635,0.87888,797.0,250.0
2025-07-25T08:17:54.834978,bitget,0.8782,0.8786,101.0,101.0
2025-07-25T08:17:54.868141,mexc,0.8775,0.8777,529984.0,529984.0
2025-07-25T08:17:54.965431,bingx,0.877,0.879,703.489,210.388
2025-07-25T08:17:54.986271,bitget,0.8782,0.8786,155.0,101.0
2025-07-25T08:17:55.044848,blofin,0.8769,0.8772,539.0,599.0
2025-07-25T08:17:55.176665,lbank,0.8771,0.8779,701.42,214.01
2025-07-25T08:17:55.284273,bitget,0.8782,0.8786,155.0,101.0
2025-07-25T08:17:55.540606,blofin,0.8769,0.8772,539.0,599.0
2025-07-25T08:17:55.736287,bitmart,0.87635,0.87888,797.0,250.0
2025-07-25T08:17:55.867511,bingx,0.877,0.879,703.489,210.388
2025-07-25T08:17:56.055241,blofin,0.8769,0.8772,539.0,599.0
2025-07-25T08:17:56.178054,lbank,0.8771,0.8779,701.42,214.01
2025-07-25T08:17:56.537484,blofin,0.8769,0.8772,539.0,599.0
2025-07-25T08:17:56.670743,bybit,0.8777,0.8778,444.0,7.0
2025-07-25T08:17:56.674369,lbank,0.8771,0.8779,701.42,214.01
2025-07-25T08:17:56.770924,bybit,0.8777,0.0,582.0,0.0
2025-07-25T08:17:56.771519,bingx,0.877,0.879,703.489,210.388
2025-07-25T08:17:56.772055,bitmart,0.87635,0.87888,797.0,250.0
2025-07-25T08:17:56.785563,bitget,0.8782,0.8788,155.0,113.0
2025-07-25T08:17:56.874159,bybit,0.8777,0.0,616.0,0.0
2025-07-25T08:17:56.937292,bitget,0.8782,0.8787,155.0,101.0
2025-07-25T08:17:56.970987,bybit,0.8777,0.0,650.0,0.0
2025-07-25T08:17:57.039396,blofin,0.877,0.8772,535.0,599.0
2025-07-25T08:17:57.170937,bybit,0.8777,0.0,794.0,0.0
2025-07-25T08:17:57.179713,lbank,0.8771,0.8779,701.42,214.01
2025-07-25T08:17:57.240383,mexc,0.8775,0.8777,529984.0,529984.0
2025-07-25T08:17:57.270816,bybit,0.8777,0.0,868.0,0.0
2025-07-25T08:17:57.371054,bybit,0.8777,0.0,834.0,0.0
2025-07-25T08:17:57.471375,bybit,0.8777,0.0,800.0,0.0
2025-07-25T08:17:57.539804,blofin,0.877,0.8772,619.0,9.0
2025-07-25T08:17:57.571533,bybit,0.8777,0.0,516.0,0.0
2025-07-25T08:17:57.671042,bybit,0.8777,0.0,444.0,0.0
2025-07-25T08:17:57.674079,bingx,0.877,0.879,703.489,210.388
2025-07-25T08:17:57.681275,lbank,0.8774,0.8781,12.62,263.71
2025-07-25T08:17:57.687993,bitget,0.8782,0.8787,155.0,101.0
2025-07-25T08:17:57.763278,bitmart,0.87635,0.87888,797.0,250.0
2025-07-25T08:17:57.771366,bybit,0.8777,0.8778,292.0,591.0
2025-07-25T08:17:57.835579,bitget,0.8782,0.8787,101.0,214.0
2025-07-25T08:17:57.970928,bybit,0.0,0.0,0.0,0.0
2025-07-25T08:17:57.987404,bitget,0.8782,0.8787,101.0,214.0
2025-07-25T08:17:58.052002,blofin,0.877,0.8772,619.0,9.0
2025-07-25T08:17:58.171270,bybit,0.8777,0.8778,128.0,791.0
2025-07-25T08:17:58.176634,lbank,0.8774,0.8781,25.24,811.9
2025-07-25T08:17:58.271215,bybit,0.0,0.0,0.0,0.0
2025-07-25T08:17:58.290560,bitget,0.8782,0.8787,101.0,214.0
2025-07-25T08:17:58.445613,bitget,0.8782,0.8787,101.0,214.0
2025-07-25T08:17:58.471214,bybit,0.8776,0.8777,62.0,827.0
2025-07-25T08:17:58.568118,blofin,0.877,0.8772,620.0,8.0
2025-07-25T08:17:58.572612,bybit,0.8776,0.8777,53.0,793.0
2025-07-25T08:17:58.577057,bingx,0.877,0.879,703.489,210.388
2025-07-25T08:17:58.587960,bitget,0.8782,0.8787,101.0,317.0
2025-07-25T08:17:58.671063,bybit,0.0,0.8777,0.0,827.0
2025-07-25T08:17:58.680110,lbank,0.877,0.878,488.71,263.71
2025-07-25T08:17:58.739917,bitget,0.8782,0.8787,101.0,420.0
2025-07-25T08:17:58.772477,bybit,0.0,0.8777,0.0,793.0
2025-07-25T08:17:58.772915,bitmart,0.87635,0.87888,797.0,250.0
2025-07-25T08:17:58.870947,bybit,0.0,0.0,0.0,0.0
2025-07-25T08:17:58.891033,bitget,0.8782,0.8787,101.0,420.0
2025-07-25T08:17:59.037968,bitget,0.8782,0.8787,101.0,420.0
2025-07-25T08:17:59.076080,blofin,0.877,0.8771,4.0,791.0
2025-07-25T08:17:59.171376,bybit,0.0,0.0,0.0,0.0
2025-07-25T08:17:59.272983,bybit,0.0,0.8777,0.0,175.0
2025-07-25T08:17:59.341351,bitget,0.8782,0.8787,101.0,317.0
2025-07-25T08:17:59.371296,bybit,0.0,0.8777,0.0,152.0
2025-07-25T08:17:59.473549,bybit,0.0,0.8777,0.0,759.0
2025-07-25T08:17:59.480617,bingx,0.877,0.879,703.489,210.388
2025-07-25T08:17:59.492487,bitget,0.8782,0.8787,101.0,214.0
2025-07-25T08:17:59.538145,blofin,0.877,0.8771,4.0,793.0
2025-07-25T08:17:59.590581,mexc,0.8776,0.8778,529984.0,529984.0
2025-07-25T08:17:59.638577,bitget,0.8782,0.8787,101.0,214.0
2025-07-25T08:17:59.679326,lbank,0.877,0.878,488.71,263.71
2025-07-25T08:17:59.773453,bitmart,0.87635,0.87888,797.0,250.0
2025-07-25T08:17:59.788432,bitget,0.8782,0.8787,101.0,214.0
2025-07-25T08:17:59.938109,bitget,0.8782,0.8787,101.0,101.0
2025-07-25T08:18:00.045989,blofin,0.877,0.8771,4.0,797.0
2025-07-25T08:18:00.094843,bitget,0.8782,0.8787,101.0,101.0
2025-07-25T08:18:00.182404,lbank,0.8772,0.878,859.29,263.71
2025-07-25T08:18:00.272095,bybit,0.0,0.8777,0.0,736.0
2025-07-25T08:18:00.374119,bybit,0.0,0.8778,0.0,890.0
2025-07-25T08:18:00.390844,bingx,0.877,0.879,703.489,210.388
2025-07-25T08:18:00.396985,bitget,0.8782,0.8787,101.0,101.0
2025-07-25T08:18:00.538989,bitget,0.8782,0.8787,101.0,101.0
2025-07-25T08:18:00.591997,blofin,0.877,0.8771,4.0,762.0
2025-07-25T08:18:00.680297,lbank,0.877,0.878,488.71,263.71
2025-07-25T08:18:00.694185,bitget,0.8782,0.8787,101.0,101.0
2025-07-25T08:18:00.774095,bitmart,0.87635,0.87888,797.0,250.0
2025-07-25T08:18:01.066621,blofin,0.877,0.8771,4.0,3.0
2025-07-25T08:18:01.271027,bybit,0.8777,0.8778,44.0,591.0
2025-07-25T08:18:01.295808,bingx,0.877,0.879,703.489,210.388
2025-07-25T08:18:01.538771,blofin,0.877,0.8772,4.0,895.0
2025-07-25T08:18:01.590497,bitget,0.8782,0.8787,101.0,101.0
2025-07-25T08:18:01.677647,lbank,0.877,0.878,488.71,263.71
2025-07-25T08:18:01.771315,bybit,0.0,0.8778,0.0,7.0
2025-07-25T08:18:01.773417,bitmart,0.87635,0.87888,797.0,250.0
2025-07-25T08:18:01.874880,bybit,0.8777,0.0,645.0,0.0
2025-07-25T08:18:01.894527,bitget,0.8782,0.8787,101.0,101.0
2025-07-25T08:18:01.970975,bybit,0.8777,0.0,713.0,0.0
2025-07-25T08:18:02.002034,mexc,0.8776,0.8778,529984.0,529984.0
2025-07-25T08:18:02.041363,bitget,0.8782,0.8787,101.0,101.0
2025-07-25T08:18:02.072610,bybit,0.8777,0.0,679.0,0.0
2025-07-25T08:18:02.072756,blofin,0.877,0.8772,57.0,895.0
2025-07-25T08:18:02.171496,bybit,0.8777,0.0,645.0,0.0
2025-07-25T08:18:02.179036,lbank,0.8768,0.8778,439.2,49.62
2025-07-25T08:18:02.202085,bingx,0.877,0.879,703.489,210.388
2025-07-25T08:18:02.206305,bitget,0.8782,0.8787,101.0,101.0
2025-07-25T08:18:02.270711,bybit,0.8777,0.0,44.0,0.0
2025-07-25T08:18:02.502439,bingx,0.877,0.879,703.489,210.388
2025-07-25T08:18:02.552909,blofin,0.877,0.8772,718.0,12.0
2025-07-25T08:18:02.679598,lbank,0.8768,0.8778,789.72,49.62
2025-07-25T08:18:02.779993,bitmart,0.87635,0.87888,797.0,250.0
2025-07-25T08:18:03.069016,blofin,0.877,0.8772,718.0,12.0
2025-07-25T08:18:03.170886,bybit,0.8777,0.0,78.0,0.0
2025-07-25T08:18:03.178906,lbank,0.8772,0.878,102.07,49.62
2025-07-25T08:18:03.239410,bitget,0.8782,0.8787,101.0,101.0
2025-07-25T08:18:03.370587,bybit,0.8777,0.0,101.0,0.0
2025-07-25T08:18:03.397977,bingx,0.877,0.879,703.489,210.388
2025-07-25T08:18:03.556877,blofin,0.877,0.8772,48.0,11.0
2025-07-25T08:18:03.670985,bybit,0.8777,0.0,135.0,0.0
2025-07-25T08:18:03.676351,lbank,0.8772,0.878,102.07,49.62
2025-07-25T08:18:03.771001,bybit,0.8777,0.0,67.0,0.0
2025-07-25T08:18:03.773917,bitmart,0.87635,0.87888,797.0,250.0
2025-07-25T08:18:03.870927,bybit,0.0,0.8778,0.0,608.0
2025-07-25T08:18:04.080213,blofin,0.877,0.8772,48.0,11.0
2025-07-25T08:18:04.176120,lbank,0.8772,0.878,102.07,49.62
2025-07-25T08:18:04.289961,bitget,0.8782,0.8787,101.0,101.0
2025-07-25T08:18:04.297287,bingx,0.877,0.879,703.489,210.388
2025-07-25T08:18:04.446519,mexc,0.8776,0.8778,529984.0,529984.0
2025-07-25T08:18:04.558543,blofin,0.877,0.8772,71.0,612.0
2025-07-25T08:18:04.570779,bybit,0.8777,0.8778,101.0,7.0
2025-07-25T08:18:04.671101,bybit,0.8777,0.0,111.0,0.0
2025-07-25T08:18:04.675964,lbank,0.8772,0.878,102.07,49.62
2025-07-25T08:18:04.739994,bitget,0.8782,0.8787,101.0,101.0
2025-07-25T08:18:04.761135,bitmart,0.87635,0.87888,797.0,250.0
2025-07-25T08:18:04.870964,bybit,0.8777,0.0,77.0,0.0
2025-07-25T08:18:04.892554,bitget,0.8782,0.8787,101.0,101.0
2025-07-25T08:18:04.971132,bybit,0.8777,0.0,111.0,0.0
2025-07-25T08:18:05.046107,blofin,0.877,0.8772,71.0,612.0
2025-07-25T08:18:05.071017,bybit,0.8777,0.0,77.0,0.0
2025-07-25T08:18:05.201246,bingx,0.877,0.879,703.489,210.388
2025-07-25T08:18:05.270833,bybit,0.8777,0.0,111.0,0.0
2025-07-25T08:18:05.565198,blofin,0.877,0.8772,79.0,11.0
2025-07-25T08:18:05.670778,bybit,0.8777,0.0,87.0,0.0
2025-07-25T08:18:05.677459,lbank,0.8772,0.878,102.07,49.62
2025-07-25T08:18:05.770586,bybit,0.8777,0.0,121.0,0.0
2025-07-25T08:18:05.787967,bitmart,0.87635,0.87888,797.0,250.0
2025-07-25T08:18:05.971948,bybit,0.8777,0.0,874.0,0.0
2025-07-25T08:18:06.067389,blofin,0.877,0.8772,79.0,11.0
2025-07-25T08:18:06.070697,bybit,0.8777,0.0,840.0,0.0
2025-07-25T08:18:06.103916,bingx,0.877,0.879,703.489,210.388
2025-07-25T08:18:06.170773,bybit,0.8777,0.0,1071.0,0.0
2025-07-25T08:18:06.181207,lbank,0.8772,0.878,102.07,49.62
2025-07-25T08:18:06.271578,bybit,0.8777,0.0,1105.0,0.0
2025-07-25T08:18:06.274068,gateio,0.8773,0.8782,231.0,2.0
2025-07-25T08:18:06.352252,gateio,0.8773,0.8782,915.0,2.0
2025-07-25T08:18:06.391370,bitget,0.8783,0.879,1155.0,113.0
2025-07-25T08:18:06.395282,gateio,0.8774,0.8782,1.0,2.0
2025-07-25T08:18:06.541026,bitget,0.8784,0.8789,101.0,101.0
2025-07-25T08:18:06.563479,blofin,0.877,0.8772,875.0,11.0
2025-07-25T08:18:06.676374,lbank,0.8772,0.878,102.07,49.62
2025-07-25T08:18:06.692806,bitget,0.8784,0.8789,101.0,101.0
2025-07-25T08:18:06.770742,bybit,0.8777,0.0,1170.0,0.0
2025-07-25T08:18:06.799515,bitmart,0.87654,0.87888,45921.0,250.0
2025-07-25T08:18:06.808266,mexc,0.8777,0.8778,529984.0,529984.0
2025-07-25T08:18:06.843132,bitget,0.8784,0.8789,101.0,101.0
2025-07-25T08:18:06.871679,bybit,0.8777,0.0,1300.0,0.0
2025-07-25T08:18:07.008269,bingx,0.877,0.879,703.489,210.388
2025-07-25T08:18:07.048489,blofin,0.877,0.8772,875.0,11.0
2025-07-25T08:18:07.142515,bitget,0.8784,0.8789,152.0,101.0
2025-07-25T08:18:07.270945,bybit,0.8777,0.0,1342.0,0.0
2025-07-25T08:18:07.370625,bybit,0.8777,0.0,1568.0,0.0
2025-07-25T08:18:07.442845,bitget,0.8784,0.8789,152.0,101.0
2025-07-25T08:18:07.471332,bybit,0.8777,0.0,1633.0,0.0
2025-07-25T08:18:07.544288,blofin,0.877,0.8772,1301.0,11.0
2025-07-25T08:18:07.674378,lbank,0.8772,0.878,102.07,49.62
2025-07-25T08:18:07.743738,bitget,0.8784,0.8789,152.0,101.0
2025-07-25T08:18:07.820848,bitmart,0.87654,0.87888,45921.0,250.0
2025-07-25T08:18:07.918265,bingx,0.877,0.879,703.489,210.388
2025-07-25T08:18:07.971474,bybit,0.8777,0.0,1500.0,0.0
2025-07-25T08:18:08.000461,gateio,0.8773,0.8782,231.0,2.0
2025-07-25T08:18:08.022869,gateio,0.8773,0.8782,573.0,2.0
2025-07-25T08:18:08.041958,gateio,0.8774,0.8782,483.0,2.0
2025-07-25T08:18:08.043090,bitget,0.8784,0.8789,101.0,101.0
2025-07-25T08:18:08.067515,blofin,0.877,0.8772,1301.0,11.0
2025-07-25T08:18:08.070583,bybit,0.8777,0.0,1306.0,0.0
2025-07-25T08:18:08.077067,gateio,0.8774,0.8782,484.0,2.0
2025-07-25T08:18:08.140315,gateio,0.8774,0.8782,1.0,2.0
2025-07-25T08:18:08.170811,bybit,0.8777,0.0,1150.0,0.0
2025-07-25T08:18:08.177228,lbank,0.8773,0.878,17.67,49.62
2025-07-25T08:18:08.192170,bitget,0.8784,0.8789,101.0,101.0
2025-07-25T08:18:08.286169,gateio,0.8774,0.8782,484.0,2.0
2025-07-25T08:18:08.344575,bitget,0.8784,0.8789,101.0,214.0
2025-07-25T08:18:08.371008,bybit,0.8777,0.0,1184.0,0.0
2025-07-25T08:18:08.470631,bybit,0.8777,0.0,1150.0,0.0
2025-07-25T08:18:08.550615,blofin,0.877,0.8772,1639.0,11.0
2025-07-25T08:18:08.571129,bybit,0.8777,0.0,1218.0,0.0
2025-07-25T08:18:08.678539,lbank,0.8773,0.878,17.67,49.62
2025-07-25T08:18:08.771615,bybit,0.8777,0.0,1184.0,0.0
2025-07-25T08:18:08.799706,bitget,0.8784,0.8789,101.0,101.0
2025-07-25T08:18:08.800039,gateio,0.8774,0.8782,1.0,2.0
2025-07-25T08:18:08.819352,bingx,0.877,0.879,703.489,210.388
2025-07-25T08:18:08.822956,bitmart,0.87655,0.87888,797.0,250.0
2025-07-25T08:18:08.946647,bitget,0.8784,0.8789,101.0,101.0
2025-07-25T08:18:08.970893,bybit,0.8777,0.0,549.0,0.0
2025-07-25T08:18:09.040155,gateio,0.8774,0.8782,343.0,2.0
2025-07-25T08:18:09.060352,blofin,0.877,0.8772,1639.0,11.0
2025-07-25T08:18:09.071237,bybit,0.0,0.0,0.0,0.0
2025-07-25T08:18:09.093707,bitget,0.8784,0.8789,101.0,214.0
2025-07-25T08:18:09.179909,lbank,0.8773,0.878,17.67,49.62
2025-07-25T08:18:09.193296,mexc,0.8777,0.8778,529984.0,529984.0
2025-07-25T08:18:09.247269,bitget,0.8784,0.8789,101.0,214.0
2025-07-25T08:18:09.370750,bybit,0.8777,0.8778,87.0,608.0
2025-07-25T08:18:09.395012,bitget,0.8784,0.8789,101.0,214.0
2025-07-25T08:18:09.543126,bitget,0.8784,0.8789,101.0,214.0
2025-07-25T08:18:09.550084,blofin,0.877,0.8772,553.0,11.0
2025-07-25T08:18:09.671077,bybit,0.8777,0.8778,569.0,7.0
2025-07-25T08:18:09.679313,lbank,0.8773,0.878,17.67,49.62
2025-07-25T08:18:09.694094,bitget,0.8784,0.8789,101.0,710.0
2025-07-25T08:18:09.718183,bingx,0.877,0.879,703.489,210.388
2025-07-25T08:18:09.810765,bitmart,0.87655,0.87888,797.0,250.0
2025-07-25T08:18:09.845198,bitget,0.8784,0.8789,101.0,462.0
2025-07-25T08:18:09.870667,bybit,0.8777,0.0,675.0,0.0
2025-07-25T08:18:09.942467,gateio,0.8774,0.8782,342.0,2.0
2025-07-25T08:18:09.973341,bybit,0.8777,0.0,641.0,0.0
2025-07-25T08:18:09.994212,bitget,0.8784,0.8789,101.0,214.0
2025-07-25T08:18:10.057706,blofin,0.877,0.8772,553.0,11.0
2025-07-25T08:18:10.153336,bitget,0.8784,0.8789,101.0,214.0
2025-07-25T08:18:10.173536,bybit,0.8777,0.0,675.0,0.0
2025-07-25T08:18:10.184990,lbank,0.8773,0.878,17.67,49.62
2025-07-25T08:18:10.270985,bybit,0.0,0.0,0.0,0.0
2025-07-25T08:18:10.294599,bitget,0.8784,0.8789,101.0,101.0
2025-07-25T08:18:10.340813,bingx,0.877,0.879,703.489,210.388
2025-07-25T08:18:10.372178,bybit,0.8777,0.0,641.0,0.0
2025-07-25T08:18:10.471268,bybit,0.8777,0.0,569.0,0.0
2025-07-25T08:18:10.560079,blofin,0.877,0.8772,645.0,11.0
2025-07-25T08:18:10.825854,bitmart,0.87655,0.87888,797.0,250.0
2025-07-25T08:18:10.873935,bybit,0.0,0.0,0.0,0.0
2025-07-25T08:18:11.045219,blofin,0.877,0.8772,645.0,11.0
2025-07-25T08:18:11.172079,bybit,0.0,0.0,0.0,0.0
2025-07-25T08:18:11.179512,lbank,0.8773,0.878,17.67,49.62
2025-07-25T08:18:11.196017,bitget,0.8784,0.8789,101.0,214.0
2025-07-25T08:18:11.237462,bingx,0.877,0.879,703.489,210.388
2025-07-25T08:18:11.250458,gateio,0.8774,0.8782,684.0,2.0
2025-07-25T08:18:11.270884,bybit,0.0,0.8778,0.0,593.0
2025-07-25T08:18:11.347424,bitget,0.8784,0.8789,101.0,214.0
2025-07-25T08:18:11.361985,gateio,0.8775,0.8782,1.0,2.0
2025-07-25T08:18:11.471480,gateio,0.8771,0.8782,1167.0,2.0
2025-07-25T08:18:11.495043,bitget,0.8784,0.8789,101.0,710.0
2025-07-25T08:18:11.548093,blofin,0.877,0.8772,573.0,14.0
2025-07-25T08:18:11.592533,mexc,0.8777,0.8779,529984.0,529984.0
2025-07-25T08:18:11.602151,gateio,0.8772,0.8782,1.0,2.0
2025-07-25T08:18:11.645004,bitget,0.8784,0.8789,101.0,710.0
2025-07-25T08:18:11.684046,lbank,0.8773,0.878,17.67,49.62
2025-07-25T08:18:11.769675,bitmart,0.87655,0.87888,797.0,250.0
2025-07-25T08:18:11.954540,bitget,0.8777,0.8789,13601.0,710.0
2025-07-25T08:18:12.048086,blofin,0.877,0.8772,573.0,14.0
2025-07-25T08:18:12.095006,bitget,0.8779,0.8787,1155.0,101.0
2025-07-25T08:18:12.138155,bingx,0.877,0.879,703.489,210.388
2025-07-25T08:18:12.175980,lbank,0.8773,0.878,17.67,49.62
2025-07-25T08:18:12.246323,bitget,0.878,0.8787,101.0,101.0
2025-07-25T08:18:12.551401,blofin,0.877,0.8772,573.0,600.0
2025-07-25T08:18:12.603292,gateio,0.8772,0.8781,1.0,231.0
2025-07-25T08:18:12.671240,bybit,0.8773,0.8776,646.0,761.0
2025-07-25T08:18:12.682190,lbank,0.8773,0.878,17.67,49.62
2025-07-25T08:18:12.698662,bitget,0.878,0.8787,101.0,302.0
2025-07-25T08:18:12.700074,gateio,0.8772,0.8782,1.0,2.0
2025-07-25T08:18:12.771259,bybit,0.8773,0.8776,731.0,1002.0
2025-07-25T08:18:12.784189,bitmart,0.87624,0.87876,69787.0,26254.0
2025-07-25T08:18:12.813551,gateio,0.8772,0.8781,1.0,231.0
2025-07-25T08:18:12.855412,bitget,0.878,0.8787,101.0,415.0
2025-07-25T08:18:12.871146,bybit,0.8773,0.0,688.0,0.0
2025-07-25T08:18:12.971642,bybit,0.8773,0.0,681.0,0.0
2025-07-25T08:18:13.002395,bitget,0.878,0.8787,101.0,415.0
2025-07-25T08:18:13.040735,bingx,0.877,0.879,703.489,210.388
2025-07-25T08:18:13.056105,blofin,0.877,0.8771,5.0,593.0
2025-07-25T08:18:13.075576,bybit,0.8773,0.8775,97.0,878.0
2025-07-25T08:18:13.152669,bitget,0.878,0.8787,101.0,415.0
2025-07-25T08:18:13.181293,lbank,0.8773,0.878,17.67,49.62
2025-07-25T08:18:13.270639,bybit,0.8773,0.0,90.0,0.0
2025-07-25T08:18:13.296394,bitget,0.878,0.8786,101.0,90.0
2025-07-25T08:18:13.371033,bybit,0.8773,0.0,97.0,0.0
2025-07-25T08:18:13.447728,bitget,0.878,0.8785,101.0,101.0
2025-07-25T08:18:13.553255,blofin,0.8766,0.8769,682.0,1002.0
2025-07-25T08:18:13.572135,bybit,0.8773,0.8774,53.0,609.0
2025-07-25T08:18:13.597282,bitget,0.878,0.8785,101.0,101.0
2025-07-25T08:18:13.650364,bingx,0.876,0.878,618.959,782.471
2025-07-25T08:18:13.671543,bybit,0.8773,0.8775,184.0,34.0
2025-07-25T08:18:13.684520,lbank,0.8767,0.8777,439.57,214.01
2025-07-25T08:18:13.708134,gateio,0.8767,0.8781,801.0,231.0
2025-07-25T08:18:13.751941,bitget,0.8777,0.8785,1155.0,214.0
2025-07-25T08:18:13.770772,bybit,0.8773,0.8776,211.0,152.0
2025-07-25T08:18:13.779372,bitmart,0.87624,0.87876,69787.0,26254.0
2025-07-25T08:18:13.827810,gateio,0.8767,0.8781,1143.0,231.0
2025-07-25T08:18:13.871930,bybit,0.8773,0.0,797.0,0.0
2025-07-25T08:18:13.888233,gateio,0.8768,0.8781,1.0,231.0
2025-07-25T08:18:13.904910,bitget,0.8778,0.8785,101.0,214.0
2025-07-25T08:18:13.943248,gateio,0.8769,0.8781,456.0,231.0
2025-07-25T08:18:13.970654,bybit,0.0,0.8777,0.0,1015.0
2025-07-25T08:18:13.985939,mexc,0.8777,0.8779,529984.0,529984.0
2025-07-25T08:18:14.042186,gateio,0.8769,0.8782,456.0,2.0
2025-07-25T08:18:14.042653,blofin,0.8766,0.8769,54.0,609.0
2025-07-25T08:18:14.053875,bitget,0.8778,0.8785,101.0,214.0
2025-07-25T08:18:14.070597,bybit,0.8773,0.8777,831.0,738.0
2025-07-25T08:18:14.170530,bybit,0.8773,0.8777,797.0,1015.0
2025-07-25T08:18:14.174461,gateio,0.8769,0.8781,456.0,231.0
2025-07-25T08:18:14.180519,lbank,0.8772,0.8777,960.16,214.01
2025-07-25T08:18:14.199938,bitget,0.8778,0.8785,101.0,101.0
2025-07-25T08:18:14.255560,bingx,0.877,0.879,618.959,782.471
2025-07-25T08:18:14.277615,bybit,0.8773,0.0,831.0,0.0
2025-07-25T08:18:14.284184,gateio,0.8769,0.8781,798.0,231.0
2025-07-25T08:18:14.347449,bitget,0.8778,0.8785,204.0,101.0
2025-07-25T08:18:14.354532,gateio,0.877,0.8781,1.0,231.0
2025-07-25T08:18:14.371128,bybit,0.8774,0.8777,973.0,429.0
2025-07-25T08:18:14.472088,bybit,0.8774,0.0,1007.0,0.0
2025-07-25T08:18:14.503431,bitget,0.8778,0.8785,101.0,101.0
2025-07-25T08:18:14.551069,blofin,0.8766,0.877,185.0,36.0
2025-07-25T08:18:14.671380,bybit,0.8774,0.0,973.0,0.0
2025-07-25T08:18:14.680645,lbank,0.8772,0.8777,960.16,214.01
2025-07-25T08:18:14.769029,bitmart,0.87624,0.87875,69787.0,795.0
2025-07-25T08:18:14.771653,bybit,0.8775,0.0,620.0,0.0
2025-07-25T08:18:14.799821,bitget,0.8778,0.8785,434.0,101.0
2025-07-25T08:18:14.834222,gateio,0.877,0.8781,799.0,231.0
2025-07-25T08:18:14.863101,gateio,0.877,0.8782,799.0,2.0
2025-07-25T08:18:14.871541,bybit,0.0,0.8778,0.0,159.0
2025-07-25T08:18:14.932438,gateio,0.877,0.8782,1030.0,2.0
2025-07-25T08:18:14.948148,bitget,0.8778,0.8785,158.0,101.0
2025-07-25T08:18:14.995662,gateio,0.8771,0.8782,456.0,2.0
2025-07-25T08:18:15.059018,blofin,0.8767,0.877,831.0,2.0
2025-07-25T08:18:15.070934,bybit,0.0,0.8778,0.0,398.0
2025-07-25T08:18:15.099116,bitget,0.8778,0.8785,787.0,101.0
2025-07-25T08:18:15.139291,gateio,0.877,0.8782,574.0,2.0
2025-07-25T08:18:15.149699,bingx,0.877,0.879,618.959,782.471
2025-07-25T08:18:15.158378,gateio,0.8771,0.8782,456.0,2.0
2025-07-25T08:18:15.170904,bybit,0.8775,0.8778,586.0,984.0
2025-07-25T08:18:15.183536,lbank,0.8767,0.8777,439.57,214.01
2025-07-25T08:18:15.249759,bitget,0.8778,0.8785,507.0,101.0
2025-07-25T08:18:15.260258,gateio,0.877,0.8782,343.0,2.0
2025-07-25T08:18:15.277058,bybit,0.8775,0.0,620.0,0.0
2025-07-25T08:18:15.397491,bitget,0.8778,0.8785,507.0,101.0
2025-07-25T08:18:15.496267,gateio,0.877,0.8782,1.0,2.0
2025-07-25T08:18:15.528747,blofin,0.8768,0.877,620.0,2.0
2025-07-25T08:18:15.544034,gateio,0.8769,0.8782,342.0,2.0
2025-07-25T08:18:15.612319,gateio,0.8769,0.8782,684.0,2.0
2025-07-25T08:18:15.674257,lbank,0.8767,0.8777,439.57,214.01
2025-07-25T08:18:15.762226,bitmart,0.87625,0.87875,141.0,795.0
2025-07-25T08:18:15.772358,bybit,0.8774,0.8776,9.0,586.0
2025-07-25T08:18:15.801850,gateio,0.877,0.8782,1.0,2.0
2025-07-25T08:18:15.815109,gateio,0.877,0.8781,1.0,231.0
2025-07-25T08:18:15.851647,bitget,0.8778,0.8785,101.0,101.0
