timestamp,exchange,bid,ask,bid_vol,ask_vol
2025-07-25T08:16:26.144734,bybit,0.1044,0.1045,3615.5,29182.7
2025-07-25T08:16:26.144752,bybit,0.0,0.1045,0.0,29279.4
2025-07-25T08:16:26.228804,bybit,0.0,0.1045,0.0,29346.4
2025-07-25T08:16:26.681690,bitget,0.1043,0.1044,26755.8,48841.4
2025-07-25T08:16:26.685054,okx,0.10442,0.10449,179.0,63.0536
2025-07-25T08:16:26.754742,bitget,0.1043,0.1044,26755.8,48841.4
2025-07-25T08:16:26.850877,bitget,0.1043,0.1044,26755.8,48841.4
2025-07-25T08:16:27.000596,bitget,0.1043,0.1044,26755.8,48841.4
2025-07-25T08:16:27.153511,bitget,0.1043,0.1044,26755.8,48841.4
2025-07-25T08:16:27.305640,bitget,0.1043,0.1044,26755.8,48841.4
2025-07-25T08:16:27.371885,bingx,0.1043,0.1044,27964.421,10734.695
2025-07-25T08:16:27.387385,ascendex,0.1038,0.0,192864.0,0.0
2025-07-25T08:16:27.552860,binance,0.1043,0.1043,0.0,0.0
2025-07-25T08:16:27.555174,okx,0.10443,0.10449,441.0,63.0536
2025-07-25T08:16:27.602587,bitget,0.1043,0.1044,26755.8,48841.4
2025-07-25T08:16:27.901357,bitget,0.1043,0.1044,26755.8,48841.4
2025-07-25T08:16:28.014552,lbank,0.1044,0.1045,19466.99,14512.82
2025-07-25T08:16:28.052543,ascendex,0.1038,0.0,192864.0,0.0
2025-07-25T08:16:28.053836,bitget,0.1043,0.1044,26755.8,48841.4
2025-07-25T08:16:28.164724,bitmart,0.1042,0.1046,827568.0,827074.0
2025-07-25T08:16:28.173700,lbank,0.1044,0.1045,19466.99,14512.82
2025-07-25T08:16:28.201840,bitget,0.1043,0.1044,26755.8,48841.4
2025-07-25T08:16:28.275535,bingx,0.1043,0.1044,27964.421,10734.695
2025-07-25T08:16:28.353497,bitget,0.1043,0.1044,26755.8,48841.4
2025-07-25T08:16:28.502834,bitget,0.1043,0.1044,26755.8,39264.2
2025-07-25T08:16:28.552445,binance,0.1043,0.1043,0.0,0.0
2025-07-25T08:16:28.596705,blofin,0.10434,0.1044,1626.0,780.0
2025-07-25T08:16:28.597155,blofin,0.10433,0.1044,493.0,780.0
2025-07-25T08:16:28.653172,bitget,0.1043,0.1044,26755.8,39264.2
2025-07-25T08:16:28.706753,ascendex,0.1038,0.0,289203.1,0.0
2025-07-25T08:16:28.801710,bitget,0.1043,0.1044,26755.8,39264.2
2025-07-25T08:16:28.863702,mexc,0.1043,0.1044,8817054.0,8817054.0
2025-07-25T08:16:29.011554,ascendex,0.1038,0.0,192864.0,0.0
2025-07-25T08:16:29.077744,blofin,0.10433,0.1044,493.0,780.0
2025-07-25T08:16:29.132664,bybit,0.0,0.1045,0.0,29694.8
2025-07-25T08:16:29.173916,lbank,0.1044,0.1045,19466.99,14512.82
2025-07-25T08:16:29.175900,bitmart,0.1042,0.1046,827568.0,827074.0
2025-07-25T08:16:29.181826,bingx,0.1043,0.1044,27964.421,10734.695
2025-07-25T08:16:29.232517,bybit,0.0,0.1045,0.0,27233.2
2025-07-25T08:16:29.251864,bitget,0.1043,0.1044,26755.8,39264.2
2025-07-25T08:16:29.271162,gateio,0.1043,0.1044,168.0,254.0
2025-07-25T08:16:29.280695,gateio,0.10431,0.10441,9382.0,166.0
2025-07-25T08:16:29.298590,gateio,0.10432,0.10441,2981.0,166.0
2025-07-25T08:16:29.317178,gateio,0.10433,0.10442,166.0,500.0
2025-07-25T08:16:29.333029,bybit,0.1044,0.1045,7822.0,1194.6
2025-07-25T08:16:29.368976,gateio,0.10433,0.10442,3041.0,500.0
2025-07-25T08:16:29.378804,gateio,0.10434,0.10442,166.0,500.0
2025-07-25T08:16:29.388835,gateio,0.10434,0.10442,211.0,500.0
2025-07-25T08:16:29.395013,okx,0.10448,0.10457,179.0,544.5516
2025-07-25T08:16:29.399035,gateio,0.10435,0.10442,166.0,500.0
2025-07-25T08:16:29.402888,bitget,0.1043,0.1045,37436.3,54519.5
2025-07-25T08:16:29.410920,gateio,0.10435,0.10442,211.0,500.0
2025-07-25T08:16:29.425302,gateio,0.10436,0.10442,166.0,500.0
2025-07-25T08:16:29.482233,bingx,0.1044,0.1045,151.18,369.942
2025-07-25T08:16:29.502628,okx,0.10448,0.10457,620.0,544.5516
2025-07-25T08:16:29.552439,binance,0.1044,0.1044,0.0,0.0
2025-07-25T08:16:29.552614,blofin,0.10434,0.1044,488.0,2.0
2025-07-25T08:16:29.554048,bitget,0.1044,0.1045,946.3,64060.9
2025-07-25T08:16:29.653741,ascendex,0.104,0.1048,288554.0,0.0
2025-07-25T08:16:29.656575,okx,0.10448,0.10457,683.1022,544.5516
2025-07-25T08:16:29.673237,lbank,0.1044,0.1045,19466.99,14512.82
2025-07-25T08:16:29.680970,gateio,0.10436,0.10441,166.0,166.0
2025-07-25T08:16:29.702170,bitget,0.1044,0.1045,946.3,31962.7
2025-07-25T08:16:29.791124,gateio,0.10436,0.10442,166.0,500.0
2025-07-25T08:16:29.832860,bybit,0.1044,0.0,12822.0,0.0
2025-07-25T08:16:29.856187,bitget,0.1044,0.1045,946.3,74440.5
2025-07-25T08:16:29.933042,bybit,0.1044,0.0,15216.3,0.0
2025-07-25T08:16:29.962715,ascendex,0.1034,0.0,0.0,0.0
2025-07-25T08:16:30.003368,bitget,0.1044,0.1045,946.3,99440.5
2025-07-25T08:16:30.007077,okx,0.10449,0.10457,441.0,581.7002
2025-07-25T08:16:30.032640,bybit,0.0,0.1045,0.0,280.9
2025-07-25T08:16:30.057888,blofin,0.10435,0.1044,726.0,2.0
2025-07-25T08:16:30.105519,okx,0.10449,0.10457,441.0,103.5516
2025-07-25T08:16:30.152954,bitget,0.1044,0.1045,946.3,99440.5
2025-07-25T08:16:30.155017,bitmart,0.1042,0.1046,827568.0,827074.0
2025-07-25T08:16:30.174992,lbank,0.1044,0.1045,19466.99,14512.82
2025-07-25T08:16:30.217154,okx,0.1045,0.10457,179.0,103.5516
2025-07-25T08:16:30.233674,bybit,0.0,0.1045,0.0,1189.9
2025-07-25T08:16:30.296896,gateio,0.10436,0.10442,3041.0,500.0
2025-07-25T08:16:30.304548,bitget,0.1044,0.1045,946.3,99440.5
2025-07-25T08:16:30.318737,gateio,0.10437,0.10442,166.0,500.0
2025-07-25T08:16:30.332452,bybit,0.1044,0.1045,17131.0,209.0
2025-07-25T08:16:30.338734,gateio,0.10438,0.10442,166.0,500.0
2025-07-25T08:16:30.359529,gateio,0.10439,0.10442,166.0,500.0
2025-07-25T08:16:30.382754,bingx,0.1044,0.1045,151.18,369.942
2025-07-25T08:16:30.456083,bitget,0.1044,0.1045,946.3,99440.5
2025-07-25T08:16:30.470904,gateio,0.10439,0.10445,166.0,170.0
2025-07-25T08:16:30.495724,gateio,0.10439,0.10445,166.0,166.0
2025-07-25T08:16:30.531849,blofin,0.10439,0.10441,1125.0,3.0
2025-07-25T08:16:30.533725,bybit,0.1045,0.1046,909.0,26626.9
2025-07-25T08:16:30.552566,binance,0.1044,0.1044,0.0,0.0
2025-07-25T08:16:30.587179,okx,0.1045,0.10457,620.0,103.5516
2025-07-25T08:16:30.603898,bitget,0.1044,0.1045,2925.5,89872.4
2025-07-25T08:16:30.631742,gateio,0.10439,0.10448,166.0,168.0
2025-07-25T08:16:30.632896,bybit,0.0,0.1046,0.0,27358.0
2025-07-25T08:16:30.675035,lbank,0.1044,0.1045,19466.99,14512.82
2025-07-25T08:16:30.698232,okx,0.10451,0.10457,441.0,103.5516
2025-07-25T08:16:30.732874,bybit,0.0,0.1046,0.0,27425.0
2025-07-25T08:16:30.752593,bitget,0.1044,0.1045,2925.5,89872.4
2025-07-25T08:16:30.801295,okx,0.10452,0.10457,179.0,103.5516
2025-07-25T08:16:30.906385,ascendex,0.0,0.1057,0.0,14296.0
2025-07-25T08:16:30.907511,bitget,0.1044,0.1045,2925.5,89872.4
2025-07-25T08:16:30.933233,bybit,0.1044,0.1045,21300.1,909.0
2025-07-25T08:16:31.033181,bybit,0.1044,0.0,23102.6,0.0
2025-07-25T08:16:31.054875,bitget,0.1044,0.1045,2925.5,89872.4
2025-07-25T08:16:31.063660,blofin,0.10442,0.10446,1646.0,301.0
2025-07-25T08:16:31.107067,okx,0.10451,0.10457,179.0,103.5516
2025-07-25T08:16:31.173883,lbank,0.1044,0.1045,19466.99,14512.82
2025-07-25T08:16:31.204287,bitget,0.1044,0.1045,2925.5,89868.4
2025-07-25T08:16:31.206348,bitmart,0.1042,0.1046,827568.0,827074.0
2025-07-25T08:16:31.226941,gateio,0.10439,0.10448,166.0,295.0
2025-07-25T08:16:31.232751,bybit,0.1045,0.1046,909.0,26760.9
2025-07-25T08:16:31.248512,mexc,0.1044,0.1045,8817054.0,8817054.0
2025-07-25T08:16:31.283711,bingx,0.1044,0.1045,151.18,369.942
2025-07-25T08:16:31.289177,gateio,0.10439,0.10447,166.0,166.0
2025-07-25T08:16:31.333173,bybit,0.0,0.1046,0.0,27196.3
2025-07-25T08:16:31.358138,bitget,0.1044,0.1045,2925.5,89868.4
2025-07-25T08:16:31.433185,bybit,0.0,0.1046,0.0,27927.4
2025-07-25T08:16:31.504392,bitget,0.1044,0.1045,2925.5,89868.4
2025-07-25T08:16:31.545351,blofin,0.10442,0.10446,1646.0,301.0
2025-07-25T08:16:31.552759,binance,0.1044,0.1044,0.0,0.0
2025-07-25T08:16:31.655105,bitget,0.1044,0.1045,2925.5,99436.2
2025-07-25T08:16:31.673632,lbank,0.1044,0.1045,19466.99,14512.82
2025-07-25T08:16:31.733020,bybit,0.0,0.1046,0.0,27860.4
2025-07-25T08:16:31.803437,bitget,0.1044,0.1045,2925.5,99436.2
2025-07-25T08:16:31.833292,bybit,0.1044,0.1045,25657.2,909.0
2025-07-25T08:16:31.887184,gateio,0.10438,0.10447,166.0,166.0
2025-07-25T08:16:31.911331,gateio,0.10437,0.10447,166.0,166.0
2025-07-25T08:16:31.923104,gateio,0.10435,0.10447,166.0,166.0
2025-07-25T08:16:31.936016,bybit,0.1044,0.0,23742.5,0.0
2025-07-25T08:16:31.941350,gateio,0.10433,0.10447,166.0,166.0
2025-07-25T08:16:32.006180,okx,0.1045,0.10457,241.568,103.5516
2025-07-25T08:16:32.033149,bybit,0.1044,0.0,23809.6,0.0
2025-07-25T08:16:32.075618,blofin,0.10443,0.10446,925.0,305.0
2025-07-25T08:16:32.105682,bitget,0.1043,0.1045,211224.2,99436.2
2025-07-25T08:16:32.120536,bitmart,0.1042,0.1046,827568.0,827074.0
2025-07-25T08:16:32.158894,okx,0.10449,0.10457,241.568,544.5516
2025-07-25T08:16:32.173488,lbank,0.1044,0.1045,19466.99,14512.82
2025-07-25T08:16:32.198291,bingx,0.1044,0.1045,151.18,369.942
2025-07-25T08:16:32.255081,bitget,0.1044,0.1045,946.3,140680.1
2025-07-25T08:16:32.333103,bybit,0.1044,0.0,16187.9,0.0
2025-07-25T08:16:32.403849,bitget,0.1044,0.1045,946.3,99436.2
2025-07-25T08:16:32.533340,bybit,0.1044,0.1045,16120.8,3301.0
2025-07-25T08:16:32.552173,blofin,0.10443,0.10446,2.0,2.0
2025-07-25T08:16:32.555502,binance,0.1044,0.1044,0.0,0.0
2025-07-25T08:16:32.557083,bitget,0.1043,0.1045,211224.2,99436.2
2025-07-25T08:16:32.579606,gateio,0.10433,0.10445,166.0,166.0
2025-07-25T08:16:32.597315,gateio,0.10432,0.10445,166.0,166.0
2025-07-25T08:16:32.601674,okx,0.10449,0.10456,62.568,441.0
2025-07-25T08:16:32.616813,gateio,0.10428,0.10445,168.0,166.0
2025-07-25T08:16:32.632654,bybit,0.1044,0.1045,14076.4,3368.0
2025-07-25T08:16:32.637230,gateio,0.10431,0.10445,1975.0,166.0
2025-07-25T08:16:32.675105,lbank,0.1045,0.1046,2534.59,61269.72
2025-07-25T08:16:32.700045,okx,0.10448,0.10455,63.1022,441.0
2025-07-25T08:16:32.705521,bitget,0.1043,0.1044,211224.2,1046.3
2025-07-25T08:16:32.733443,bybit,0.0,0.1045,0.0,3301.0
2025-07-25T08:16:32.803430,okx,0.10446,0.10454,63.1414,441.0
2025-07-25T08:16:32.832925,bybit,0.0,0.1045,0.0,8301.0
2025-07-25T08:16:32.856636,bitget,0.1043,0.1044,201639.7,6992.6
2025-07-25T08:16:32.932699,bybit,0.0,0.1045,0.0,8300.9
2025-07-25T08:16:32.980629,gateio,0.10432,0.10445,166.0,166.0
2025-07-25T08:16:33.008068,bitget,0.1043,0.1044,86708.7,6992.6
2025-07-25T08:16:33.034035,bybit,0.1044,0.1045,4452.9,12364.8
2025-07-25T08:16:33.041095,gateio,0.10428,0.10445,168.0,166.0
2025-07-25T08:16:33.050706,okx,0.10446,0.10453,63.1414,441.0
2025-07-25T08:16:33.075074,blofin,0.10439,0.10442,1141.0,170.0
2025-07-25T08:16:33.092425,bingx,0.1044,0.1045,151.18,369.942
2025-07-25T08:16:33.093156,gateio,0.10428,0.10444,168.0,7407.0
2025-07-25T08:16:33.105494,ascendex,0.0,0.106,0.0,103467.6
2025-07-25T08:16:33.133603,bybit,0.0,0.1045,0.0,21756.8
2025-07-25T08:16:33.158965,bitget,0.1043,0.1044,86708.7,6992.6
2025-07-25T08:16:33.163277,okx,0.10443,0.10452,179.0,504.2184
2025-07-25T08:16:33.174219,lbank,0.1045,0.1046,2534.59,61269.72
2025-07-25T08:16:33.193123,bitmart,0.1042,0.1046,827568.0,827074.0
2025-07-25T08:16:33.232810,bybit,0.0,0.1045,0.0,24224.5
2025-07-25T08:16:33.238022,gateio,0.10428,0.10443,168.0,166.0
2025-07-25T08:16:33.298619,okx,0.10443,0.10451,179.0,542.3751
2025-07-25T08:16:33.305024,bitget,0.1043,0.1044,86708.7,8971.8
2025-07-25T08:16:33.412683,okx,0.10443,0.10451,179.0,688.635
2025-07-25T08:16:33.414433,ascendex,0.104,0.1048,192307.6,119161.1
2025-07-25T08:16:33.455065,bitget,0.1043,0.1044,86708.7,8971.8
2025-07-25T08:16:33.532861,bybit,0.1044,0.0,3536.2,0.0
2025-07-25T08:16:33.541744,blofin,0.10435,0.10442,1859.0,3.0
2025-07-25T08:16:33.555572,binance,0.1044,0.1044,0.0,0.0
2025-07-25T08:16:33.590588,okx,0.10443,0.1045,179.0,441.0
2025-07-25T08:16:33.608902,bitget,0.1043,0.1044,86708.7,8971.8
2025-07-25T08:16:33.633761,bybit,0.0,0.1045,0.0,24955.6
2025-07-25T08:16:33.661881,mexc,0.1044,0.1045,8817054.0,8817054.0
2025-07-25T08:16:33.677733,lbank,0.1045,0.1046,2534.59,61269.72
2025-07-25T08:16:33.734046,ascendex,0.1038,0.1054,192771.1,118452.7
2025-07-25T08:16:33.756136,bitget,0.1043,0.1044,86708.7,12000.2
2025-07-25T08:16:33.773031,gateio,0.10428,0.10437,168.0,7407.0
2025-07-25T08:16:33.807358,gateio,0.10428,0.10436,168.0,166.0
2025-07-25T08:16:33.832564,bybit,0.0,0.1045,0.0,27827.9
2025-07-25T08:16:33.907169,bitget,0.1043,0.1044,32503.2,21896.3
2025-07-25T08:16:33.994050,bingx,0.1044,0.1045,151.18,369.942
2025-07-25T08:16:34.028679,okx,0.10442,0.1045,63.1414,504.2002
2025-07-25T08:16:34.048285,blofin,0.10435,0.10442,1859.0,3.0
2025-07-25T08:16:34.052530,ascendex,0.1038,0.1057,96432.0,0.0
2025-07-25T08:16:34.059537,bitget,0.1043,0.1044,26755.8,25716.3
2025-07-25T08:16:34.120709,bitmart,0.1042,0.1046,827568.0,827074.0
2025-07-25T08:16:34.133406,bybit,0.1044,0.1045,1733.7,28559.0
2025-07-25T08:16:34.155562,okx,0.10442,0.1045,242.1414,1461.138
2025-07-25T08:16:34.175697,lbank,0.1045,0.1046,2534.59,61269.72
2025-07-25T08:16:34.212201,bitget,0.1043,0.1044,26755.8,25716.3
2025-07-25T08:16:34.302254,bingx,0.1043,0.1044,68853.023,9926.763
2025-07-25T08:16:34.356099,bitget,0.1043,0.1044,26755.8,35293.6
2025-07-25T08:16:34.361842,ascendex,0.1038,0.1054,192771.1,66651.2
2025-07-25T08:16:34.433538,bybit,0.1044,0.0,2642.7,0.0
2025-07-25T08:16:34.447942,gateio,0.10428,0.10438,168.0,127.0
2025-07-25T08:16:34.458980,gateio,0.10428,0.10437,168.0,166.0
2025-07-25T08:16:34.506503,bitget,0.1043,0.1044,36651.9,15820.2
2025-07-25T08:16:34.533551,bybit,0.0,0.1045,0.0,17080.5
2025-07-25T08:16:34.552430,binance,0.1044,0.1044,0.0,0.0
2025-07-25T08:16:34.553478,blofin,0.10435,0.10442,1133.0,492.0
2025-07-25T08:16:34.574195,okx,0.10443,0.1045,544.5566,63.2002
2025-07-25T08:16:34.598390,bingx,0.1043,0.1045,68853.482,9927.222
2025-07-25T08:16:34.605110,gateio,0.10428,0.1044,168.0,166.0
2025-07-25T08:16:34.619230,gateio,0.10429,0.10445,166.0,166.0
2025-07-25T08:16:34.655353,bitget,0.1043,0.1044,47021.7,8971.8
2025-07-25T08:16:34.656860,gateio,0.10431,0.10445,1975.0,166.0
2025-07-25T08:16:34.676926,lbank,0.1045,0.1046,2534.59,61269.72
2025-07-25T08:16:34.677802,ascendex,0.1038,0.0,96432.0,0.0
2025-07-25T08:16:34.678492,gateio,0.10432,0.10444,166.0,2102.0
2025-07-25T08:16:34.684452,okx,0.10444,0.1045,620.0,63.2002
2025-07-25T08:16:34.696659,gateio,0.10432,0.10443,211.0,166.0
2025-07-25T08:16:34.717084,gateio,0.10433,0.10443,166.0,166.0
2025-07-25T08:16:34.733060,bybit,0.1044,0.1045,5452.3,5909.0
2025-07-25T08:16:34.794239,okx,0.10446,0.10451,179.0,479.1567
2025-07-25T08:16:34.804883,bitget,0.1043,0.1044,47021.7,2780.7
2025-07-25T08:16:34.878722,gateio,0.10433,0.10442,166.0,166.0
2025-07-25T08:16:34.932765,bybit,0.1044,0.1045,2642.7,11656.0
2025-07-25T08:16:34.955704,bitget,0.1043,0.1044,161136.1,26992.6
2025-07-25T08:16:34.986707,ascendex,0.104,0.1048,192307.6,119161.1
2025-07-25T08:16:35.001683,okx,0.10445,0.10451,179.0,479.1567
2025-07-25T08:16:35.033089,bybit,0.0,0.1045,0.0,14005.5
2025-07-25T08:16:35.082563,blofin,0.10435,0.1044,1133.0,488.0
2025-07-25T08:16:35.109639,bitget,0.1043,0.1044,46237.3,26992.6
2025-07-25T08:16:35.132637,bybit,0.1044,0.1045,5452.3,5909.0
2025-07-25T08:16:35.139100,gateio,0.10433,0.10443,166.0,166.0
2025-07-25T08:16:35.174811,lbank,0.1045,0.1046,2534.59,61269.72
2025-07-25T08:16:35.206511,bitmart,0.1042,0.1046,827568.0,775682.0
2025-07-25T08:16:35.217566,bingx,0.1044,0.1045,344.595,362.615
2025-07-25T08:16:35.258036,bitget,0.1043,0.1044,48764.1,25000.0
2025-07-25T08:16:35.262987,okx,0.10445,0.10454,683.0123,956.5716
2025-07-25T08:16:35.276915,gateio,0.10433,0.10443,3041.0,166.0
2025-07-25T08:16:35.298942,gateio,0.10434,0.10443,172.0,166.0
2025-07-25T08:16:35.305206,ascendex,0.104,0.1048,238186.7,0.0
2025-07-25T08:16:35.332814,bybit,0.1044,0.0,7846.6,0.0
2025-07-25T08:16:35.367810,okx,0.10446,0.10455,63.0033,441.0
2025-07-25T08:16:35.407441,bitget,0.1043,0.1045,48764.1,213666.9
2025-07-25T08:16:35.532926,bybit,0.0,0.1045,0.0,909.0
2025-07-25T08:16:35.534409,blofin,0.10437,0.10442,732.0,4.0
2025-07-25T08:16:35.557614,binance,0.1044,0.1044,0.0,0.0
2025-07-25T08:16:35.564335,bitget,0.1043,0.1045,214684.7,75203.8
2025-07-25T08:16:35.633990,bybit,0.1044,0.0,9823.9,0.0
2025-07-25T08:16:35.671806,lbank,0.1045,0.1046,2534.59,61269.72
2025-07-25T08:16:35.690539,okx,0.10447,0.10455,620.0,1397.4802
2025-07-25T08:16:35.707137,bitget,0.1044,0.1045,971.1,115574.7
2025-07-25T08:16:35.732963,bybit,0.1044,0.0,14823.9,0.0
2025-07-25T08:16:35.778910,gateio,0.10434,0.10448,172.0,168.0
2025-07-25T08:16:35.801514,okx,0.10447,0.10455,683.0213,956.4802
2025-07-25T08:16:35.832967,bybit,0.1044,0.0,16738.6,0.0
2025-07-25T08:16:35.858429,bitget,0.1044,0.1045,971.1,76255.0
2025-07-25T08:16:35.932994,bybit,0.1044,0.1046,19132.9,39073.2
2025-07-25T08:16:35.934821,ascendex,0.0,0.1054,0.0,0.0
2025-07-25T08:16:35.949187,gateio,0.10434,0.10448,3047.0,168.0
2025-07-25T08:16:35.951605,okx,0.10449,0.10456,620.0,103.5318
2025-07-25T08:16:35.959616,gateio,0.10435,0.10448,172.0,168.0
2025-07-25T08:16:35.978921,gateio,0.10436,0.10448,172.0,168.0
2025-07-25T08:16:35.989141,gateio,0.10436,0.10448,217.0,295.0
2025-07-25T08:16:36.005412,gateio,0.10437,0.10447,172.0,172.0
2025-07-25T08:16:36.005855,bitget,0.1044,0.1045,971.1,99419.4
2025-07-25T08:16:36.032887,bybit,0.1045,0.1046,909.0,29067.2
2025-07-25T08:16:36.051162,mexc,0.1043,0.1044,8817054.0,8817054.0
2025-07-25T08:16:36.061890,blofin,0.10437,0.10442,732.0,4.0
2025-07-25T08:16:36.088524,okx,0.1045,0.10456,441.0,103.5318
2025-07-25T08:16:36.102725,bingx,0.1044,0.1045,344.595,362.615
2025-07-25T08:16:36.108273,bitmart,0.1042,0.1046,827568.0,775682.0
2025-07-25T08:16:36.132871,bybit,0.1044,0.1046,28625.5,36915.3
2025-07-25T08:16:36.156553,bitget,0.1044,0.1045,2950.3,89848.0
2025-07-25T08:16:36.180699,gateio,0.10437,0.10448,172.0,168.0
2025-07-25T08:16:36.204544,lbank,0.1045,0.1046,2534.59,61269.72
2025-07-25T08:16:36.239107,bybit,0.1045,0.1046,909.0,29019.3
2025-07-25T08:16:36.307075,bitget,0.1044,0.1045,2950.3,89848.0
2025-07-25T08:16:36.458279,bitget,0.1044,0.1045,2950.3,99416.3
2025-07-25T08:16:36.545064,blofin,0.10439,0.10442,726.0,4.0
2025-07-25T08:16:36.552669,binance,0.1044,0.1044,0.0,0.0
2025-07-25T08:16:36.606963,bitget,0.1044,0.1045,2950.3,99416.3
2025-07-25T08:16:36.673584,lbank,0.1045,0.1046,2534.59,61269.72
2025-07-25T08:16:36.733319,bybit,0.1045,0.1046,5909.0,29750.4
2025-07-25T08:16:36.756902,bitget,0.1044,0.1045,2950.3,89848.0
2025-07-25T08:16:36.885101,gateio,0.10437,0.10448,3046.0,168.0
2025-07-25T08:16:36.900944,gateio,0.10438,0.10448,172.0,168.0
2025-07-25T08:16:36.907371,bitget,0.1044,0.1045,12846.4,79951.9
2025-07-25T08:16:36.932662,bybit,0.0,0.1046,0.0,27358.6
2025-07-25T08:16:36.997341,okx,0.10453,0.10458,620.0,63.1414
2025-07-25T08:16:37.011527,bingx,0.1044,0.1046,67895.627,10885.075
2025-07-25T08:16:37.032652,bybit,0.1045,0.1046,6043.0,19943.9
2025-07-25T08:16:37.059567,bitget,0.1044,0.1045,17450.8,79951.9
2025-07-25T08:16:37.060718,blofin,0.10441,0.10446,942.0,4.0
2025-07-25T08:16:37.102169,okx,0.10453,0.10459,620.0,63.1414
2025-07-25T08:16:37.133108,bybit,0.0,0.1046,0.0,17966.6
2025-07-25T08:16:37.174101,bitmart,0.1043,0.1046,823609.0,775682.0
2025-07-25T08:16:37.177011,lbank,0.1045,0.1046,2534.59,61269.72
2025-07-25T08:16:37.207316,bitget,0.1044,0.1045,22742.2,33683.7
2025-07-25T08:16:37.233133,bybit,0.0,0.1046,0.0,18697.7
2025-07-25T08:16:37.249314,okx,0.10454,0.10459,441.0,63.1414
2025-07-25T08:16:37.310923,bingx,0.1045,0.1046,115.932,208.901
2025-07-25T08:16:37.332534,bybit,0.0,0.1046,0.0,11524.3
2025-07-25T08:16:37.348947,gateio,0.10438,0.10448,3046.0,168.0
2025-07-25T08:16:37.357767,bitget,0.1044,0.1045,67028.9,29863.7
2025-07-25T08:16:37.359034,gateio,0.10439,0.10449,172.0,500.0
2025-07-25T08:16:37.379132,gateio,0.1044,0.10448,172.0,172.0
2025-07-25T08:16:37.399178,gateio,0.1044,0.10449,217.0,500.0
2025-07-25T08:16:37.432904,bybit,0.1045,0.1046,11110.4,2504.9
2025-07-25T08:16:37.461201,gateio,0.10441,0.10449,172.0,500.0
2025-07-25T08:16:37.468592,okx,0.10456,0.10461,620.0,542.2981
2025-07-25T08:16:37.506626,bitget,0.1044,0.1045,76603.1,25000.0
2025-07-25T08:16:37.508954,gateio,0.10441,0.10448,172.0,172.0
2025-07-25T08:16:37.544317,blofin,0.10445,0.10449,1461.0,5663.0
2025-07-25T08:16:37.552577,binance,0.1046,0.1046,0.0,0.0
2025-07-25T08:16:37.658608,bitget,0.1044,0.1045,76603.1,25000.0
2025-07-25T08:16:37.672292,lbank,0.1045,0.1046,2534.59,61269.72
2025-07-25T08:16:37.713442,gateio,0.10441,0.10449,172.0,500.0
2025-07-25T08:16:37.739182,gateio,0.10442,0.10449,172.0,500.0
2025-07-25T08:16:37.761100,gateio,0.10442,0.10448,172.0,172.0
2025-07-25T08:16:37.807062,bitget,0.1044,0.1045,76603.1,25000.0
2025-07-25T08:16:37.818352,gateio,0.10442,0.10449,172.0,500.0
2025-07-25T08:16:37.921063,gateio,0.10441,0.10448,172.0,172.0
2025-07-25T08:16:37.940759,gateio,0.10442,0.10448,172.0,172.0
2025-07-25T08:16:37.958464,bitget,0.1044,0.1045,76603.1,25000.0
2025-07-25T08:16:38.034017,bybit,0.0,0.0,0.0,0.0
2025-07-25T08:16:38.073208,blofin,0.10445,0.10449,1461.0,5663.0
2025-07-25T08:16:38.111170,bitget,0.1044,0.1045,76603.1,25000.0
2025-07-25T08:16:38.121714,bitmart,0.1043,0.1046,630522.0,775682.0
2025-07-25T08:16:38.173513,lbank,0.1045,0.1046,44870.91,10444.6
2025-07-25T08:16:38.221227,bingx,0.1045,0.1046,115.932,208.901
2025-07-25T08:16:38.260007,bitget,0.1044,0.1045,76603.1,25000.0
2025-07-25T08:16:38.321444,gateio,0.10442,0.10449,172.0,500.0
2025-07-25T08:16:38.450390,mexc,0.1044,0.1045,8817054.0,8817054.0
2025-07-25T08:16:38.552420,binance,0.1046,0.1046,0.0,0.0
2025-07-25T08:16:38.562551,bitget,0.1044,0.1045,76603.1,25000.0
2025-07-25T08:16:38.565453,blofin,0.10448,0.10453,726.0,1908.0
2025-07-25T08:16:38.612047,okx,0.10457,0.10461,441.0,542.2981
2025-07-25T08:16:38.712273,bitget,0.1044,0.1045,76603.1,25000.0
2025-07-25T08:16:38.827022,gateio,0.10442,0.10448,172.0,172.0
2025-07-25T08:16:38.832553,bybit,0.1045,0.1046,909.0,13409.9
2025-07-25T08:16:38.855138,gateio,0.10443,0.10446,172.0,7407.0
2025-07-25T08:16:38.860243,bitget,0.1044,0.1045,80631.2,36875.3
2025-07-25T08:16:38.862924,gateio,0.10443,0.10448,172.0,172.0
2025-07-25T08:16:38.873287,gateio,0.10442,0.10448,3045.0,172.0
2025-07-25T08:16:38.932727,bybit,0.0,0.1046,0.0,18324.1
2025-07-25T08:16:38.998705,okx,0.10453,0.1046,179.0,62.7431
2025-07-25T08:16:39.008859,bitget,0.1044,0.1045,24791.1,41666.4
2025-07-25T08:16:39.045258,blofin,0.10448,0.10453,729.0,1908.0
2025-07-25T08:16:39.063025,gateio,0.10443,0.10448,172.0,172.0
2025-07-25T08:16:39.114817,bingx,0.1044,0.1046,67895.627,9928.138
2025-07-25T08:16:39.161737,bitget,0.1044,0.1045,26770.3,41666.4
2025-07-25T08:16:39.187038,bitmart,0.1042,0.1046,827568.0,775682.0
2025-07-25T08:16:39.224860,gateio,0.10442,0.10448,3045.0,172.0
2025-07-25T08:16:39.232694,bybit,0.0,0.0,0.0,0.0
2025-07-25T08:16:39.277599,gateio,0.10441,0.10448,172.0,299.0
2025-07-25T08:16:39.299399,gateio,0.10441,0.10447,172.0,172.0
2025-07-25T08:16:39.310201,bitget,0.1044,0.1045,26770.3,41666.4
2025-07-25T08:16:39.338910,gateio,0.10441,0.10447,172.0,299.0
2025-07-25T08:16:39.360646,gateio,0.10439,0.10446,172.0,172.0
2025-07-25T08:16:39.417939,bingx,0.1044,0.1045,4091.918,1554.062
2025-07-25T08:16:39.432353,bybit,0.1045,0.1046,28.0,19185.6
2025-07-25T08:16:39.460613,bitget,0.1044,0.1045,26770.3,41666.4
2025-07-25T08:16:39.490991,gateio,0.10439,0.10447,172.0,172.0
2025-07-25T08:16:39.495499,okx,0.10452,0.1046,620.0,62.7431
2025-07-25T08:16:39.533295,bybit,0.1045,0.1046,953.8,19252.6
2025-07-25T08:16:39.552807,binance,0.1044,0.1044,0.0,0.0
2025-07-25T08:16:39.558748,blofin,0.10443,0.1045,605.0,1.0
2025-07-25T08:16:39.609145,bitget,0.1044,0.1045,26770.3,41666.4
2025-07-25T08:16:39.758254,bitget,0.1044,0.1045,26770.3,41666.4
2025-07-25T08:16:39.832519,bybit,0.0,0.1046,0.0,20178.1
2025-07-25T08:16:39.909333,bitget,0.1044,0.1045,26770.3,41666.4
2025-07-25T08:16:39.932556,bybit,0.1045,0.1046,28.0,20909.2
2025-07-25T08:16:39.983945,okx,0.10452,0.1046,620.0,503.7431
2025-07-25T08:16:40.057499,blofin,0.10443,0.1045,605.0,1.0
2025-07-25T08:16:40.061395,bitget,0.1044,0.1045,26770.3,41666.4
2025-07-25T08:16:40.142927,gateio,0.10439,0.10446,172.0,172.0
2025-07-25T08:16:40.194809,okx,0.10451,0.1046,241.7634,503.7431
2025-07-25T08:16:40.198820,bitmart,0.1042,0.1046,827568.0,775682.0
2025-07-25T08:16:40.211116,bitget,0.1044,0.1045,32846.4,41666.4
2025-07-25T08:16:40.300619,okx,0.10451,0.10459,241.7634,62.9312
2025-07-25T08:16:40.323556,bingx,0.1044,0.1045,4091.918,1554.062
2025-07-25T08:16:40.365414,bitget,0.1044,0.1045,32846.4,41666.4
2025-07-25T08:16:40.387316,lbank,0.1043,0.1045,106033.39,1254.23
2025-07-25T08:16:40.394833,gateio,0.10439,0.10447,172.0,172.0
2025-07-25T08:16:40.406561,lbank,0.1043,0.1046,106033.39,56657.57
2025-07-25T08:16:40.419241,okx,0.10451,0.10459,682.7634,62.9312
2025-07-25T08:16:40.508901,bitget,0.1044,0.1045,32846.4,41666.4
2025-07-25T08:16:40.541421,blofin,0.10443,0.1045,2.0,60.0
2025-07-25T08:16:40.552539,binance,0.1044,0.1044,0.0,0.0
2025-07-25T08:16:40.661497,bitget,0.1044,0.1045,32846.4,41666.4
2025-07-25T08:16:40.732705,bybit,0.0,0.0,0.0,0.0
2025-07-25T08:16:40.808469,bitget,0.1044,0.1045,32846.4,41666.4
2025-07-25T08:16:40.810464,mexc,0.1044,0.1045,8817054.0,8817054.0
2025-07-25T08:16:40.962097,bitget,0.1044,0.1045,32846.4,41666.4
2025-07-25T08:16:41.054547,blofin,0.10443,0.10451,2.0,488.0
2025-07-25T08:16:41.110639,bitget,0.1044,0.1045,32846.4,41666.4
2025-07-25T08:16:41.138935,gateio,0.10439,0.10446,172.0,172.0
2025-07-25T08:16:41.173048,bitmart,0.1042,0.1046,827568.0,775682.0
2025-07-25T08:16:41.175226,lbank,0.1043,0.1046,106033.39,56657.57
2025-07-25T08:16:41.200866,okx,0.10451,0.10459,241.7634,503.9312
2025-07-25T08:16:41.222841,bingx,0.1044,0.1045,4091.918,1554.062
2025-07-25T08:16:41.265148,bitget,0.1044,0.1045,22950.3,41666.4
2025-07-25T08:16:41.332694,bybit,0.0,0.0,0.0,0.0
2025-07-25T08:16:41.357404,okx,0.10451,0.10458,62.7634,441.0
2025-07-25T08:16:41.552488,binance,0.1044,0.1044,0.0,0.0
2025-07-25T08:16:41.555104,blofin,0.10443,0.10451,2.0,491.0
2025-07-25T08:16:41.558778,bitget,0.1044,0.1045,22950.3,51234.7
2025-07-25T08:16:41.633196,bybit,0.1044,0.1045,25070.6,925.8
2025-07-25T08:16:41.674238,lbank,0.1043,0.1046,106033.39,56657.57
2025-07-25T08:16:41.713211,bitget,0.1044,0.1045,22950.3,51234.7
2025-07-25T08:16:41.732596,bybit,0.1044,0.0,25137.7,0.0
2025-07-25T08:16:41.792500,okx,0.1045,0.10457,179.0,103.5516
2025-07-25T08:16:41.833004,bybit,0.1044,0.0,25265.3,0.0
2025-07-25T08:16:41.860674,bitget,0.1044,0.1045,22950.3,51234.7
2025-07-25T08:16:42.011148,bitget,0.1044,0.1045,22950.3,51234.7
2025-07-25T08:16:42.062994,blofin,0.10441,0.10449,5.0,630.0
2025-07-25T08:16:42.121468,bingx,0.1044,0.1045,4091.918,1554.062
2025-07-25T08:16:42.153966,bitmart,0.1042,0.1046,827568.0,775682.0
2025-07-25T08:16:42.165892,bitget,0.1044,0.1045,20971.1,51234.7
2025-07-25T08:16:42.174946,lbank,0.1043,0.1046,106033.39,56657.57
2025-07-25T08:16:42.204431,okx,0.1045,0.10457,620.0,103.5516
2025-07-25T08:16:42.312729,bitget,0.1044,0.1045,20971.1,51234.7
2025-07-25T08:16:42.459815,bitget,0.1044,0.1045,20971.1,51234.7
2025-07-25T08:16:42.553226,binance,0.1044,0.1044,0.0,0.0
2025-07-25T08:16:42.553495,blofin,0.10441,0.10449,5.0,630.0
2025-07-25T08:16:42.610874,bitget,0.1044,0.1045,20971.1,51234.7
2025-07-25T08:16:42.672496,lbank,0.1043,0.1046,106033.39,56657.57
2025-07-25T08:16:42.733040,bybit,0.1045,0.1046,925.8,19118.6
2025-07-25T08:16:42.758675,gateio,0.10439,0.10447,172.0,172.0
2025-07-25T08:16:42.759803,bitget,0.1044,0.1045,22950.3,41666.4
2025-07-25T08:16:42.832644,bybit,0.0,0.1046,0.0,19185.6
2025-07-25T08:16:42.864393,gateio,0.10439,0.10447,3046.0,172.0
2025-07-25T08:16:42.911100,bitget,0.1044,0.1045,36666.4,37846.4
2025-07-25T08:16:42.933097,bybit,0.0,0.1046,0.0,21102.0
2025-07-25T08:16:42.956895,gateio,0.1044,0.10447,172.0,172.0
2025-07-25T08:16:42.956931,gateio,0.10441,0.10447,172.0,172.0
2025-07-25T08:16:42.960576,okx,0.10452,0.10458,620.0,62.9342
2025-07-25T08:16:43.035675,bingx,0.1044,0.1045,4091.918,1554.062
2025-07-25T08:16:43.050669,gateio,0.1044,0.10447,172.0,172.0
2025-07-25T08:16:43.061019,blofin,0.10441,0.10449,2.0,643.0
2025-07-25T08:16:43.061207,bitget,0.1044,0.1045,36666.4,37846.4
2025-07-25T08:16:43.136296,gateio,0.10439,0.10447,172.0,172.0
2025-07-25T08:16:43.171181,lbank,0.1043,0.1046,106033.39,56657.57
2025-07-25T08:16:43.200059,mexc,0.1044,0.1045,8817054.0,8817054.0
2025-07-25T08:16:43.205728,bitmart,0.1042,0.1046,827568.0,775682.0
2025-07-25T08:16:43.209635,bitget,0.1044,0.1045,36666.4,37846.4
2025-07-25T08:16:43.361446,bitget,0.1044,0.1045,36666.4,37846.4
2025-07-25T08:16:43.509587,bitget,0.1044,0.1045,36666.4,37846.4
2025-07-25T08:16:43.552550,binance,0.1044,0.1044,0.0,0.0
2025-07-25T08:16:43.553561,blofin,0.10443,0.10451,3544.0,1151.0
2025-07-25T08:16:43.660152,bitget,0.1044,0.1045,36666.4,37846.4
2025-07-25T08:16:43.708983,okx,0.10453,0.10458,441.0,62.9342
2025-07-25T08:16:43.812341,bitget,0.1044,0.1045,36666.4,37846.4
2025-07-25T08:16:43.930472,bingx,0.1044,0.1045,4091.918,1554.062
2025-07-25T08:16:43.961345,bitget,0.1044,0.1045,36666.4,37846.4
2025-07-25T08:16:44.056955,blofin,0.10443,0.10451,3544.0,1156.0
2025-07-25T08:16:44.121131,bitmart,0.1042,0.1046,827568.0,775682.0
2025-07-25T08:16:44.171881,lbank,0.1043,0.1046,106033.39,56657.57
2025-07-25T08:16:44.211694,okx,0.10452,0.10458,179.0,62.9342
2025-07-25T08:16:44.261771,bitget,0.1044,0.1045,26770.3,37846.4
2025-07-25T08:16:44.411195,bitget,0.1044,0.1045,26770.3,47414.4
2025-07-25T08:16:44.552468,binance,0.1044,0.1044,0.0,0.0
2025-07-25T08:16:44.560883,blofin,0.10443,0.10451,3544.0,1156.0
2025-07-25T08:16:44.563165,bitget,0.1044,0.1045,26770.3,47414.4
2025-07-25T08:16:44.632744,bybit,0.1045,0.0,964.8,0.0
2025-07-25T08:16:44.672907,lbank,0.1043,0.1046,106033.39,56657.57
2025-07-25T08:16:44.710991,bitget,0.1044,0.1045,26770.3,47414.4
2025-07-25T08:16:44.834117,bingx,0.1044,0.1045,4091.918,1554.062
2025-07-25T08:16:44.863312,bitget,0.1044,0.1045,26770.3,47414.4
2025-07-25T08:16:45.010406,bitget,0.1044,0.1045,26770.3,46468.1
2025-07-25T08:16:45.059648,blofin,0.10443,0.10451,792.0,5.0
2025-07-25T08:16:45.133691,bybit,0.1045,0.0,39.0,0.0
2025-07-25T08:16:45.153163,okx,0.10452,0.10458,620.0,62.9342
2025-07-25T08:16:45.160862,bitget,0.1044,0.1045,26770.3,46468.1
2025-07-25T08:16:45.168445,bitmart,0.1042,0.1046,827568.0,775682.0
2025-07-25T08:16:45.170104,lbank,0.1043,0.1046,106033.39,56657.57
2025-07-25T08:16:45.233366,bybit,0.1045,0.0,964.8,0.0
2025-07-25T08:16:45.311449,bitget,0.1044,0.1045,26770.3,46468.1
2025-07-25T08:16:45.460669,bitget,0.1044,0.1045,26770.3,46468.1
2025-07-25T08:16:45.552503,binance,0.1044,0.1044,0.0,0.0
2025-07-25T08:16:45.561315,blofin,0.10443,0.10451,5.0,492.0
2025-07-25T08:16:45.584585,mexc,0.1044,0.1045,8817054.0,8817054.0
2025-07-25T08:16:45.670014,lbank,0.1043,0.1046,106033.39,56657.57
2025-07-25T08:16:45.716390,lbank,0.1045,0.1046,197.43,56657.57
2025-07-25T08:16:45.732109,bingx,0.1044,0.1045,4091.918,1554.062
2025-07-25T08:16:46.061585,bitget,0.1044,0.1045,26770.3,46468.1
2025-07-25T08:16:46.069861,blofin,0.10443,0.10451,5.0,492.0
2025-07-25T08:16:46.133104,bybit,0.0,0.0,0.0,0.0
2025-07-25T08:16:46.156071,bitmart,0.1042,0.1046,827568.0,775682.0
2025-07-25T08:16:46.172491,lbank,0.1043,0.1046,106033.39,56657.57
2025-07-25T08:16:46.214454,bitget,0.1044,0.1045,26770.3,46468.1
2025-07-25T08:16:46.232553,bybit,0.1045,0.0,3748.5,0.0
2025-07-25T08:16:46.319042,gateio,0.10439,0.10448,172.0,172.0
2025-07-25T08:16:46.333443,bybit,0.0,0.1046,0.0,21035.0
2025-07-25T08:16:46.361523,bitget,0.1044,0.1045,26770.3,36900.1
2025-07-25T08:16:46.432634,bybit,0.0,0.0,0.0,0.0
2025-07-25T08:16:46.511243,bitget,0.1044,0.1045,36347.1,36900.1
2025-07-25T08:16:46.552765,binance,0.1044,0.1044,0.0,0.0
2025-07-25T08:16:46.554576,blofin,0.10443,0.10452,794.0,491.0
2025-07-25T08:16:46.561992,okx,0.10453,0.10458,441.0,62.9342
2025-07-25T08:16:46.637031,bingx,0.1044,0.1045,4091.918,1554.062
2025-07-25T08:16:46.663455,bitget,0.1044,0.1045,26770.3,36900.1
2025-07-25T08:16:46.678687,lbank,0.1043,0.1046,106033.39,56657.57
2025-07-25T08:16:46.816594,bitget,0.1044,0.1045,26770.3,36900.1
2025-07-25T08:16:46.941693,bingx,0.1044,0.1045,4091.918,1554.062
2025-07-25T08:16:47.067973,blofin,0.10443,0.10452,794.0,491.0
2025-07-25T08:16:47.118838,bitget,0.1044,0.1045,26770.3,36900.1
2025-07-25T08:16:47.125242,bitmart,0.1042,0.1046,827568.0,775682.0
2025-07-25T08:16:47.134205,bybit,0.0,0.1046,0.0,20968.0
2025-07-25T08:16:47.196067,okx,0.10453,0.10459,441.0,62.9312
2025-07-25T08:16:47.273179,bitget,0.1044,0.1045,71018.4,36900.1
2025-07-25T08:16:47.332948,bybit,0.0,0.1046,0.0,21035.0
2025-07-25T08:16:47.359733,okx,0.10453,0.10459,620.0,62.9312
2025-07-25T08:16:47.415152,bitget,0.1044,0.1045,71802.8,36900.1
2025-07-25T08:16:47.539188,gateio,0.1044,0.10448,166.0,172.0
2025-07-25T08:16:47.546368,blofin,0.10443,0.10452,792.0,489.0
2025-07-25T08:16:47.552492,binance,0.1044,0.1044,0.0,0.0
2025-07-25T08:16:47.561925,bitget,0.1044,0.1045,81379.6,36900.1
2025-07-25T08:16:47.632945,bybit,0.1045,0.1046,8882.5,16600.2
2025-07-25T08:16:47.669339,lbank,0.1043,0.1046,106033.39,56657.57
2025-07-25T08:16:47.679411,lbank,0.1043,0.1045,106033.39,15.19
2025-07-25T08:16:47.690272,gateio,0.10439,0.10449,172.0,500.0
2025-07-25T08:16:47.707075,gateio,0.10439,0.10448,5920.0,166.0
2025-07-25T08:16:47.712936,bitget,0.1044,0.1045,81379.6,36900.1
2025-07-25T08:16:47.718564,gateio,0.1044,0.10449,166.0,500.0
2025-07-25T08:16:47.730580,gateio,0.1044,0.10449,2141.0,500.0
2025-07-25T08:16:47.733249,bybit,0.1045,0.1046,11557.9,7672.5
2025-07-25T08:16:47.748868,gateio,0.1044,0.10448,2141.0,166.0
2025-07-25T08:16:47.779818,okx,0.10455,0.1046,620.0,62.7431
2025-07-25T08:16:47.841007,gateio,0.10441,0.10448,166.0,166.0
2025-07-25T08:16:47.842013,bingx,0.1044,0.1045,4091.918,1554.062
2025-07-25T08:16:47.859974,gateio,0.10442,0.10448,166.0,166.0
2025-07-25T08:16:47.863564,bitget,0.1044,0.1045,91275.7,25024.8
2025-07-25T08:16:47.952290,mexc,0.1044,0.1045,8817054.0,8817054.0
2025-07-25T08:16:48.021201,bitget,0.1044,0.1045,91275.7,25024.8
2025-07-25T08:16:48.028615,gateio,0.10442,0.10449,166.0,500.0
2025-07-25T08:16:48.046698,blofin,0.10445,0.10452,1275.0,2.0
2025-07-25T08:16:48.058710,gateio,0.10442,0.10448,166.0,166.0
2025-07-25T08:16:48.097318,gateio,0.10442,0.10449,166.0,500.0
2025-07-25T08:16:48.155111,bitmart,0.1042,0.1046,827568.0,775682.0
2025-07-25T08:16:48.164321,bitget,0.1044,0.1045,91275.7,25024.8
2025-07-25T08:16:48.185446,lbank,0.1043,0.1046,106033.39,56657.57
2025-07-25T08:16:48.233170,bybit,0.0,0.0,0.0,0.0
2025-07-25T08:16:48.241614,gateio,0.10442,0.10448,166.0,166.0
2025-07-25T08:16:48.317138,gateio,0.10442,0.10449,166.0,500.0
2025-07-25T08:16:48.462951,bitget,0.1044,0.1045,91275.7,24053.7
2025-07-25T08:16:48.538991,blofin,0.10447,0.10452,1458.0,2.0
2025-07-25T08:16:48.552418,binance,0.1045,0.1045,0.0,0.0
2025-07-25T08:16:48.614016,bitget,0.1044,0.1045,91275.7,24053.7
2025-07-25T08:16:48.637482,lbank,0.1043,0.1044,106033.39,58.62
2025-07-25T08:16:48.680101,lbank,0.1043,0.1046,106033.39,56657.57
2025-07-25T08:16:48.708866,gateio,0.10442,0.10451,166.0,166.0
2025-07-25T08:16:48.743605,bingx,0.1044,0.1045,4091.918,1554.062
2025-07-25T08:16:48.756040,okx,0.10456,0.1046,441.0,62.7431
2025-07-25T08:16:48.763529,bitget,0.1044,0.1045,91275.7,24053.7
2025-07-25T08:16:48.914434,bitget,0.1044,0.1045,91275.7,24053.7
2025-07-25T08:16:48.955928,gateio,0.10442,0.10454,166.0,500.0
2025-07-25T08:16:48.999135,gateio,0.10442,0.10453,166.0,166.0
2025-07-25T08:16:49.009467,lbank,0.1044,0.1046,55.81,56657.57
2025-07-25T08:16:49.033128,bybit,0.0,0.1046,0.0,5823.1
2025-07-25T08:16:49.067242,bitget,0.1044,0.1046,91275.7,209434.1
2025-07-25T08:16:49.071690,blofin,0.10447,0.10453,1458.0,5.0
2025-07-25T08:16:49.095311,okx,0.10456,0.10461,441.0,479.1567
2025-07-25T08:16:49.147721,ascendex,0.1033,0.1049,0.0,0.0
2025-07-25T08:16:49.171104,bitmart,0.1042,0.1046,827568.0,775682.0
2025-07-25T08:16:49.174006,lbank,0.1043,0.1046,106033.39,56657.57
2025-07-25T08:16:49.208549,okx,0.10458,0.10466,441.0,179.0
2025-07-25T08:16:49.212857,bitget,0.1045,0.1046,958.6,189147.9
2025-07-25T08:16:49.365730,bitget,0.1045,0.1046,958.6,74319.8
2025-07-25T08:16:49.463427,ascendex,0.104,0.105,480861.6,118934.3
2025-07-25T08:16:49.516339,bitget,0.1045,0.1046,958.6,74319.8
2025-07-25T08:16:49.552751,binance,0.1045,0.1045,0.0,0.0
2025-07-25T08:16:49.564056,blofin,0.10447,0.10453,1458.0,5.0
2025-07-25T08:16:49.664494,bitget,0.1045,0.1046,958.6,74319.8
2025-07-25T08:16:49.671908,lbank,0.1043,0.1046,106033.39,56657.57
2025-07-25T08:16:49.689579,bingx,0.1044,0.1045,4091.918,1554.062
2025-07-25T08:16:49.732723,bybit,0.1045,0.1046,13535.2,1042.7
2025-07-25T08:16:49.782506,ascendex,0.104,0.1063,384707.8,78351.4
2025-07-25T08:16:49.786252,okx,0.10459,0.10467,941.0988,5916.5089
2025-07-25T08:16:49.815026,bitget,0.1045,0.1046,958.6,99319.8
2025-07-25T08:16:49.890308,okx,0.10459,0.10467,500.0988,282.4496
2025-07-25T08:16:49.963349,bitget,0.1045,0.1046,958.6,99319.8
2025-07-25T08:16:49.993941,okx,0.10459,0.10467,500.0988,723.4496
2025-07-25T08:16:50.036508,gateio,0.10442,0.10453,3039.0,166.0
2025-07-25T08:16:50.056286,blofin,0.10449,0.10453,732.0,5.0
2025-07-25T08:16:50.079051,gateio,0.10443,0.10453,166.0,166.0
2025-07-25T08:16:50.103491,okx,0.10459,0.10466,500.0988,441.0
2025-07-25T08:16:50.104918,ascendex,0.0,0.1063,0.0,41293.7
2025-07-25T08:16:50.122679,bitget,0.1045,0.1046,958.6,99319.8
2025-07-25T08:16:50.196044,bitmart,0.1044,0.1047,815089.0,612383.0
2025-07-25T08:16:50.263514,bitget,0.1045,0.1046,958.6,99319.8
2025-07-25T08:16:50.281073,lbank,0.1043,0.1046,106033.39,56657.57
2025-07-25T08:16:50.336202,mexc,0.1044,0.1045,8817054.0,8817054.0
2025-07-25T08:16:50.417578,bitget,0.1045,0.1046,958.6,99319.8
2025-07-25T08:16:50.547339,blofin,0.10449,0.10453,1.0,4.0
2025-07-25T08:16:50.549131,bingx,0.1044,0.1045,4091.918,1554.062
2025-07-25T08:16:50.553219,binance,0.1045,0.1045,0.0,0.0
2025-07-25T08:16:50.563867,bitget,0.1045,0.1046,958.6,99319.8
2025-07-25T08:16:50.670423,lbank,0.1043,0.1046,106033.39,56657.57
2025-07-25T08:16:50.715740,bitget,0.1045,0.1046,958.6,99319.8
2025-07-25T08:16:50.865181,bitget,0.1045,0.1046,958.6,99319.8
2025-07-25T08:16:51.020539,bitget,0.1045,0.1046,958.6,99319.8
2025-07-25T08:16:51.055142,blofin,0.10449,0.10453,648.0,4.0
2025-07-25T08:16:51.100454,bitmart,0.1044,0.1047,815089.0,766501.0
2025-07-25T08:16:51.165767,bitget,0.1045,0.1046,958.6,99319.8
2025-07-25T08:16:51.179801,lbank,0.1043,0.1046,106033.39,56657.57
2025-07-25T08:16:51.314957,bitget,0.1045,0.1046,958.6,99319.8
2025-07-25T08:16:51.454276,bingx,0.1044,0.1045,4091.918,1554.062
2025-07-25T08:16:51.466989,bitget,0.1045,0.1046,958.6,99319.8
2025-07-25T08:16:51.478856,gateio,0.10443,0.10452,166.0,166.0
2025-07-25T08:16:51.496982,gateio,0.10444,0.10452,166.0,420.0
2025-07-25T08:16:51.504351,lbank,0.1044,0.1046,325.22,56657.57
2025-07-25T08:16:51.507682,okx,0.10458,0.10466,63.5657,441.0
2025-07-25T08:16:51.533171,bybit,0.1045,0.1046,11557.9,3432.4
2025-07-25T08:16:51.552222,binance,0.1045,0.1045,0.0,0.0
2025-07-25T08:16:51.554546,blofin,0.10449,0.10453,648.0,4.0
2025-07-25T08:16:51.561878,gateio,0.10444,0.10451,166.0,166.0
2025-07-25T08:16:51.594920,gateio,0.10445,0.10451,166.0,166.0
2025-07-25T08:16:51.614514,bitget,0.1044,0.1046,97023.1,256197.2
2025-07-25T08:16:51.656682,okx,0.10458,0.10464,527.8491,441.0
2025-07-25T08:16:51.670227,lbank,0.1043,0.1046,106033.39,56657.57
2025-07-25T08:16:51.675130,gateio,0.10445,0.10451,211.0,166.0
2025-07-25T08:16:51.695458,gateio,0.10445,0.10451,166.0,166.0
2025-07-25T08:16:51.705040,ascendex,0.1039,0.1049,0.0,119047.6
2025-07-25T08:16:51.731143,gateio,0.10444,0.10451,166.0,166.0
2025-07-25T08:16:51.732387,bybit,0.0,0.1046,0.0,10847.1
2025-07-25T08:16:51.750656,gateio,0.10442,0.10451,90.0,166.0
2025-07-25T08:16:51.764122,bitget,0.1044,0.1045,129995.3,2004.9
2025-07-25T08:16:51.774133,okx,0.10455,0.10463,179.0,441.0
2025-07-25T08:16:51.893116,gateio,0.10443,0.10451,166.0,166.0
2025-07-25T08:16:51.894652,okx,0.10455,0.10461,179.0,479.1567
2025-07-25T08:16:51.916939,bitget,0.1044,0.1045,90491.3,7004.9
2025-07-25T08:16:51.932591,bybit,0.0,0.1046,0.0,3432.4
2025-07-25T08:16:52.007426,okx,0.10455,0.10463,179.0,441.0
2025-07-25T08:16:52.012936,ascendex,0.1035,0.1053,80781.0,6393.8
2025-07-25T08:16:52.054973,blofin,0.1045,0.10453,647.0,4.0
2025-07-25T08:16:52.064918,bitget,0.1044,0.1045,90491.3,7004.9
2025-07-25T08:16:52.110978,okx,0.10456,0.10463,586.5044,441.0
2025-07-25T08:16:52.157608,bitmart,0.1042,0.1046,827568.0,698855.0
2025-07-25T08:16:52.218236,bitget,0.1044,0.1045,91275.7,7004.9
2025-07-25T08:16:52.354414,bingx,0.1044,0.1045,4091.918,1554.062
2025-07-25T08:16:52.359307,lbank,0.1045,0.1046,108.56,56657.57
2025-07-25T08:16:52.365815,bitget,0.1044,0.1045,91275.7,1046.3
2025-07-25T08:16:52.495813,okx,0.10457,0.10464,1027.1031,63.2277
2025-07-25T08:16:52.517477,bitget,0.1044,0.1045,91275.7,1046.3
2025-07-25T08:16:52.552369,binance,0.1045,0.1045,0.0,0.0
2025-07-25T08:16:52.559302,blofin,0.10447,0.10454,3248.0,3703.0
2025-07-25T08:16:52.599591,okx,0.10457,0.10464,586.1031,504.2277
2025-07-25T08:16:52.632996,bybit,0.0,0.1046,0.0,4162.8
2025-07-25T08:16:52.667081,bitget,0.1044,0.1045,91275.7,1046.3
2025-07-25T08:16:52.673907,lbank,0.1043,0.1046,106033.39,56657.57
2025-07-25T08:16:52.692765,mexc,0.1045,0.1046,8817054.0,8817054.0
2025-07-25T08:16:52.708835,gateio,0.10443,0.10452,166.0,293.0
2025-07-25T08:16:52.733178,bybit,0.1045,0.1046,13535.2,3432.4
2025-07-25T08:16:52.738919,gateio,0.10443,0.10451,166.0,166.0
2025-07-25T08:16:52.757001,gateio,0.10443,0.10452,166.0,293.0
2025-07-25T08:16:52.820238,bitget,0.1044,0.1045,209195.0,1046.3
2025-07-25T08:16:52.825350,gateio,0.10443,0.10452,166.0,127.0
2025-07-25T08:16:52.832825,bybit,0.0,0.1046,0.0,1042.7
2025-07-25T08:16:52.860931,gateio,0.10443,0.10452,166.0,293.0
2025-07-25T08:16:52.876734,gateio,0.10443,0.10452,166.0,127.0
2025-07-25T08:16:52.904690,okx,0.10458,0.10466,410.0047,620.0
2025-07-25T08:16:52.933061,bybit,0.1045,0.1046,20949.9,970.8
2025-07-25T08:16:52.936685,gateio,0.10445,0.10453,7407.0,166.0
2025-07-25T08:16:52.954055,ascendex,0.1029,0.1049,0.0,0.0
2025-07-25T08:16:52.961349,gateio,0.10446,0.10453,166.0,166.0
2025-07-25T08:16:52.966886,bitget,0.1045,0.1046,1046.3,132632.6
2025-07-25T08:16:53.008353,okx,0.10458,0.10466,652.878,441.0
2025-07-25T08:16:53.032762,bybit,0.1045,0.0,13535.2,0.0
2025-07-25T08:16:53.052077,blofin,0.10448,0.10454,1638.0,3703.0
2025-07-25T08:16:53.053881,gateio,0.10446,0.10453,2415.0,166.0
2025-07-25T08:16:53.076816,gateio,0.10447,0.10453,166.0,166.0
2025-07-25T08:16:53.117234,bitget,0.1045,0.1046,2004.9,76226.3
2025-07-25T08:16:53.172335,lbank,0.1045,0.1046,97454.76,33582.2
2025-07-25T08:16:53.188214,bitmart,0.1044,0.1048,688020.0,831735.0
2025-07-25T08:16:53.208921,gateio,0.10446,0.10453,166.0,166.0
2025-07-25T08:16:53.261729,bingx,0.1045,0.1046,356.864,17.437
2025-07-25T08:16:53.263938,ascendex,0.1034,0.1052,0.0,118708.5
2025-07-25T08:16:53.266469,bitget,0.1045,0.1046,2004.9,74319.8
2025-07-25T08:16:53.332513,bybit,0.0,0.0,0.0,0.0
2025-07-25T08:16:53.415936,bitget,0.1045,0.1046,2004.9,74319.8
2025-07-25T08:16:53.552657,binance,0.1045,0.1045,0.0,0.0
2025-07-25T08:16:53.552943,blofin,0.10453,0.10454,5.0,3703.0
2025-07-25T08:16:53.561457,bingx,0.1045,0.1046,356.864,17.437
2025-07-25T08:16:53.566884,bitget,0.1045,0.1046,2004.9,74319.8
2025-07-25T08:16:53.572281,ascendex,0.0,0.109,0.0,52306.1
2025-07-25T08:16:53.673246,lbank,0.1045,0.1046,97454.76,33582.2
2025-07-25T08:16:53.718862,bitget,0.1045,0.1046,2004.9,99319.8
2025-07-25T08:16:53.866660,bitget,0.1045,0.1046,2004.9,99319.8
2025-07-25T08:16:53.893084,ascendex,0.1037,0.1053,96618.4,0.0
2025-07-25T08:16:53.999237,okx,0.10459,0.10467,441.0,103.4496
2025-07-25T08:16:54.018816,bitget,0.1045,0.1046,2004.9,99319.8
2025-07-25T08:16:54.072253,blofin,0.10453,0.10454,5.0,3703.0
2025-07-25T08:16:54.095846,okx,0.10459,0.10467,441.0,544.4496
2025-07-25T08:16:54.158697,bitmart,0.1044,0.1048,688020.0,831735.0
2025-07-25T08:16:54.166922,bitget,0.1045,0.1046,2004.9,99319.8
2025-07-25T08:16:54.175848,lbank,0.1045,0.1046,126787.02,3455.17
2025-07-25T08:16:54.200360,okx,0.10458,0.10466,652.878,441.0
2025-07-25T08:16:54.316015,bitget,0.1045,0.1046,2004.9,99319.8
2025-07-25T08:16:54.332254,bybit,0.1045,0.0,15448.1,0.0
2025-07-25T08:16:54.464934,bingx,0.1045,0.1046,356.864,17.437
2025-07-25T08:16:54.522333,ascendex,0.0,0.109,0.0,0.0
2025-07-25T08:16:54.542420,blofin,0.10453,0.10454,5.0,3703.0
2025-07-25T08:16:54.552753,binance,0.1045,0.1045,0.0,0.0
2025-07-25T08:16:54.618959,bitget,0.1045,0.1046,2004.9,99319.8
2025-07-25T08:16:54.682584,lbank,0.1045,0.1046,126787.02,3455.17
2025-07-25T08:16:54.768566,bitget,0.1045,0.1046,2004.9,99319.8
2025-07-25T08:16:54.791212,okx,0.10458,0.10466,242.8733,441.0
2025-07-25T08:16:55.056657,okx,0.10458,0.10466,683.8733,441.0
2025-07-25T08:16:55.057826,blofin,0.10452,0.10454,5.0,3703.0
2025-07-25T08:16:55.080352,bitget,0.1045,0.1046,2004.9,99319.8
2025-07-25T08:16:55.113044,mexc,0.1045,0.1046,8817054.0,8817054.0
2025-07-25T08:16:55.171339,bitmart,0.1044,0.1048,688020.0,831735.0
2025-07-25T08:16:55.172648,lbank,0.1045,0.1046,126787.02,3455.17
2025-07-25T08:16:55.218755,bitget,0.1045,0.1046,2004.9,99319.8
2025-07-25T08:16:55.332741,bybit,0.1045,0.0,13535.2,0.0
2025-07-25T08:16:55.367938,bitget,0.1045,0.1046,2004.9,99319.8
2025-07-25T08:16:55.369485,bingx,0.1045,0.1046,356.864,17.437
2025-07-25T08:16:55.516574,bitget,0.1045,0.1046,2004.9,99319.8
2025-07-25T08:16:55.562451,blofin,0.10452,0.10454,4.0,3703.0
2025-07-25T08:16:55.667525,bitget,0.1045,0.1046,2004.9,99319.8
2025-07-25T08:16:55.673184,lbank,0.1045,0.1046,126787.02,3455.17
2025-07-25T08:16:55.819265,bitget,0.1045,0.1046,2004.9,99319.8
2025-07-25T08:16:55.966365,bitget,0.1045,0.1046,2004.9,99319.8
2025-07-25T08:16:56.057987,blofin,0.10452,0.10454,4.0,3703.0
2025-07-25T08:16:56.117950,bitget,0.1045,0.1046,2004.9,99319.8
2025-07-25T08:16:56.154256,bitmart,0.1044,0.1048,688020.0,831735.0
2025-07-25T08:16:56.178943,lbank,0.1045,0.1046,126787.02,3455.17
2025-07-25T08:16:56.266902,bingx,0.1045,0.1046,356.864,17.437
2025-07-25T08:16:56.268696,bitget,0.1045,0.1046,2004.9,99319.8
2025-07-25T08:16:56.333306,bybit,0.1045,0.1046,15448.1,53.2
2025-07-25T08:16:56.417732,bitget,0.1045,0.1046,2004.9,99319.8
2025-07-25T08:16:56.432659,bybit,0.1045,0.0,18544.8,0.0
2025-07-25T08:16:56.436845,gateio,0.10446,0.10454,166.0,500.0
2025-07-25T08:16:56.450868,gateio,0.10446,0.10454,5910.0,500.0
2025-07-25T08:16:56.462609,gateio,0.10447,0.10454,167.0,500.0
2025-07-25T08:16:56.534945,gateio,0.10447,0.10453,167.0,167.0
2025-07-25T08:16:56.546721,blofin,0.10452,0.10454,6.0,3703.0
2025-07-25T08:16:56.552515,binance,0.1045,0.1045,0.0,0.0
2025-07-25T08:16:56.555015,okx,0.10459,0.10467,504.962,103.4496
2025-07-25T08:16:56.570273,bitget,0.1045,0.1046,2004.9,99319.8
2025-07-25T08:16:56.573655,bingx,0.1045,0.1046,356.864,17.437
2025-07-25T08:16:56.607242,gateio,0.10446,0.10453,166.0,167.0
2025-07-25T08:16:56.632726,bybit,0.0,0.1046,0.0,939.3
2025-07-25T08:16:56.669040,lbank,0.1045,0.1046,126787.02,3455.17
2025-07-25T08:16:56.718257,bitget,0.1045,0.1046,2004.9,99319.8
2025-07-25T08:16:56.723352,gateio,0.10446,0.10454,166.0,500.0
2025-07-25T08:16:56.732967,bybit,0.0,0.1046,0.0,53.2
2025-07-25T08:16:56.869020,bitget,0.1045,0.1046,2004.9,99319.8
2025-07-25T08:16:56.874322,bingx,0.1045,0.1046,356.864,17.437
2025-07-25T08:16:56.889041,gateio,0.10446,0.10453,166.0,167.0
2025-07-25T08:16:56.899183,okx,0.1046,0.10467,441.0,103.4496
2025-07-25T08:16:57.051880,blofin,0.10452,0.10454,6.0,3703.0
2025-07-25T08:16:57.131079,bitmart,0.1044,0.1048,688020.0,831735.0
2025-07-25T08:16:57.200512,gateio,0.10446,0.10454,166.0,500.0
2025-07-25T08:16:57.235416,bybit,0.1045,0.0,20457.7,0.0
2025-07-25T08:16:57.261872,gateio,0.10446,0.10456,166.0,500.0
2025-07-25T08:16:57.305343,gateio,0.10446,0.10455,166.0,167.0
2025-07-25T08:16:57.319571,bitget,0.1045,0.1046,3984.1,99319.8
2025-07-25T08:16:57.339810,gateio,0.10446,0.10456,166.0,500.0
2025-07-25T08:16:57.385216,gateio,0.10446,0.10455,166.0,167.0
2025-07-25T08:16:57.392658,okx,0.10462,0.10468,179.0,62.6713
2025-07-25T08:16:57.467990,bitget,0.1045,0.1046,2789.3,99319.8
2025-07-25T08:16:57.494439,mexc,0.1045,0.1046,8817054.0,8817054.0
2025-07-25T08:16:57.551222,blofin,0.10452,0.10454,1464.0,3703.0
2025-07-25T08:16:57.552521,binance,0.1045,0.1045,0.0,0.0
2025-07-25T08:16:57.596193,okx,0.10462,0.10468,179.0,503.6713
2025-07-25T08:16:57.623504,bitget,0.1045,0.1046,3984.1,99319.8
2025-07-25T08:16:57.674102,lbank,0.1045,0.1046,126787.02,3455.17
2025-07-25T08:16:57.768558,bitget,0.1045,0.1046,3984.1,99319.8
2025-07-25T08:16:57.778173,bingx,0.1045,0.1046,356.864,17.437
2025-07-25T08:16:57.829033,gateio,0.10446,0.10455,3038.0,167.0
2025-07-25T08:16:57.891089,gateio,0.10447,0.10455,167.0,167.0
2025-07-25T08:16:57.920285,bitget,0.1045,0.1046,3984.1,99319.8
2025-07-25T08:16:58.064135,blofin,0.10454,0.10456,2376.0,3.0
2025-07-25T08:16:58.070146,bitget,0.1045,0.1046,3984.1,99319.8
2025-07-25T08:16:58.121112,bitmart,0.1044,0.1048,688020.0,831735.0
2025-07-25T08:16:58.174007,lbank,0.1045,0.1046,126787.02,3455.17
2025-07-25T08:16:58.333546,bybit,0.1045,0.0,20936.2,0.0
2025-07-25T08:16:58.369546,bitget,0.1045,0.1046,3984.1,99319.8
2025-07-25T08:16:58.518586,bitget,0.1045,0.1046,3984.1,99319.8
2025-07-25T08:16:58.552534,binance,0.1045,0.1045,0.0,0.0
2025-07-25T08:16:58.559777,blofin,0.10454,0.10456,2160.0,1.0
2025-07-25T08:16:58.672774,lbank,0.1045,0.1046,126787.02,3455.17
2025-07-25T08:16:58.674040,bitget,0.1045,0.1046,3984.1,99319.8
2025-07-25T08:16:58.676671,bingx,0.1045,0.1046,356.864,17.437
2025-07-25T08:16:58.818372,bitget,0.1045,0.1046,3984.1,99319.8
2025-07-25T08:16:58.970316,bitget,0.1045,0.1046,3984.1,99319.8
2025-07-25T08:16:59.054156,blofin,0.10454,0.10456,2160.0,1.0
2025-07-25T08:16:59.121261,bitget,0.1045,0.1046,3984.1,99319.8
2025-07-25T08:16:59.170583,bitmart,0.1044,0.1047,688020.0,685420.0
2025-07-25T08:16:59.180686,lbank,0.1045,0.1046,126787.02,3455.17
2025-07-25T08:16:59.269604,bitget,0.1045,0.1046,3984.1,99319.8
2025-07-25T08:16:59.419839,bitget,0.1045,0.1046,3984.1,99319.8
2025-07-25T08:16:59.445379,okx,0.10461,0.10468,282.3106,503.6713
2025-07-25T08:16:59.531328,blofin,0.10454,0.10456,1962.0,1.0
2025-07-25T08:16:59.583409,bingx,0.1045,0.1046,356.864,17.437
2025-07-25T08:16:59.675176,lbank,0.1045,0.1046,126787.02,3455.17
2025-07-25T08:16:59.719926,bitget,0.1045,0.1046,3984.1,99319.8
2025-07-25T08:16:59.868939,bitget,0.1045,0.1046,3984.1,99319.8
2025-07-25T08:16:59.888195,mexc,0.1045,0.1046,8817054.0,8817054.0
2025-07-25T08:17:00.021059,bitget,0.1045,0.1046,3984.1,99319.8
2025-07-25T08:17:00.021372,okx,0.10461,0.10468,282.3106,503.6713
2025-07-25T08:17:00.079652,blofin,0.10454,0.10456,1962.0,1.0
2025-07-25T08:17:00.131313,bitmart,0.1044,0.1047,688020.0,619836.0
2025-07-25T08:17:00.132709,bybit,0.0,0.1046,0.0,949.8
2025-07-25T08:17:00.149615,okx,0.10461,0.10467,282.3106,441.0
2025-07-25T08:17:00.170303,bitget,0.1045,0.1046,3984.1,99319.8
2025-07-25T08:17:00.232496,bybit,0.1045,0.0,18544.8,0.0
2025-07-25T08:17:00.257147,okx,0.10459,0.10467,242.962,441.0
2025-07-25T08:17:00.322081,bitget,0.1045,0.1046,2004.9,99319.8
2025-07-25T08:17:00.332563,bybit,0.1045,0.0,20936.2,0.0
2025-07-25T08:17:00.473500,bitget,0.1045,0.1046,2004.9,99319.8
2025-07-25T08:17:00.487561,bingx,0.1045,0.1046,356.864,17.437
2025-07-25T08:17:00.543764,blofin,0.10454,0.10456,1962.0,1.0
2025-07-25T08:17:00.557970,binance,0.1045,0.1045,0.0,0.0
2025-07-25T08:17:00.621122,bitget,0.1045,0.1046,2003.4,100104.2
2025-07-25T08:17:00.676373,lbank,0.1045,0.1046,126787.02,3455.17
2025-07-25T08:17:00.678850,gateio,0.10447,0.10454,167.0,167.0
2025-07-25T08:17:00.695241,okx,0.10459,0.10466,63.962,441.0
2025-07-25T08:17:00.732544,bybit,0.1045,0.0,20457.7,0.0
2025-07-25T08:17:00.771298,bitget,0.1045,0.1046,1046.3,100104.2
2025-07-25T08:17:00.818942,gateio,0.10446,0.10454,166.0,167.0
2025-07-25T08:17:00.920809,bitget,0.1045,0.1046,1046.3,99319.8
2025-07-25T08:17:01.070920,bitget,0.1045,0.1046,1046.3,99319.8
2025-07-25T08:17:01.074971,blofin,0.10452,0.10456,6.0,1.0
2025-07-25T08:17:01.153409,bitmart,0.1044,0.1047,688020.0,575727.0
2025-07-25T08:17:01.186456,lbank,0.1045,0.1046,126787.02,3455.17
2025-07-25T08:17:01.223176,bitget,0.1044,0.1046,214158.0,99319.8
2025-07-25T08:17:01.233228,bybit,0.1045,0.0,18544.8,0.0
2025-07-25T08:17:01.332951,bybit,0.1045,0.0,16631.9,0.0
2025-07-25T08:17:01.371014,bitget,0.1045,0.1046,957.1,140592.9
2025-07-25T08:17:01.405026,bingx,0.1045,0.1046,356.864,17.437
2025-07-25T08:17:01.520075,bitget,0.1045,0.1046,957.1,101226.3
2025-07-25T08:17:01.533125,bybit,0.0,0.1046,0.0,53.2
2025-07-25T08:17:01.539058,gateio,0.10446,0.10455,166.0,167.0
2025-07-25T08:17:01.552041,binance,0.1045,0.1045,0.0,0.0
2025-07-25T08:17:01.566292,blofin,0.10452,0.10456,6.0,1.0
2025-07-25T08:17:01.633568,bybit,0.1045,0.0,17110.4,0.0
2025-07-25T08:17:01.672052,bitget,0.1045,0.1046,957.1,99319.8
2025-07-25T08:17:01.675625,lbank,0.1045,0.1046,126787.02,3455.17
2025-07-25T08:17:01.708638,okx,0.10459,0.10467,683.962,63.9528
2025-07-25T08:17:01.822951,bitget,0.1045,0.1046,957.1,99319.8
2025-07-25T08:17:01.832447,bybit,0.1045,0.0,16113.6,0.0
2025-07-25T08:17:01.971034,bitget,0.1045,0.1046,2936.3,99319.8
2025-07-25T08:17:02.046985,gateio,0.10446,0.10455,3038.0,167.0
2025-07-25T08:17:02.061723,blofin,0.10452,0.10456,6.0,1.0
2025-07-25T08:17:02.078594,gateio,0.10447,0.10455,167.0,167.0
2025-07-25T08:17:02.121447,bitget,0.1045,0.1046,2936.3,99319.8
2025-07-25T08:17:02.161626,bitmart,0.1044,0.1047,688020.0,659743.0
2025-07-25T08:17:02.174466,lbank,0.1045,0.1046,126787.02,3455.17
2025-07-25T08:17:02.186724,okx,0.1046,0.10467,441.0,63.9528
2025-07-25T08:17:02.271028,bitget,0.1045,0.1046,2936.3,99319.8
2025-07-25T08:17:02.290849,bingx,0.1045,0.1046,356.864,17.437
2025-07-25T08:17:02.298569,mexc,0.1045,0.1046,8817054.0,8817054.0
2025-07-25T08:17:02.333304,bybit,0.1045,0.0,19460.9,0.0
2025-07-25T08:17:02.420115,bitget,0.1045,0.1046,2936.3,99319.8
2025-07-25T08:17:02.547564,blofin,0.10452,0.10456,91.0,1.0
2025-07-25T08:17:02.552096,binance,0.1045,0.1045,0.0,0.0
2025-07-25T08:17:02.572206,bitget,0.1045,0.1046,2936.3,99319.8
2025-07-25T08:17:02.679063,lbank,0.1045,0.1046,126787.02,3455.17
2025-07-25T08:17:02.722089,bitget,0.1045,0.1046,2936.3,99319.8
2025-07-25T08:17:02.871952,bitget,0.1045,0.1046,2936.3,99319.8
2025-07-25T08:17:02.932351,bybit,0.0,0.1046,0.0,949.8
2025-07-25T08:17:03.023805,bitget,0.1045,0.1046,957.1,99319.8
2025-07-25T08:17:03.073302,blofin,0.10453,0.10456,539.0,1.0
2025-07-25T08:17:03.132888,bybit,0.1045,0.0,17361.0,0.0
2025-07-25T08:17:03.150120,okx,0.10459,0.10466,242.962,441.0
2025-07-25T08:17:03.172489,bitget,0.1045,0.1046,2936.3,99268.3
2025-07-25T08:17:03.179776,lbank,0.1045,0.1046,126787.02,4024.16
2025-07-25T08:17:03.193289,bingx,0.1045,0.1046,356.864,17.437
2025-07-25T08:17:03.197363,bitmart,0.1044,0.1048,688020.0,831735.0
2025-07-25T08:17:03.235848,bybit,0.0,0.1046,0.0,53.2
2025-07-25T08:17:03.268909,okx,0.1046,0.10467,574.7163,63.9528
2025-07-25T08:17:03.323252,bitget,0.1045,0.1046,957.1,99268.3
2025-07-25T08:17:03.471624,bitget,0.1045,0.1046,957.1,99268.3
2025-07-25T08:17:03.557711,blofin,0.10453,0.10456,2.0,1.0
2025-07-25T08:17:03.622506,bitget,0.1045,0.1046,957.1,99268.3
2025-07-25T08:17:03.684153,lbank,0.1045,0.1046,126787.02,4024.16
2025-07-25T08:17:03.773522,bitget,0.1045,0.1046,957.1,99268.3
2025-07-25T08:17:03.997072,gateio,0.10447,0.10456,167.0,500.0
2025-07-25T08:17:04.018433,gateio,0.10447,0.10455,167.0,167.0
2025-07-25T08:17:04.060173,blofin,0.10453,0.10456,2.0,1.0
2025-07-25T08:17:04.072775,bitget,0.1045,0.1046,957.1,99268.3
2025-07-25T08:17:04.097121,bingx,0.1045,0.1046,356.864,17.437
2025-07-25T08:17:04.160379,bitmart,0.1044,0.1048,688020.0,831735.0
2025-07-25T08:17:04.170811,gateio,0.10448,0.10455,167.0,167.0
2025-07-25T08:17:04.182472,lbank,0.1045,0.1046,126787.02,4024.16
2025-07-25T08:17:04.221587,bitget,0.1045,0.1046,957.1,99268.3
2025-07-25T08:17:04.232769,bybit,0.1045,0.0,17363.4,0.0
2025-07-25T08:17:04.266698,gateio,0.10449,0.10455,167.0,167.0
2025-07-25T08:17:04.371228,bitget,0.1045,0.1046,957.1,99268.3
2025-07-25T08:17:04.521277,bitget,0.1045,0.1046,957.1,99268.3
2025-07-25T08:17:04.532909,bybit,0.0,0.1046,0.0,949.8
2025-07-25T08:17:04.549570,blofin,0.10453,0.10456,877.0,1.0
2025-07-25T08:17:04.671944,mexc,0.1045,0.1046,8817054.0,8817054.0
2025-07-25T08:17:04.672916,bitget,0.1045,0.1046,957.1,99268.3
2025-07-25T08:17:04.676253,lbank,0.1045,0.1046,126787.02,4024.16
2025-07-25T08:17:04.687115,okx,0.1046,0.10466,574.7163,441.0
2025-07-25T08:17:04.789329,okx,0.10459,0.10467,242.962,504.9528
2025-07-25T08:17:04.825265,bitget,0.1045,0.1046,957.1,99268.3
2025-07-25T08:17:04.977865,bitget,0.1045,0.1046,957.1,99268.3
2025-07-25T08:17:05.003327,bingx,0.1045,0.1046,356.864,17.437
2025-07-25T08:17:05.060556,blofin,0.10453,0.10456,878.0,1.0
2025-07-25T08:17:05.125378,bitget,0.1045,0.1046,957.1,99268.3
2025-07-25T08:17:05.146999,bitmart,0.1044,0.1048,688020.0,831735.0
2025-07-25T08:17:05.179934,lbank,0.1045,0.1046,126787.02,4024.16
2025-07-25T08:17:05.423453,bitget,0.1045,0.1046,957.1,99268.3
2025-07-25T08:17:05.546511,blofin,0.10453,0.10456,772.0,1.0
2025-07-25T08:17:05.552000,binance,0.1045,0.1045,0.0,0.0
2025-07-25T08:17:05.573331,bitget,0.1045,0.1046,957.1,99268.3
2025-07-25T08:17:05.612799,okx,0.10459,0.10466,242.962,441.0
2025-07-25T08:17:05.678775,lbank,0.1045,0.1046,126787.02,4024.16
2025-07-25T08:17:05.718810,gateio,0.10448,0.10455,167.0,167.0
2025-07-25T08:17:05.723233,bitget,0.1045,0.1046,957.1,99268.3
2025-07-25T08:17:05.732806,bybit,0.1045,0.0,15450.5,0.0
2025-07-25T08:17:05.832804,gateio,0.10446,0.10455,166.0,167.0
2025-07-25T08:17:05.858384,gateio,0.10447,0.10455,218.0,167.0
2025-07-25T08:17:05.899271,bingx,0.1045,0.1046,356.864,17.437
2025-07-25T08:17:05.901583,bitget,0.1045,0.1046,957.1,99268.3
2025-07-25T08:17:05.978693,gateio,0.10448,0.10455,172.0,167.0
2025-07-25T08:17:06.022976,bitget,0.1045,0.1046,957.1,99268.3
2025-07-25T08:17:06.059428,blofin,0.10453,0.10456,772.0,1.0
2025-07-25T08:17:06.164610,bitmart,0.1044,0.1048,688020.0,831735.0
2025-07-25T08:17:06.174687,bitget,0.1045,0.1046,957.1,99268.3
2025-07-25T08:17:06.175104,lbank,0.1045,0.1046,126787.02,4024.16
2025-07-25T08:17:06.191057,gateio,0.10448,0.10455,172.0,294.0
2025-07-25T08:17:06.284682,gateio,0.10447,0.10454,218.0,172.0
2025-07-25T08:17:06.323932,bitget,0.1045,0.1046,957.1,99268.3
2025-07-25T08:17:06.332525,gateio,0.10448,0.10454,172.0,172.0
2025-07-25T08:17:06.332947,bybit,0.1045,0.0,13537.6,0.0
2025-07-25T08:17:06.433190,bybit,0.1045,0.0,11560.3,0.0
2025-07-25T08:17:06.460983,okx,0.10458,0.10465,63.8733,441.0
2025-07-25T08:17:06.472452,bitget,0.1044,0.1046,214049.3,99268.3
2025-07-25T08:17:06.491302,gateio,0.10447,0.10454,218.0,172.0
2025-07-25T08:17:06.533158,bybit,0.1045,0.0,11573.6,0.0
2025-07-25T08:17:06.547637,blofin,0.10453,0.10456,96.0,1.0
2025-07-25T08:17:06.552717,binance,0.1045,0.1045,0.0,0.0
2025-07-25T08:17:06.604582,gateio,0.10447,0.10454,46.0,172.0
2025-07-25T08:17:06.623842,bitget,0.1044,0.1046,214833.7,140524.2
2025-07-25T08:17:06.633934,bybit,0.1045,0.0,13550.9,0.0
2025-07-25T08:17:06.640604,gateio,0.10447,0.10454,218.0,172.0
2025-07-25T08:17:06.665052,okx,0.10458,0.10465,63.8733,1000.5113
2025-07-25T08:17:06.674869,lbank,0.1045,0.1046,126787.02,4024.16
2025-07-25T08:17:06.713192,gateio,0.10447,0.10454,46.0,172.0
2025-07-25T08:17:06.774350,bitget,0.1044,0.1046,214833.7,140524.2
2025-07-25T08:17:06.790237,okx,0.10458,0.10464,63.8733,441.0
2025-07-25T08:17:06.792547,gateio,0.10447,0.10454,218.0,172.0
2025-07-25T08:17:06.805027,bingx,0.1045,0.1046,356.864,17.437
2025-07-25T08:17:06.890855,okx,0.10458,0.10465,63.8733,441.0
2025-07-25T08:17:06.924579,bitget,0.1044,0.1046,214833.7,140524.2
2025-07-25T08:17:07.016651,gateio,0.10447,0.10454,46.0,172.0
2025-07-25T08:17:07.042585,mexc,0.1045,0.1046,8817054.0,8817054.0
2025-07-25T08:17:07.058574,blofin,0.10452,0.10454,3.0,953.0
2025-07-25T08:17:07.086865,gateio,0.10447,0.10454,218.0,172.0
2025-07-25T08:17:07.106281,bingx,0.1045,0.1046,356.864,17.437
2025-07-25T08:17:07.133380,bybit,0.1045,0.0,11573.6,0.0
2025-07-25T08:17:07.175099,lbank,0.1045,0.1046,126787.02,4024.16
2025-07-25T08:17:07.223899,bitget,0.1044,0.1046,214833.7,140524.2
2025-07-25T08:17:07.232303,bitmart,0.1044,0.1047,688020.0,708062.0
2025-07-25T08:17:07.237032,gateio,0.10448,0.10454,172.0,172.0
2025-07-25T08:17:07.290671,gateio,0.10447,0.10454,46.0,172.0
2025-07-25T08:17:07.299270,okx,0.10458,0.10465,63.8733,918.7831
2025-07-25T08:17:07.333120,bybit,0.1045,0.0,13486.5,0.0
2025-07-25T08:17:07.375695,bitget,0.1044,0.1046,214833.7,140524.2
2025-07-25T08:17:07.432981,bybit,0.1045,0.0,15463.8,0.0
2025-07-25T08:17:07.444765,gateio,0.10448,0.10454,172.0,172.0
2025-07-25T08:17:07.525996,bitget,0.1045,0.1046,943.1,140524.2
2025-07-25T08:17:07.550884,blofin,0.10452,0.10454,3.0,953.0
2025-07-25T08:17:07.552241,binance,0.1045,0.1045,0.0,0.0
2025-07-25T08:17:07.675999,bitget,0.1045,0.1046,943.1,99268.3
2025-07-25T08:17:07.678201,lbank,0.1045,0.1046,126787.02,4024.16
2025-07-25T08:17:07.832031,bitget,0.1045,0.1046,943.1,99268.3
2025-07-25T08:17:07.974155,bitget,0.1045,0.1046,943.1,99268.3
2025-07-25T08:17:08.007932,bingx,0.1045,0.1046,356.864,17.437
2025-07-25T08:17:08.032840,bybit,0.1045,0.0,17732.5,0.0
2025-07-25T08:17:08.050338,blofin,0.10452,0.10456,10.0,151.0
2025-07-25T08:17:08.127219,bitmart,0.1044,0.1048,688020.0,831735.0
2025-07-25T08:17:08.138083,gateio,0.10448,0.10455,172.0,167.0
2025-07-25T08:17:08.194066,okx,0.1046,0.10466,569.7012,541.9924
2025-07-25T08:17:08.282459,bitget,0.1045,0.1046,943.1,99268.3
2025-07-25T08:17:08.338463,bybit,0.0,0.0,0.0,0.0
2025-07-25T08:17:08.424883,bitget,0.1045,0.1046,943.1,99268.3
2025-07-25T08:17:08.532409,bybit,0.1045,0.0,17693.5,0.0
2025-07-25T08:17:08.552267,binance,0.1045,0.1045,0.0,0.0
2025-07-25T08:17:08.557093,blofin,0.10452,0.10456,10.0,148.0
2025-07-25T08:17:08.575759,bitget,0.1045,0.1046,943.1,99268.3
2025-07-25T08:17:08.633041,bybit,0.1045,0.0,17737.1,0.0
2025-07-25T08:17:08.724940,bitget,0.1045,0.1046,943.1,99268.3
2025-07-25T08:17:08.746033,okx,0.1046,0.10466,569.7012,64.255
2025-07-25T08:17:08.913021,bingx,0.1045,0.1046,356.864,17.437
2025-07-25T08:17:09.024197,bitget,0.1045,0.1046,943.1,99268.3
2025-07-25T08:17:09.045539,blofin,0.10452,0.10456,209.0,2.0
2025-07-25T08:17:09.132149,bitmart,0.1044,0.1048,688020.0,831735.0
2025-07-25T08:17:09.232482,bybit,0.1045,0.0,19650.0,0.0
2025-07-25T08:17:09.324838,bitget,0.1045,0.1046,943.1,99268.3
2025-07-25T08:17:09.332907,bybit,0.1045,0.1047,34935.3,32655.2
2025-07-25T08:17:09.414446,gateio,0.10448,0.10455,3043.0,167.0
2025-07-25T08:17:09.421888,mexc,0.1045,0.1046,8817054.0,8817054.0
2025-07-25T08:17:09.435608,bybit,0.1046,0.1047,888.9,26158.5
2025-07-25T08:17:09.466845,gateio,0.10449,0.10455,172.0,167.0
2025-07-25T08:17:09.476336,bitget,0.1045,0.1046,2922.3,99268.3
2025-07-25T08:17:09.507747,okx,0.1046,0.10466,812.916,64.255
2025-07-25T08:17:09.552035,blofin,0.10452,0.10456,3.0,2.0
2025-07-25T08:17:09.552490,binance,0.1045,0.1045,0.0,0.0
2025-07-25T08:17:09.626011,bitget,0.1045,0.1046,2922.3,99268.3
2025-07-25T08:17:09.733289,bybit,0.0,0.1047,0.0,26888.9
2025-07-25T08:17:09.775576,bitget,0.1045,0.1046,2922.3,99268.3
2025-07-25T08:17:09.820104,bingx,0.1045,0.1046,356.864,17.437
2025-07-25T08:17:09.849558,gateio,0.10449,0.10456,172.0,500.0
2025-07-25T08:17:09.864139,gateio,0.10449,0.10457,172.0,167.0
2025-07-25T08:17:10.004750,okx,0.10461,0.10466,441.0,64.255
2025-07-25T08:17:10.032922,bybit,0.0,0.1047,0.0,26986.2
2025-07-25T08:17:10.065718,blofin,0.10453,0.10456,1458.0,1.0
2025-07-25T08:17:10.077612,bitget,0.1045,0.1046,2922.3,89704.6
2025-07-25T08:17:10.099458,okx,0.10461,0.10466,620.0,64.255
2025-07-25T08:17:10.134416,bybit,0.0,0.1047,0.0,27421.2
2025-07-25T08:17:10.209062,bitmart,0.1044,0.1048,688020.0,831735.0
2025-07-25T08:17:10.224809,bitget,0.1045,0.1046,2922.3,89704.6
2025-07-25T08:17:10.226955,lbank,0.1045,0.1046,126787.02,4024.16
2025-07-25T08:17:10.378277,bitget,0.1045,0.1046,2922.3,89704.6
2025-07-25T08:17:10.527278,bitget,0.1045,0.1046,3706.7,89704.6
2025-07-25T08:17:10.560166,blofin,0.10453,0.10456,1458.0,1.0
2025-07-25T08:17:10.675372,bitget,0.1045,0.1046,2922.3,89704.6
2025-07-25T08:17:10.720925,bingx,0.1045,0.1046,356.864,17.437
2025-07-25T08:17:10.824840,bitget,0.1045,0.1046,2922.3,99263.7
2025-07-25T08:17:10.859420,gateio,0.10449,0.10457,172.0,294.0
2025-07-25T08:17:10.865352,okx,0.10461,0.10467,620.0,63.9528
2025-07-25T08:17:10.885506,gateio,0.10449,0.10456,172.0,172.0
2025-07-25T08:17:10.932364,bybit,0.1045,0.1047,36340.8,33086.1
2025-07-25T08:17:10.982553,bitget,0.1045,0.1046,2922.3,99263.7
2025-07-25T08:17:10.991447,okx,0.1046,0.10467,243.2148,504.9528
2025-07-25T08:17:11.001469,gateio,0.10448,0.10456,172.0,172.0
2025-07-25T08:17:11.032438,bybit,0.1045,0.1046,22372.1,888.9
2025-07-25T08:17:11.056452,blofin,0.10454,0.10456,1711.0,1.0
2025-07-25T08:17:11.126821,bitget,0.1045,0.1046,2922.3,99263.7
2025-07-25T08:17:11.132275,bybit,0.1045,0.0,20593.2,0.0
2025-07-25T08:17:11.168212,bitmart,0.1044,0.1048,688020.0,831735.0
2025-07-25T08:17:11.180189,gateio,0.10447,0.10456,173.0,172.0
2025-07-25T08:17:11.199517,gateio,0.10448,0.10456,172.0,172.0
2025-07-25T08:17:11.200416,okx,0.1046,0.10466,64.2148,441.0
2025-07-25T08:17:11.235654,bybit,0.1045,0.0,17809.5,0.0
2025-07-25T08:17:11.277605,bitget,0.1045,0.1046,943.1,99263.7
2025-07-25T08:17:11.429092,bitget,0.1045,0.1046,943.1,99263.7
2025-07-25T08:17:11.552288,binance,0.1045,0.1045,0.0,0.0
2025-07-25T08:17:11.559279,blofin,0.10454,0.10456,1.0,1.0
2025-07-25T08:17:11.577618,bitget,0.1045,0.1046,943.1,99263.7
2025-07-25T08:17:11.618582,bingx,0.1045,0.1046,356.864,17.437
2025-07-25T08:17:11.733054,bitget,0.1045,0.1046,943.1,99263.7
2025-07-25T08:17:11.798291,mexc,0.1045,0.1046,8817054.0,8817054.0
2025-07-25T08:17:11.922613,bingx,0.1045,0.1046,356.864,17.437
2025-07-25T08:17:12.030154,bitget,0.1045,0.1046,943.1,99263.7
2025-07-25T08:17:12.033467,bybit,0.1045,0.0,16278.4,0.0
2025-07-25T08:17:12.046375,blofin,0.10454,0.10456,1.0,1.0
2025-07-25T08:17:12.153900,okx,0.10461,0.10467,565.5145,541.6446
2025-07-25T08:17:12.178189,bitget,0.1045,0.1046,943.1,99263.7
2025-07-25T08:17:12.204165,bitmart,0.1044,0.1048,688020.0,831735.0
2025-07-25T08:17:12.271163,gateio,0.10447,0.10456,218.0,172.0
2025-07-25T08:17:12.278947,okx,0.10461,0.10466,565.5145,441.0
2025-07-25T08:17:12.299507,gateio,0.10446,0.10456,166.0,172.0
2025-07-25T08:17:12.328732,bitget,0.1044,0.1046,214833.7,99263.7
2025-07-25T08:17:12.332769,bybit,0.1045,0.1046,14298.5,5888.9
2025-07-25T08:17:12.401484,lbank,0.1045,0.1046,126787.02,4024.16
2025-07-25T08:17:12.432989,bybit,0.1045,0.0,14365.5,0.0
2025-07-25T08:17:12.477231,bitget,0.1045,0.1046,943.1,140519.6
2025-07-25T08:17:12.532899,bybit,0.0,0.1046,0.0,888.9
2025-07-25T08:17:12.543858,blofin,0.10452,0.10456,6.0,1.0
2025-07-25T08:17:12.552245,binance,0.1045,0.1045,0.0,0.0
2025-07-25T08:17:12.627273,bitget,0.1045,0.1046,943.1,101170.2
2025-07-25T08:17:12.673610,okx,0.10461,0.10465,565.5145,441.0
2025-07-25T08:17:12.777443,bitget,0.1045,0.1046,943.1,99263.7
2025-07-25T08:17:12.825411,bingx,0.1045,0.1046,356.864,17.437
2025-07-25T08:17:12.933028,bitget,0.1045,0.1046,943.1,99263.7
2025-07-25T08:17:13.000215,okx,0.10461,0.10466,565.5145,441.0
2025-07-25T08:17:13.059897,blofin,0.10452,0.10455,3.0,1426.0
2025-07-25T08:17:13.079145,bitget,0.1045,0.1046,943.1,99263.7
2025-07-25T08:17:13.150113,okx,0.10461,0.10467,565.5145,982.6446
2025-07-25T08:17:13.177495,lbank,0.1045,0.1046,126787.02,4024.16
2025-07-25T08:17:13.213771,bitmart,0.1044,0.1048,688020.0,831735.0
2025-07-25T08:17:13.225918,bitget,0.1045,0.1046,943.1,99263.7
2025-07-25T08:17:13.377622,bitget,0.1045,0.1046,943.1,99263.7
2025-07-25T08:17:13.527958,bitget,0.1045,0.1046,943.1,99263.7
2025-07-25T08:17:13.549751,blofin,0.10452,0.10455,3.0,1426.0
2025-07-25T08:17:13.552386,binance,0.1045,0.1045,0.0,0.0
2025-07-25T08:17:13.677304,bitget,0.1045,0.1046,943.1,99263.7
2025-07-25T08:17:13.678457,lbank,0.1045,0.1046,126787.02,4024.16
2025-07-25T08:17:13.699196,okx,0.10461,0.10465,565.5145,441.0
2025-07-25T08:17:13.719075,gateio,0.10446,0.10456,3038.0,172.0
2025-07-25T08:17:13.724288,bingx,0.1045,0.1046,356.864,17.437
2025-07-25T08:17:13.826773,bitget,0.1044,0.1046,214833.7,99263.7
2025-07-25T08:17:13.845213,gateio,0.10447,0.10456,172.0,172.0
2025-07-25T08:17:13.932498,bybit,0.1045,0.0,14379.2,0.0
2025-07-25T08:17:13.956607,okx,0.10461,0.10466,565.5145,441.0
2025-07-25T08:17:13.978253,bitget,0.1045,0.1046,943.1,140519.6
2025-07-25T08:17:14.033275,bybit,0.1045,0.0,14312.2,0.0
2025-07-25T08:17:14.065465,blofin,0.10452,0.10456,6.0,1.0
2025-07-25T08:17:14.116705,bitmart,0.1044,0.1048,688020.0,831735.0
2025-07-25T08:17:14.127346,bitget,0.1044,0.1046,214049.3,99263.7
2025-07-25T08:17:14.133520,bybit,0.1045,0.0,14379.2,0.0
2025-07-25T08:17:14.188992,lbank,0.1045,0.1046,126787.02,4024.16
2025-07-25T08:17:14.194632,mexc,0.1045,0.1046,8817054.0,8817054.0
2025-07-25T08:17:14.199716,okx,0.1046,0.10466,64.2148,441.0
2025-07-25T08:17:14.238809,gateio,0.10446,0.10456,166.0,172.0
2025-07-25T08:17:14.277962,bitget,0.1045,0.1046,943.1,140519.6
2025-07-25T08:17:14.296056,okx,0.10459,0.10465,64.2242,441.0
2025-07-25T08:17:14.426727,bitget,0.1044,0.1046,214049.3,101170.2
2025-07-25T08:17:14.536128,blofin,0.10452,0.10455,3.0,473.0
2025-07-25T08:17:14.552347,binance,0.1045,0.1045,0.0,0.0
2025-07-25T08:17:14.577551,bitget,0.1045,0.1046,943.1,99263.7
2025-07-25T08:17:14.633883,bingx,0.1045,0.1046,356.864,17.437
2025-07-25T08:17:14.675276,lbank,0.1045,0.1046,126787.02,4024.16
2025-07-25T08:17:14.730676,bitget,0.1045,0.1046,943.1,99263.7
2025-07-25T08:17:14.732883,bybit,0.1045,0.0,14378.5,0.0
2025-07-25T08:17:15.030615,bitget,0.1045,0.1046,943.1,99263.7
2025-07-25T08:17:15.034173,bybit,0.1045,0.0,9378.5,0.0
2025-07-25T08:17:15.046560,blofin,0.10452,0.10455,5.0,473.0
2025-07-25T08:17:15.175176,lbank,0.1045,0.1046,126787.02,4024.16
2025-07-25T08:17:15.179858,bitmart,0.1044,0.1048,688020.0,831735.0
2025-07-25T08:17:15.180119,bitget,0.1044,0.1046,214833.7,99263.7
2025-07-25T08:17:15.328743,bitget,0.1045,0.1046,943.1,140519.6
2025-07-25T08:17:15.478715,bitget,0.1045,0.1046,943.1,140281.3
2025-07-25T08:17:15.532434,bingx,0.1045,0.1046,356.864,17.437
2025-07-25T08:17:15.541128,blofin,0.10452,0.10454,10.0,5158.0
2025-07-25T08:17:15.628009,bitget,0.1045,0.1046,943.1,101170.2
2025-07-25T08:17:15.675450,lbank,0.1045,0.1046,126787.02,4024.16
2025-07-25T08:17:15.779282,bitget,0.1045,0.1046,943.1,101170.2
2025-07-25T08:17:16.049186,blofin,0.10452,0.10454,10.0,5158.0
2025-07-25T08:17:16.174616,lbank,0.1045,0.1046,126787.02,4024.16
2025-07-25T08:17:16.211470,bitmart,0.1044,0.1048,688020.0,831735.0
2025-07-25T08:17:16.227895,bitget,0.1044,0.1046,214049.3,101170.2
2025-07-25T08:17:16.232877,bybit,0.1045,0.1046,9244.5,2744.0
2025-07-25T08:17:16.270545,gateio,0.10441,0.10456,1942.0,172.0
2025-07-25T08:17:16.297437,gateio,0.10442,0.10456,2479.0,172.0
2025-07-25T08:17:16.332708,bybit,0.1045,0.1046,4591.8,7878.0
2025-07-25T08:17:16.378884,bitget,0.1044,0.1046,214049.3,141065.7
2025-07-25T08:17:16.396434,okx,0.10458,0.10464,764.9646,441.0
2025-07-25T08:17:16.436868,bingx,0.1045,0.1046,356.864,17.437
2025-07-25T08:17:16.480676,gateio,0.10443,0.10456,173.0,172.0
2025-07-25T08:17:16.529386,bitget,0.1044,0.1046,99298.2,141065.7
2025-07-25T08:17:16.546292,blofin,0.10452,0.10454,8.0,5158.0
2025-07-25T08:17:16.552337,binance,0.1045,0.1045,0.0,0.0
2025-07-25T08:17:16.572805,mexc,0.1045,0.1046,8817054.0,8817054.0
2025-07-25T08:17:16.678215,bitget,0.1044,0.1045,100082.6,964.7
2025-07-25T08:17:16.681060,lbank,0.1045,0.1046,126787.02,4024.16
2025-07-25T08:17:16.829279,bitget,0.1044,0.1045,93550.8,7011.0
2025-07-25T08:17:16.982752,bitget,0.1044,0.1045,93550.8,7011.0
2025-07-25T08:17:16.995294,okx,0.10458,0.10463,764.9646,441.0
2025-07-25T08:17:17.033231,bybit,0.0,0.1046,0.0,7975.4
2025-07-25T08:17:17.055275,blofin,0.10452,0.10454,8.0,5158.0
2025-07-25T08:17:17.128085,bitget,0.1044,0.1045,93550.8,7011.0
2025-07-25T08:17:17.157325,bitmart,0.1044,0.1048,688020.0,831735.0
2025-07-25T08:17:17.174593,lbank,0.1045,0.1046,126787.02,4024.16
2025-07-25T08:17:17.217036,gateio,0.10442,0.10456,173.0,172.0
2025-07-25T08:17:17.232998,bybit,0.1045,0.0,2455.7,0.0
2025-07-25T08:17:17.279009,bitget,0.1044,0.1045,93550.8,7011.0
2025-07-25T08:17:17.332397,bybit,0.0,0.1046,0.0,10365.1
2025-07-25T08:17:17.336708,bingx,0.1045,0.1046,356.864,17.437
2025-07-25T08:17:17.428359,bitget,0.1044,0.1045,93550.8,7011.0
2025-07-25T08:17:17.547839,blofin,0.10452,0.10453,3.0,473.0
2025-07-25T08:17:17.552064,binance,0.1045,0.1045,0.0,0.0
2025-07-25T08:17:17.580459,bitget,0.1044,0.1045,93550.8,7011.0
2025-07-25T08:17:17.679328,lbank,0.1045,0.1046,126787.02,4024.16
2025-07-25T08:17:17.702983,okx,0.10458,0.10463,6024.0963,441.0
2025-07-25T08:17:17.730029,bitget,0.1044,0.1045,93550.8,7011.0
2025-07-25T08:17:17.880894,bitget,0.1044,0.1045,93550.8,7011.0
2025-07-25T08:17:18.030477,bitget,0.1044,0.1045,93550.8,7011.0
2025-07-25T08:17:18.046858,blofin,0.10452,0.10453,3.0,473.0
2025-07-25T08:17:18.164954,bitmart,0.1044,0.1048,688020.0,831735.0
2025-07-25T08:17:18.180282,lbank,0.1045,0.1046,126787.02,4024.16
2025-07-25T08:17:18.203141,gateio,0.10442,0.10452,173.0,173.0
2025-07-25T08:17:18.212423,okx,0.10458,0.10463,5259.1317,505.5901
2025-07-25T08:17:18.232990,bybit,0.0,0.1046,0.0,21412.2
2025-07-25T08:17:18.238400,gateio,0.1044,0.10452,166.0,173.0
2025-07-25T08:17:18.239412,bingx,0.1045,0.1046,356.864,17.437
2025-07-25T08:17:18.329564,bitget,0.1044,0.1045,26770.3,18886.3
2025-07-25T08:17:18.332671,bybit,0.1045,0.1046,1744.3,23850.5
2025-07-25T08:17:18.359848,okx,0.10451,0.10458,179.0,441.0
2025-07-25T08:17:18.398616,gateio,0.10439,0.10452,172.0,173.0
2025-07-25T08:17:18.401305,ascendex,0.1035,0.1049,0.0,119047.6
2025-07-25T08:17:18.414552,gateio,0.10437,0.10452,167.0,173.0
2025-07-25T08:17:18.426890,gateio,0.10437,0.10452,3041.0,173.0
2025-07-25T08:17:18.432926,bybit,0.1045,0.0,2641.8,0.0
2025-07-25T08:17:18.438583,gateio,0.10438,0.10452,173.0,173.0
2025-07-25T08:17:18.479381,bitget,0.1044,0.1045,26770.3,18886.3
2025-07-25T08:17:18.551947,binance,0.1045,0.1045,0.0,0.0
2025-07-25T08:17:18.567901,blofin,0.10448,0.10452,31.0,469.0
2025-07-25T08:17:18.598087,okx,0.10452,0.10459,561.2821,64.5901
2025-07-25T08:17:18.630421,bitget,0.1044,0.1045,26770.3,18886.3
2025-07-25T08:17:18.674394,lbank,0.1045,0.1046,126787.02,4024.16
2025-07-25T08:17:18.713249,ascendex,0.1027,0.1057,88673.3,85046.7
2025-07-25T08:17:18.780556,bitget,0.1044,0.1045,26770.3,18886.3
2025-07-25T08:17:18.832390,bybit,0.1045,0.1046,2702.2,23802.6
2025-07-25T08:17:18.846612,bingx,0.1044,0.1045,9484.602,2510.999
2025-07-25T08:17:18.929321,bitget,0.1044,0.1045,26770.3,18886.3
2025-07-25T08:17:18.951349,okx,0.10452,0.10459,561.2821,505.5901
2025-07-25T08:17:18.957714,mexc,0.1044,0.1045,8817054.0,8817054.0
2025-07-25T08:17:19.024061,ascendex,0.1034,0.1077,0.0,52463.4
2025-07-25T08:17:19.050057,blofin,0.10448,0.1045,5.0,26.0
2025-07-25T08:17:19.079140,bitget,0.1044,0.1045,26770.3,18886.3
2025-07-25T08:17:19.120213,bitmart,0.1043,0.1046,666946.0,624561.0
2025-07-25T08:17:19.132581,bybit,0.0,0.1046,0.0,23850.5
2025-07-25T08:17:19.178385,lbank,0.1045,0.1046,126787.02,4024.16
2025-07-25T08:17:19.227418,gateio,0.10438,0.10452,2148.0,173.0
2025-07-25T08:17:19.229627,bitget,0.1044,0.1045,70918.2,63034.2
2025-07-25T08:17:19.232917,bybit,0.0,0.1046,0.0,14045.4
2025-07-25T08:17:19.248175,gateio,0.10439,0.10452,173.0,173.0
2025-07-25T08:17:19.276657,gateio,0.10441,0.10452,7407.0,173.0
2025-07-25T08:17:19.305051,gateio,0.10443,0.10456,173.0,172.0
2025-07-25T08:17:19.317068,gateio,0.10443,0.10457,173.0,167.0
2025-07-25T08:17:19.330681,gateio,0.10443,0.10455,173.0,1975.0
2025-07-25T08:17:19.333289,bybit,0.1045,0.1046,5377.6,3443.0
2025-07-25T08:17:19.350658,gateio,0.10443,0.10454,173.0,173.0
2025-07-25T08:17:19.365060,gateio,0.10443,0.10453,173.0,173.0
2025-07-25T08:17:19.381537,bitget,0.1044,0.1045,81598.7,7011.0
2025-07-25T08:17:19.400408,okx,0.10455,0.10461,64.4518,478.2401
2025-07-25T08:17:19.432638,bybit,0.0,0.1046,0.0,4848.5
2025-07-25T08:17:19.452599,gateio,0.10442,0.10453,173.0,173.0
2025-07-25T08:17:19.476602,gateio,0.10443,0.10453,173.0,173.0
2025-07-25T08:17:19.529472,bitget,0.1044,0.1045,81598.7,7011.0
2025-07-25T08:17:19.549349,okx,0.10454,0.10461,620.0,478.2401
2025-07-25T08:17:19.552265,binance,0.1045,0.1045,0.0,0.0
2025-07-25T08:17:19.553730,blofin,0.10446,0.10451,755.0,736.0
2025-07-25T08:17:19.633551,bybit,0.1045,0.1046,5444.6,3376.0
2025-07-25T08:17:19.651578,okx,0.10455,0.10461,64.4394,478.2401
2025-07-25T08:17:19.675062,lbank,0.1045,0.1046,73915.49,56088.44
2025-07-25T08:17:19.681401,bitget,0.1044,0.1045,83684.1,7011.0
2025-07-25T08:17:19.702996,ascendex,0.0,0.1077,0.0,0.0
2025-07-25T08:17:19.757133,bingx,0.1044,0.1046,9485.06,2510.999
2025-07-25T08:17:19.789115,okx,0.10455,0.10463,64.4394,441.0
2025-07-25T08:17:19.832304,bitget,0.1044,0.1045,93257.8,5964.7
2025-07-25T08:17:19.980308,bitget,0.1044,0.1045,93257.8,5964.7
2025-07-25T08:17:20.029356,ascendex,0.1033,0.1049,57353.6,0.0
2025-07-25T08:17:20.032687,bybit,0.0,0.1046,0.0,3278.6
2025-07-25T08:17:20.049741,bingx,0.1045,0.1046,221.498,149.22
2025-07-25T08:17:20.062522,blofin,0.10446,0.10453,580.0,469.0
2025-07-25T08:17:20.134252,bitget,0.1044,0.1045,93257.8,964.7
2025-07-25T08:17:20.147496,bitmart,0.1044,0.1047,1178567.0,668864.0
2025-07-25T08:17:20.175524,lbank,0.1045,0.1046,73915.49,56088.44
2025-07-25T08:17:20.232366,bybit,0.1045,0.0,10444.6,0.0
2025-07-25T08:17:20.281448,bitget,0.1044,0.1046,93257.8,240170.4
2025-07-25T08:17:20.320699,ascendex,0.0,0.1054,0.0,236884.2
2025-07-25T08:17:20.333003,bybit,0.1045,0.0,12488.9,0.0
2025-07-25T08:17:20.391308,okx,0.10455,0.10463,243.4394,441.0
2025-07-25T08:17:20.432901,bitget,0.1044,0.1046,132670.6,215843.9
2025-07-25T08:17:20.495028,okx,0.10456,0.10464,505.5618,441.0
2025-07-25T08:17:20.532262,bybit,0.1045,0.1046,10377.6,3412.6
2025-07-25T08:17:20.552317,binance,0.1045,0.1045,0.0,0.0
2025-07-25T08:17:20.559049,blofin,0.10446,0.10453,580.0,469.0
2025-07-25T08:17:20.577092,gateio,0.10443,0.10453,3046.0,173.0
2025-07-25T08:17:20.581989,bitget,0.1044,0.1046,131886.2,216628.3
2025-07-25T08:17:20.596145,gateio,0.10443,0.10453,173.0,173.0
2025-07-25T08:17:20.631947,ascendex,0.1033,0.1054,3014.2,180887.0
2025-07-25T08:17:20.632250,bybit,0.1045,0.1046,2702.2,14185.1
2025-07-25T08:17:20.639914,gateio,0.10439,0.10453,173.0,173.0
2025-07-25T08:17:20.659011,gateio,0.1044,0.10453,173.0,173.0
2025-07-25T08:17:20.679799,lbank,0.1045,0.1046,104514.61,5659.81
2025-07-25T08:17:20.682656,gateio,0.1044,0.1045,173.0,7407.0
2025-07-25T08:17:20.707000,gateio,0.1044,0.10449,173.0,173.0
2025-07-25T08:17:20.710760,okx,0.10456,0.10463,64.5618,441.0
2025-07-25T08:17:20.731183,bitget,0.1044,0.1045,129800.8,2011.0
2025-07-25T08:17:20.732312,bybit,0.1045,0.1046,2658.6,16575.7
2025-07-25T08:17:20.817326,okx,0.10452,0.1046,179.0,441.0
2025-07-25T08:17:20.832387,bybit,0.1045,0.1046,2741.3,16720.8
2025-07-25T08:17:20.882314,bitget,0.1044,0.1045,70918.2,18886.3
2025-07-25T08:17:20.933253,bybit,0.1045,0.0,1843.8,0.0
2025-07-25T08:17:20.944595,ascendex,0.1033,0.1049,0.0,119047.6
2025-07-25T08:17:20.955625,bingx,0.1044,0.1045,9484.602,1554.062
2025-07-25T08:17:20.978438,gateio,0.10441,0.10449,173.0,173.0
2025-07-25T08:17:21.032402,bitget,0.1044,0.1045,70918.2,32274.4
2025-07-25T08:17:21.033306,bybit,0.0,0.1046,0.0,16818.2
2025-07-25T08:17:21.058697,blofin,0.10448,0.10454,732.0,472.0
2025-07-25T08:17:21.096924,okx,0.10451,0.10458,179.0,441.0
2025-07-25T08:17:21.176925,bitmart,0.1042,0.1048,827568.0,831735.0
2025-07-25T08:17:21.182743,bitget,0.1044,0.1045,26770.3,32274.4
2025-07-25T08:17:21.183531,lbank,0.1045,0.1046,104514.61,5659.81
2025-07-25T08:17:21.233116,bybit,0.0,0.1046,0.0,17742.9
2025-07-25T08:17:21.251134,gateio,0.10439,0.10449,427.0,173.0
2025-07-25T08:17:21.269508,ascendex,0.1035,0.1054,37546.7,118371.2
2025-07-25T08:17:21.304409,okx,0.10449,0.10457,243.5901,505.6303
2025-07-25T08:17:21.307898,gateio,0.1044,0.10449,173.0,173.0
2025-07-25T08:17:21.331074,bitget,0.1044,0.1045,26770.3,32274.4
2025-07-25T08:17:21.332899,bybit,0.0,0.1046,0.0,17790.8
2025-07-25T08:17:21.350060,mexc,0.1044,0.1045,8817054.0,8817054.0
2025-07-25T08:17:21.401171,okx,0.10449,0.10457,684.5901,505.6303
2025-07-25T08:17:21.432522,bybit,0.0,0.1046,0.0,17742.9
2025-07-25T08:17:21.483828,bitget,0.1044,0.1045,26770.3,32274.4
2025-07-25T08:17:21.516612,gateio,0.1044,0.10449,3047.0,173.0
2025-07-25T08:17:21.549858,blofin,0.10447,0.1045,731.0,469.0
2025-07-25T08:17:21.552392,binance,0.1045,0.1045,0.0,0.0
2025-07-25T08:17:21.576455,ascendex,0.1035,0.1064,0.0,0.0
2025-07-25T08:17:21.611434,okx,0.10451,0.10457,179.0,64.6303
2025-07-25T08:17:21.632938,bitget,0.1044,0.1045,26770.3,32274.4
2025-07-25T08:17:21.633397,bybit,0.0,0.1046,0.0,17790.8
2025-07-25T08:17:21.678391,lbank,0.1045,0.1046,104514.61,5659.81
2025-07-25T08:17:21.732308,bybit,0.0,0.1046,0.0,17742.9
2025-07-25T08:17:21.757273,okx,0.10451,0.10457,723.3056,64.6303
2025-07-25T08:17:21.781098,bitget,0.1044,0.1045,26770.3,32274.4
2025-07-25T08:17:21.794533,gateio,0.10441,0.10449,173.0,173.0
2025-07-25T08:17:21.832712,bybit,0.0,0.0,0.0,0.0
2025-07-25T08:17:21.854704,bingx,0.1044,0.1045,9484.602,1554.062
2025-07-25T08:17:21.932932,bitget,0.1044,0.1045,26770.3,32274.4
2025-07-25T08:17:22.063360,blofin,0.10443,0.1045,1794.0,474.0
2025-07-25T08:17:22.080566,bitget,0.1044,0.1045,26770.3,32274.4
2025-07-25T08:17:22.132890,bybit,0.0,0.1046,0.0,17790.8
2025-07-25T08:17:22.174706,lbank,0.1045,0.1046,38553.99,54216.23
2025-07-25T08:17:22.205232,bitmart,0.1043,0.1046,582121.0,792189.0
2025-07-25T08:17:22.238910,gateio,0.1044,0.10449,173.0,173.0
2025-07-25T08:17:22.258823,gateio,0.10441,0.10449,173.0,173.0
2025-07-25T08:17:22.432120,bybit,0.0,0.1046,0.0,17742.9
2025-07-25T08:17:22.547676,blofin,0.10443,0.1045,1794.0,474.0
2025-07-25T08:17:22.553460,binance,0.1044,0.1044,0.0,0.0
2025-07-25T08:17:22.673145,lbank,0.1045,0.1046,38553.99,54216.23
2025-07-25T08:17:22.685591,bitget,0.1044,0.1045,26770.3,32274.4
2025-07-25T08:17:22.732441,bybit,0.0,0.1046,0.0,17790.8
2025-07-25T08:17:22.756265,bingx,0.1044,0.1045,9484.602,1554.062
2025-07-25T08:17:22.832602,bybit,0.0,0.1046,0.0,17742.9
2025-07-25T08:17:22.839952,bitget,0.1044,0.1045,26770.3,32274.4
2025-07-25T08:17:22.887179,gateio,0.1044,0.10449,5921.0,173.0
2025-07-25T08:17:22.906352,gateio,0.1044,0.10449,3047.0,173.0
2025-07-25T08:17:22.963103,okx,0.1045,0.10457,243.6397,505.6303
2025-07-25T08:17:23.055440,blofin,0.10445,0.10451,1468.0,470.0
2025-07-25T08:17:23.059704,bingx,0.1044,0.1045,9484.602,1554.062
2025-07-25T08:17:23.063217,okx,0.10449,0.10457,179.0,505.6303
2025-07-25T08:17:23.132484,bitget,0.1044,0.1045,26770.3,32274.4
2025-07-25T08:17:23.132994,bybit,0.0,0.1046,0.0,17790.8
2025-07-25T08:17:23.143004,ascendex,0.0,0.1096,0.0,0.0
2025-07-25T08:17:23.168711,okx,0.10449,0.10456,179.0,441.0
2025-07-25T08:17:23.173411,lbank,0.1045,0.1046,57437.02,60034.31
2025-07-25T08:17:23.190835,bitmart,0.1042,0.1046,827568.0,792189.0
2025-07-25T08:17:23.233009,bybit,0.0,0.1046,0.0,22790.8
2025-07-25T08:17:23.282937,bitget,0.1044,0.1045,26770.3,32274.4
2025-07-25T08:17:23.332887,bybit,0.0,0.1046,0.0,22838.7
2025-07-25T08:17:23.433082,bybit,0.0,0.1046,0.0,22790.8
2025-07-25T08:17:23.547206,gateio,0.1044,0.10449,173.0,173.0
2025-07-25T08:17:23.552049,binance,0.1044,0.1044,0.0,0.0
2025-07-25T08:17:23.556993,gateio,0.10439,0.10449,173.0,173.0
2025-07-25T08:17:23.558488,blofin,0.10445,0.10451,1468.0,470.0
2025-07-25T08:17:23.578640,gateio,0.10435,0.10449,173.0,173.0
2025-07-25T08:17:23.581631,bitget,0.1044,0.1045,26770.3,32274.4
2025-07-25T08:17:23.671531,lbank,0.1045,0.1046,57437.02,60034.31
2025-07-25T08:17:23.732317,bitget,0.1044,0.1045,22950.3,32274.4
2025-07-25T08:17:23.748457,mexc,0.1044,0.1045,8817054.0,8817054.0
2025-07-25T08:17:23.883544,bitget,0.1044,0.1045,22950.3,32274.4
2025-07-25T08:17:23.959521,bingx,0.1044,0.1045,9484.602,1554.062
2025-07-25T08:17:24.033084,bitget,0.1044,0.1045,22950.3,32274.4
2025-07-25T08:17:24.039431,blofin,0.10441,0.10444,3869.0,469.0
2025-07-25T08:17:24.132922,bybit,0.0,0.1046,0.0,22838.7
2025-07-25T08:17:24.173177,lbank,0.1045,0.1046,57437.02,60034.31
2025-07-25T08:17:24.191846,bitget,0.1044,0.1045,22950.3,32274.4
2025-07-25T08:17:24.201441,bitmart,0.1043,0.1046,629335.0,792189.0
2025-07-25T08:17:24.432346,bybit,0.0,0.1046,0.0,22790.8
2025-07-25T08:17:24.484164,bitget,0.1044,0.1045,22950.3,33058.8
2025-07-25T08:17:24.552228,binance,0.1044,0.1044,0.0,0.0
2025-07-25T08:17:24.556875,blofin,0.10442,0.10448,1.0,672.0
2025-07-25T08:17:24.632924,bitget,0.1044,0.1045,22950.3,32274.4
2025-07-25T08:17:24.680546,lbank,0.1045,0.1046,57437.02,60034.31
2025-07-25T08:17:24.783570,bitget,0.1044,0.1045,22950.3,32274.4
2025-07-25T08:17:24.905831,bingx,0.1044,0.1045,9484.602,1554.062
2025-07-25T08:17:24.933355,bitget,0.1044,0.1045,22950.3,32274.4
2025-07-25T08:17:25.032840,bybit,0.0,0.1046,0.0,22838.7
2025-07-25T08:17:25.048645,blofin,0.10442,0.10448,1.0,672.0
2025-07-25T08:17:25.102072,bitmart,0.1042,0.1046,827568.0,792189.0
2025-07-25T08:17:25.132633,bybit,0.0,0.1046,0.0,22886.6
2025-07-25T08:17:25.232390,bybit,0.0,0.1046,0.0,22838.7
2025-07-25T08:17:25.232858,bitget,0.1044,0.1045,21979.2,32274.4
2025-07-25T08:17:25.333004,bybit,0.0,0.1046,0.0,22886.6
2025-07-25T08:17:25.384231,bitget,0.1044,0.1045,21979.2,32274.4
2025-07-25T08:17:25.433303,bybit,0.0,0.1046,0.0,22790.8
2025-07-25T08:17:25.554223,blofin,0.10442,0.10448,3.0,473.0
2025-07-25T08:17:25.673757,lbank,0.1045,0.1046,57437.02,60034.31
2025-07-25T08:17:25.682863,bitget,0.1044,0.1045,21979.2,32274.4
2025-07-25T08:17:25.771071,bingx,0.1044,0.1045,9484.602,1554.062
2025-07-25T08:17:25.834980,bitget,0.1044,0.1045,21979.2,32274.4
2025-07-25T08:17:26.032874,bybit,0.0,0.1046,0.0,22838.7
2025-07-25T08:17:26.057884,blofin,0.10442,0.10448,3.0,473.0
2025-07-25T08:17:26.114025,mexc,0.1044,0.1045,8817054.0,8817054.0
2025-07-25T08:17:26.156422,bitmart,0.1042,0.1046,827568.0,792189.0
2025-07-25T08:17:26.180040,lbank,0.1045,0.1046,57437.02,60034.31
2025-07-25T08:17:26.283697,bitget,0.1044,0.1045,21979.2,22706.3
2025-07-25T08:17:26.432658,bybit,0.0,0.1046,0.0,22790.8
2025-07-25T08:17:26.434863,bitget,0.1044,0.1045,21979.2,22706.3
2025-07-25T08:17:26.534608,blofin,0.10442,0.10448,5.0,473.0
2025-07-25T08:17:26.670114,bingx,0.1044,0.1045,9484.602,1554.062
2025-07-25T08:17:26.671596,lbank,0.1045,0.1046,57437.02,60034.31
2025-07-25T08:17:26.887217,bitget,0.1044,0.1045,21979.2,32274.1
2025-07-25T08:17:27.044607,bitget,0.1044,0.1045,22931.5,22706.3
2025-07-25T08:17:27.045861,blofin,0.10442,0.10448,5.0,473.0
2025-07-25T08:17:27.098461,bitmart,0.1042,0.1046,827568.0,792189.0
2025-07-25T08:17:27.116630,gateio,0.10435,0.10449,3048.0,173.0
2025-07-25T08:17:27.133092,bybit,0.0,0.1046,0.0,17771.7
2025-07-25T08:17:27.176400,lbank,0.1045,0.1046,57437.02,60034.31
2025-07-25T08:17:27.185229,bitget,0.1044,0.1045,22931.5,22706.3
2025-07-25T08:17:27.204458,okx,0.1045,0.10457,565.0236,64.6303
2025-07-25T08:17:27.233090,bybit,0.0,0.1046,0.0,17742.9
2025-07-25T08:17:27.333127,bybit,0.0,0.1046,0.0,17790.8
2025-07-25T08:17:27.334729,bitget,0.1044,0.1045,22931.5,22706.3
2025-07-25T08:17:27.432778,bybit,0.0,0.1046,0.0,17742.9
2025-07-25T08:17:27.485650,bitget,0.1044,0.1045,22931.5,22706.3
2025-07-25T08:17:27.543876,blofin,0.10442,0.10448,7.0,7.0
2025-07-25T08:17:27.574668,bingx,0.1044,0.1045,9484.602,1554.062
2025-07-25T08:17:27.576422,gateio,0.10436,0.10449,171.0,173.0
2025-07-25T08:17:27.635240,bitget,0.1044,0.1045,22931.5,22706.3
2025-07-25T08:17:27.673262,lbank,0.1045,0.1046,57437.02,60034.31
2025-07-25T08:17:27.720905,gateio,0.10435,0.10449,173.0,173.0
2025-07-25T08:17:27.732276,bybit,0.0,0.1046,0.0,17608.9
2025-07-25T08:17:27.738868,gateio,0.10435,0.10449,3048.0,173.0
2025-07-25T08:17:27.756332,gateio,0.10436,0.10449,171.0,173.0
2025-07-25T08:17:27.778554,gateio,0.10436,0.10452,171.0,171.0
2025-07-25T08:17:27.788477,bitget,0.1044,0.1045,37432.0,22706.3
2025-07-25T08:17:27.833120,bybit,0.1045,0.0,2758.5,0.0
2025-07-25T08:17:27.891815,okx,0.10452,0.10457,179.0,64.6303
2025-07-25T08:17:27.928735,gateio,0.10438,0.10452,1975.0,171.0
2025-07-25T08:17:27.933127,bybit,0.1045,0.1046,5500.9,4445.8
2025-07-25T08:17:27.936041,bitget,0.1044,0.1045,37432.0,12810.2
2025-07-25T08:17:27.949066,gateio,0.10439,0.10452,171.0,171.0
2025-07-25T08:17:27.961356,gateio,0.10439,0.10457,171.0,167.0
2025-07-25T08:17:27.979982,gateio,0.10439,0.10454,171.0,171.0
2025-07-25T08:17:27.998402,okx,0.10452,0.10458,681.9752,64.6303
2025-07-25T08:17:28.026512,gateio,0.10439,0.10452,171.0,7407.0
2025-07-25T08:17:28.032343,bybit,0.0,0.1046,0.0,13740.4
2025-07-25T08:17:28.046875,gateio,0.10439,0.10452,217.0,7661.0
2025-07-25T08:17:28.054157,blofin,0.10442,0.10448,7.0,7.0
2025-07-25T08:17:28.058398,gateio,0.1044,0.10452,171.0,7661.0
2025-07-25T08:17:28.086331,bitget,0.1044,0.1045,47008.8,7011.0
2025-07-25T08:17:28.110459,gateio,0.1044,0.10451,171.0,171.0
2025-07-25T08:17:28.133508,bybit,0.1045,0.1046,5433.9,13807.4
2025-07-25T08:17:28.179422,bingx,0.1044,0.1046,9485.06,1554.52
2025-07-25T08:17:28.182010,lbank,0.1045,0.1046,57437.02,60034.31
2025-07-25T08:17:28.213633,bitmart,0.1042,0.1046,827568.0,792189.0
2025-07-25T08:17:28.235831,bitget,0.1044,0.1045,46224.4,21522.8
2025-07-25T08:17:28.316618,gateio,0.1044,0.10451,217.0,171.0
2025-07-25T08:17:28.333330,bybit,0.1045,0.1046,5500.9,4348.4
2025-07-25T08:17:28.362355,gateio,0.10441,0.10451,171.0,171.0
2025-07-25T08:17:28.385728,bitget,0.1044,0.1045,47008.8,11626.7
2025-07-25T08:17:28.432993,bybit,0.1045,0.0,5567.9,0.0
2025-07-25T08:17:28.481175,mexc,0.1044,0.1045,8817054.0,8817054.0
2025-07-25T08:17:28.485240,bingx,0.1044,0.1045,9484.602,1554.062
2025-07-25T08:17:28.494260,okx,0.10453,0.10458,441.0,64.6303
2025-07-25T08:17:28.501473,gateio,0.10441,0.10457,171.0,167.0
2025-07-25T08:17:28.532436,bybit,0.1045,0.1046,7545.2,888.9
2025-07-25T08:17:28.537772,bitget,0.1044,0.1045,49210.2,2011.0
2025-07-25T08:17:28.552067,binance,0.1044,0.1044,0.0,0.0
2025-07-25T08:17:28.559351,blofin,0.10442,0.10448,206.0,2.0
2025-07-25T08:17:28.596433,okx,0.10455,0.10463,506.0692,710.6531
2025-07-25T08:17:28.633340,bybit,0.1045,0.0,9675.0,0.0
2025-07-25T08:17:28.673033,lbank,0.1045,0.1046,57437.02,60034.31
2025-07-25T08:17:28.686510,bitget,0.1045,0.1046,952.3,125466.5
2025-07-25T08:17:28.693214,okx,0.10456,0.10464,685.0692,441.0
2025-07-25T08:17:28.732732,bybit,0.1045,0.0,11587.9,0.0
2025-07-25T08:17:28.783401,bingx,0.1045,0.1046,132.823,155.497
2025-07-25T08:17:28.793493,okx,0.10458,0.10465,620.0,103.3156
2025-07-25T08:17:28.805481,ascendex,0.1034,0.1049,0.0,0.0
2025-07-25T08:17:28.835908,bitget,0.1045,0.1046,952.3,101129.7
2025-07-25T08:17:28.902865,okx,0.10458,0.10465,179.0,544.3156
2025-07-25T08:17:28.987148,bitget,0.1045,0.1046,952.3,101129.7
2025-07-25T08:17:29.068208,blofin,0.10445,0.10448,1464.0,2.0
2025-07-25T08:17:29.128458,ascendex,0.1033,0.1054,96993.2,232620.8
2025-07-25T08:17:29.133555,bybit,0.1045,0.0,16587.9,0.0
2025-07-25T08:17:29.135005,bitget,0.1045,0.1046,952.3,101129.7
2025-07-25T08:17:29.163437,bitmart,0.1044,0.1048,798231.0,831735.0
2025-07-25T08:17:29.193450,okx,0.10458,0.10465,620.0,103.3156
2025-07-25T08:17:29.220462,lbank,0.1045,0.1046,57437.02,60034.31
2025-07-25T08:17:29.289270,bitget,0.1045,0.1046,952.3,101129.7
2025-07-25T08:17:29.401841,okx,0.10459,0.10465,441.0,103.3156
2025-07-25T08:17:29.421655,gateio,0.10442,0.10457,171.0,167.0
2025-07-25T08:17:29.436692,bitget,0.1045,0.1046,952.3,101129.7
2025-07-25T08:17:29.552691,binance,0.1044,0.1044,0.0,0.0
2025-07-25T08:17:29.556407,blofin,0.1045,0.10451,732.0,1868.0
2025-07-25T08:17:29.557404,okx,0.10458,0.10465,243.5656,103.3156
2025-07-25T08:17:29.584996,bitget,0.1045,0.1046,952.3,101129.7
2025-07-25T08:17:29.655848,okx,0.10458,0.10465,684.5656,103.3156
2025-07-25T08:17:29.674384,lbank,0.1045,0.1046,77449.02,6004.8
2025-07-25T08:17:29.681229,bingx,0.1045,0.1046,132.823,155.497
2025-07-25T08:17:29.738501,bitget,0.1045,0.1046,952.3,101129.7
2025-07-25T08:17:29.773583,ascendex,0.0,0.1054,0.0,177230.5
2025-07-25T08:17:29.886130,bitget,0.1045,0.1046,952.3,101129.7
2025-07-25T08:17:30.032203,bybit,0.1045,0.0,16685.3,0.0
2025-07-25T08:17:30.036269,bitget,0.1045,0.1046,952.3,101129.7
2025-07-25T08:17:30.050196,blofin,0.1045,0.10451,732.0,1868.0
2025-07-25T08:17:30.162772,bitmart,0.1044,0.1048,798231.0,831735.0
2025-07-25T08:17:30.186365,bitget,0.1045,0.1046,952.3,101129.7
2025-07-25T08:17:30.340720,bitget,0.1045,0.1046,952.3,101129.7
2025-07-25T08:17:30.485213,bitget,0.1045,0.1046,952.3,101129.7
2025-07-25T08:17:30.532717,bybit,0.1045,0.0,18598.2,0.0
2025-07-25T08:17:30.545370,blofin,0.10451,0.10453,2602.0,4065.0
2025-07-25T08:17:30.586409,bingx,0.1045,0.1046,132.823,155.497
2025-07-25T08:17:30.638410,bitget,0.1045,0.1046,952.3,101129.7
2025-07-25T08:17:30.662400,okx,0.10459,0.10465,441.0,103.3156
2025-07-25T08:17:30.732206,bybit,0.1045,0.1047,24299.3,33924.8
2025-07-25T08:17:30.789165,bitget,0.1045,0.1046,952.3,101129.7
2025-07-25T08:17:30.833223,bybit,0.1045,0.1046,18270.4,1058.4
2025-07-25T08:17:30.881052,mexc,0.1045,0.1046,8817054.0,8817054.0
2025-07-25T08:17:30.932383,bybit,0.0,0.1046,0.0,914.7
2025-07-25T08:17:30.936215,bitget,0.1045,0.1046,2931.5,101129.7
2025-07-25T08:17:31.060446,blofin,0.10451,0.10453,2605.0,4065.0
2025-07-25T08:17:31.087659,bitget,0.1045,0.1046,2931.5,101129.7
2025-07-25T08:17:31.158691,bitmart,0.1044,0.1048,798231.0,831735.0
2025-07-25T08:17:31.173673,lbank,0.1045,0.1046,77449.02,6004.8
2025-07-25T08:17:31.236142,bitget,0.1045,0.1046,2931.5,101129.7
2025-07-25T08:17:31.392021,bitget,0.1045,0.1046,2931.5,101129.7
2025-07-25T08:17:31.488121,bingx,0.1045,0.1046,132.823,155.497
2025-07-25T08:17:31.537997,bitget,0.1045,0.1046,2931.5,101129.7
2025-07-25T08:17:31.551938,binance,0.1044,0.1044,0.0,0.0
2025-07-25T08:17:31.553221,blofin,0.10451,0.10453,2605.0,4065.0
2025-07-25T08:17:31.554137,okx,0.10458,0.10465,243.5656,103.3156
2025-07-25T08:17:31.633378,bybit,0.1045,0.0,13270.4,0.0
2025-07-25T08:17:31.662332,okx,0.10458,0.10465,243.5656,544.3156
2025-07-25T08:17:31.674740,lbank,0.1045,0.1046,77449.02,6004.8
2025-07-25T08:17:31.675694,ascendex,0.0,0.1078,0.0,0.0
2025-07-25T08:17:31.689016,bitget,0.1044,0.1046,183471.4,101129.7
2025-07-25T08:17:31.732863,bybit,0.1045,0.0,11357.5,0.0
2025-07-25T08:17:31.842842,bitget,0.1044,0.1046,184255.8,140973.7
2025-07-25T08:17:31.852584,gateio,0.10442,0.10457,3044.0,167.0
2025-07-25T08:17:31.876593,gateio,0.10443,0.10457,171.0,167.0
2025-07-25T08:17:31.894858,okx,0.10458,0.10464,64.5656,441.0
2025-07-25T08:17:31.986359,bitget,0.1044,0.1046,184255.8,140973.7
2025-07-25T08:17:32.054205,blofin,0.10451,0.10453,2605.0,4065.0
2025-07-25T08:17:32.137009,bitget,0.1044,0.1046,184255.8,140973.7
2025-07-25T08:17:32.174214,lbank,0.1045,0.1046,77449.02,6004.8
2025-07-25T08:17:32.193482,bitmart,0.1044,0.1048,798231.0,831735.0
2025-07-25T08:17:32.220523,okx,0.10458,0.10465,64.5656,544.3156
2025-07-25T08:17:32.232241,bybit,0.1045,0.0,9555.5,0.0
2025-07-25T08:17:32.289819,bitget,0.1045,0.1046,952.3,130621.6
2025-07-25T08:17:32.332913,bybit,0.1045,0.0,7642.6,0.0
2025-07-25T08:17:32.395450,bingx,0.1045,0.1046,132.823,155.497
2025-07-25T08:17:32.436894,bitget,0.1045,0.1046,952.3,91562.0
2025-07-25T08:17:32.552462,binance,0.1044,0.1044,0.0,0.0
2025-07-25T08:17:32.553501,blofin,0.10449,0.10453,5.0,4065.0
2025-07-25T08:17:32.588887,bitget,0.1045,0.1046,952.3,91562.0
2025-07-25T08:17:32.620537,okx,0.10458,0.10465,505.5656,103.3156
2025-07-25T08:17:32.673262,lbank,0.1045,0.1046,77449.02,6004.8
2025-07-25T08:17:32.737994,bitget,0.1045,0.1046,952.3,91562.0
2025-07-25T08:17:32.888751,bitget,0.1045,0.1046,952.3,91562.0
2025-07-25T08:17:33.040766,bitget,0.1045,0.1046,952.3,101121.1
2025-07-25T08:17:33.042655,blofin,0.1045,0.10453,2269.0,4065.0
2025-07-25T08:17:33.061091,gateio,0.10443,0.10457,3044.0,167.0
2025-07-25T08:17:33.076901,gateio,0.10444,0.10457,171.0,167.0
2025-07-25T08:17:33.098763,gateio,0.10444,0.10456,217.0,171.0
2025-07-25T08:17:33.132175,bybit,0.1045,0.0,14923.3,0.0
2025-07-25T08:17:33.159934,bitmart,0.1044,0.1048,798231.0,831735.0
2025-07-25T08:17:33.182227,lbank,0.1045,0.1046,85657.26,4024.16
2025-07-25T08:17:33.187073,bitget,0.1045,0.1046,952.3,101121.1
2025-07-25T08:17:33.238713,bybit,0.1045,0.0,16836.2,0.0
2025-07-25T08:17:33.240590,gateio,0.10445,0.10456,171.0,298.0
2025-07-25T08:17:33.246020,mexc,0.1045,0.1046,8817054.0,8817054.0
2025-07-25T08:17:33.288633,gateio,0.10445,0.10455,171.0,171.0
2025-07-25T08:17:33.291502,bingx,0.1045,0.1046,132.823,155.497
2025-07-25T08:17:33.336987,bitget,0.1044,0.1046,183471.4,101121.1
2025-07-25T08:17:33.362745,okx,0.10458,0.10465,64.5656,544.3156
2025-07-25T08:17:33.432142,bybit,0.1045,0.0,14923.3,0.0
2025-07-25T08:17:33.487199,bitget,0.1045,0.1046,952.3,140180.7
2025-07-25T08:17:33.571043,blofin,0.1045,0.10453,2269.0,4065.0
2025-07-25T08:17:33.587412,okx,0.10458,0.10464,64.5656,441.0
2025-07-25T08:17:33.638609,bitget,0.1045,0.1046,952.3,101121.1
2025-07-25T08:17:33.673106,lbank,0.1045,0.1046,85657.26,4024.16
2025-07-25T08:17:33.789435,bitget,0.1044,0.1046,183471.4,101121.1
2025-07-25T08:17:33.938648,bitget,0.1045,0.1046,952.3,140180.7
2025-07-25T08:17:34.068075,blofin,0.1045,0.10453,1679.0,4065.0
2025-07-25T08:17:34.093350,bitget,0.1045,0.1046,952.3,101121.1
2025-07-25T08:17:34.173359,lbank,0.1045,0.1046,85657.26,4024.16
2025-07-25T08:17:34.193664,bitmart,0.1044,0.1048,798231.0,831735.0
2025-07-25T08:17:34.194814,bingx,0.1045,0.1046,132.823,155.497
2025-07-25T08:17:34.238953,bitget,0.1045,0.1046,952.3,101121.1
2025-07-25T08:17:34.389424,bitget,0.1045,0.1046,952.3,101121.1
2025-07-25T08:17:34.507234,okx,0.10458,0.10465,505.5656,103.3156
2025-07-25T08:17:34.532306,bybit,0.1045,0.0,16836.2,0.0
2025-07-25T08:17:34.537444,blofin,0.1045,0.10453,748.0,4065.0
2025-07-25T08:17:34.594063,gateio,0.10446,0.10455,171.0,171.0
2025-07-25T08:17:34.610693,gateio,0.10446,0.10455,3043.0,171.0
2025-07-25T08:17:34.632504,bybit,0.1045,0.0,14555.5,0.0
2025-07-25T08:17:34.671916,lbank,0.1045,0.1046,85657.26,4024.16
2025-07-25T08:17:34.678337,gateio,0.10447,0.10455,171.0,171.0
2025-07-25T08:17:34.691721,bitget,0.1045,0.1046,952.3,101121.1
2025-07-25T08:17:34.732420,bybit,0.1045,0.1047,22343.1,33924.8
2025-07-25T08:17:34.766914,gateio,0.10446,0.10455,171.0,171.0
2025-07-25T08:17:34.784251,gateio,0.10447,0.10455,171.0,171.0
2025-07-25T08:17:34.832826,bybit,0.0,0.1047,0.0,33972.6
2025-07-25T08:17:34.839460,bitget,0.1045,0.1046,952.3,101121.1
2025-07-25T08:17:34.888943,okx,0.1046,0.10465,607.9555,103.3156
2025-07-25T08:17:34.932618,bybit,0.1045,0.1046,19151.4,914.7
