timestamp,exchange,bid,ask,bid_vol,ask_vol
2025-07-25T08:16:26.144768,bybit,0.7679,0.7681,109.7,4.5
2025-07-25T08:16:26.144813,bybit,0.768,0.0,1.2,0.0
2025-07-25T08:16:26.682615,bitget,0.7679,0.7681,413.9,152.7
2025-07-25T08:16:26.685021,okx,0.7684,0.7692,11.003968,10.696612
2025-07-25T08:16:26.754823,bitget,0.7679,0.7681,413.9,71.1
2025-07-25T08:16:27.245083,okx,0.7684,0.769,11.003968,455.0
2025-07-25T08:16:27.320834,bingx,0.767,0.769,8881.586,1.224
2025-07-25T08:16:27.488659,bitget,0.768,0.7681,81.6,71.1
2025-07-25T08:16:27.941027,bitget,0.7679,0.7681,413.9,71.1
2025-07-25T08:16:27.975317,bingx,0.767,0.769,8881.586,1.224
2025-07-25T08:16:28.082650,bitmart,0.7654,0.7707,348.0,348.0
2025-07-25T08:16:28.088034,bitget,0.7679,0.7681,495.5,71.1
2025-07-25T08:16:28.518620,bybit,0.0,0.7681,0.0,5.5
2025-07-25T08:16:28.596587,blofin,0.7676,0.7679,747.0,8.0
2025-07-25T08:16:28.597021,blofin,0.7676,0.7679,750.0,8.0
2025-07-25T08:16:28.879533,bingx,0.767,0.769,8881.586,1.224
2025-07-25T08:16:28.985832,mexc,0.768,0.7681,6741660.0,6741660.0
2025-07-25T08:16:29.077608,blofin,0.7676,0.7679,750.0,8.0
2025-07-25T08:16:29.093859,bitmart,0.7654,0.7707,348.0,348.0
2025-07-25T08:16:29.138469,bitget,0.768,0.7681,81.6,71.1
2025-07-25T08:16:29.411264,gateio,0.7676,0.7688,390.0,780.0
2025-07-25T08:16:29.419260,bybit,0.7681,0.7687,256.6,40.0
2025-07-25T08:16:29.423165,gateio,0.7677,0.7688,100.0,780.0
2025-07-25T08:16:29.460230,okx,0.7686,0.7694,11.078905,67.0
2025-07-25T08:16:29.470868,gateio,0.7677,0.7688,490.0,780.0
2025-07-25T08:16:29.518570,bybit,0.7684,0.0,34.7,0.0
2025-07-25T08:16:29.548873,blofin,0.7676,0.7678,560.0,11.0
2025-07-25T08:16:29.549754,okx,0.7688,0.7695,11.074583,11.074583
2025-07-25T08:16:29.565205,gateio,0.7677,0.7688,490.0,390.0
2025-07-25T08:16:29.589259,bitget,0.7681,0.7683,71.1,365.3
2025-07-25T08:16:29.629186,gateio,0.7677,0.7696,490.0,56.0
2025-07-25T08:16:29.654954,gateio,0.7677,0.7696,490.0,389.0
2025-07-25T08:16:29.684692,binance,0.769,0.769,0.0,0.0
2025-07-25T08:16:29.738925,bitget,0.7683,0.7684,424.6,148.2
2025-07-25T08:16:29.786190,bingx,0.767,0.769,8881.586,1.224
2025-07-25T08:16:29.892125,bitget,0.7682,0.7684,1585.3,148.2
2025-07-25T08:16:29.918829,bybit,0.7686,0.769,34.7,185.3
2025-07-25T08:16:30.039278,bitget,0.7683,0.7687,81.6,81.1
2025-07-25T08:16:30.053296,blofin,0.7676,0.7678,556.0,11.0
2025-07-25T08:16:30.133584,bitmart,0.7657,0.7707,56.0,348.0
2025-07-25T08:16:30.184809,gateio,0.7677,0.7695,490.0,100.0
2025-07-25T08:16:30.197609,bitget,0.7683,0.7687,506.2,81.1
2025-07-25T08:16:30.240918,gateio,0.7678,0.7695,390.0,100.0
2025-07-25T08:16:30.254553,gateio,0.7679,0.7695,100.0,100.0
2025-07-25T08:16:30.339931,bitget,0.7684,0.7687,81.6,397.9
2025-07-25T08:16:30.387116,okx,0.7689,0.7697,11.018063,11.018063
2025-07-25T08:16:30.435303,gateio,0.7679,0.7695,100.0,490.0
2025-07-25T08:16:30.448622,gateio,0.7679,0.7694,490.0,264.0
2025-07-25T08:16:30.491473,bitget,0.7684,0.7687,81.6,81.1
2025-07-25T08:16:30.496201,okx,0.7689,0.7696,11.018063,11.018063
2025-07-25T08:16:30.518895,bybit,0.7687,0.769,40.0,40.0
2025-07-25T08:16:30.528752,blofin,0.768,0.7686,179.0,232.0
2025-07-25T08:16:30.596717,okx,0.7689,0.7697,11.018063,11.018063
2025-07-25T08:16:30.639307,bitget,0.7684,0.7688,81.6,1348.2
2025-07-25T08:16:30.684536,binance,0.769,0.769,0.0,0.0
2025-07-25T08:16:30.691601,bingx,0.767,0.769,8881.586,1.224
2025-07-25T08:16:30.794738,bitget,0.7684,0.7688,81.6,1348.2
2025-07-25T08:16:30.918371,bybit,0.7685,0.7689,40.0,145.7
2025-07-25T08:16:30.947909,gateio,0.7679,0.7694,490.0,364.0
2025-07-25T08:16:31.055826,blofin,0.768,0.7686,17.0,3.0
2025-07-25T08:16:31.089829,bitget,0.7683,0.7688,537.5,1348.2
2025-07-25T08:16:31.107019,okx,0.7689,0.7696,11.018063,11.015914
2025-07-25T08:16:31.126007,bitmart,0.7658,0.7707,169.0,348.0
2025-07-25T08:16:31.242857,bitget,0.7684,0.7687,81.6,71.1
2025-07-25T08:16:31.243253,gateio,0.768,0.7694,390.0,100.0
2025-07-25T08:16:31.283312,gateio,0.768,0.7694,1125.0,100.0
2025-07-25T08:16:31.318491,bybit,0.7687,0.7689,109.7,21.8
2025-07-25T08:16:31.336799,gateio,0.7681,0.7694,338.0,100.0
2025-07-25T08:16:31.352986,gateio,0.7682,0.7694,100.0,100.0
2025-07-25T08:16:31.354536,okx,0.7691,0.7698,11.018063,50.0
2025-07-25T08:16:31.387111,mexc,0.7684,0.7685,6741660.0,6741660.0
2025-07-25T08:16:31.389673,bitget,0.7685,0.7688,1267.1,229.2
2025-07-25T08:16:31.419424,bybit,0.0,0.0,0.0,0.0
2025-07-25T08:16:31.480943,okx,0.7691,0.7697,11.018063,11.018063
2025-07-25T08:16:31.542140,bitget,0.7686,0.7687,380.1,71.1
2025-07-25T08:16:31.542180,blofin,0.768,0.7686,15.0,3.0
2025-07-25T08:16:31.590663,okx,0.7691,0.7698,11.018063,50.0
2025-07-25T08:16:31.591001,bingx,0.767,0.769,8881.586,1.224
2025-07-25T08:16:31.684907,binance,0.769,0.769,0.0,0.0
2025-07-25T08:16:31.690379,bitget,0.7686,0.7688,31.3,229.2
2025-07-25T08:16:31.818922,bybit,0.7687,0.7689,74.7,61.8
2025-07-25T08:16:31.840452,bitget,0.7686,0.7689,461.7,226.6
2025-07-25T08:16:31.844334,okx,0.7692,0.7698,11.015199,50.0
2025-07-25T08:16:31.918569,bybit,0.7685,0.0,40.0,0.0
2025-07-25T08:16:31.957309,okx,0.7691,0.7698,11.018063,50.0
2025-07-25T08:16:31.991507,bitget,0.7686,0.7688,380.1,81.6
2025-07-25T08:16:32.055578,okx,0.7691,0.7697,11.018063,61.014483
2025-07-25T08:16:32.072540,blofin,0.768,0.7686,15.0,3.0
2025-07-25T08:16:32.124068,bitmart,0.7664,0.7715,348.0,68.0
2025-07-25T08:16:32.141873,bitget,0.7685,0.7686,129.6,106.6
2025-07-25T08:16:32.292287,bitget,0.7684,0.7686,1667.7,106.6
2025-07-25T08:16:32.440240,bitget,0.7684,0.7686,1667.7,106.6
2025-07-25T08:16:32.496467,bingx,0.767,0.769,8881.586,1.224
2025-07-25T08:16:32.519216,bybit,0.0,0.7687,0.0,40.0
2025-07-25T08:16:32.545760,blofin,0.7683,0.7686,2.0,3.0
2025-07-25T08:16:32.594159,bitget,0.7684,0.7686,1586.1,188.2
2025-07-25T08:16:32.684764,binance,0.769,0.769,0.0,0.0
2025-07-25T08:16:32.718577,bybit,0.7683,0.0,40.0,0.0
2025-07-25T08:16:32.741590,bitget,0.7683,0.7686,424.6,188.2
2025-07-25T08:16:32.767584,okx,0.7688,0.7695,11.074583,61.018063
2025-07-25T08:16:32.790602,bingx,0.767,0.769,8881.586,1.224
2025-07-25T08:16:32.890617,bitget,0.7682,0.7683,229.8,106.6
2025-07-25T08:16:32.898302,okx,0.7688,0.7694,11.074583,61.018063
2025-07-25T08:16:33.018286,bybit,0.7681,0.7685,186.9,40.0
2025-07-25T08:16:33.041824,bitget,0.7681,0.7683,414.0,188.2
2025-07-25T08:16:33.062586,blofin,0.7683,0.7686,2.0,3.0
2025-07-25T08:16:33.130663,bitmart,0.7657,0.7712,13.0,200.0
2025-07-25T08:16:33.171779,gateio,0.7682,0.7694,100.0,155.0
2025-07-25T08:16:33.186800,gateio,0.768,0.7694,635.0,155.0
2025-07-25T08:16:33.190891,bitget,0.7681,0.7683,414.0,188.2
2025-07-25T08:16:33.218720,bybit,0.7681,0.0,40.0,0.0
2025-07-25T08:16:33.227323,gateio,0.768,0.7694,635.0,544.0
2025-07-25T08:16:33.342345,bitget,0.7681,0.7683,414.0,188.2
2025-07-25T08:16:33.359028,gateio,0.768,0.7693,635.0,55.0
2025-07-25T08:16:33.399913,okx,0.7686,0.7692,11.078905,50.0
2025-07-25T08:16:33.422633,bybit,0.0,0.7684,0.0,145.7
2025-07-25T08:16:33.448963,gateio,0.768,0.7693,635.0,155.0
2025-07-25T08:16:33.492474,bitget,0.7681,0.7683,414.0,188.2
2025-07-25T08:16:33.518854,bybit,0.7682,0.0,1.0,0.0
2025-07-25T08:16:33.537675,blofin,0.7683,0.7686,2.0,68.0
2025-07-25T08:16:33.588198,gateio,0.7673,0.7693,100.0,155.0
2025-07-25T08:16:33.601858,gateio,0.7674,0.7693,390.0,155.0
2025-07-25T08:16:33.615020,gateio,0.7675,0.7693,100.0,155.0
2025-07-25T08:16:33.618395,bybit,0.0,0.7683,0.0,40.0
2025-07-25T08:16:33.644329,bitget,0.768,0.7683,319.0,188.2
2025-07-25T08:16:33.669186,gateio,0.7675,0.7692,100.0,390.0
2025-07-25T08:16:33.681536,okx,0.7685,0.7691,11.078905,141.778075
2025-07-25T08:16:33.685888,binance,0.769,0.769,0.0,0.0
2025-07-25T08:16:33.698690,bingx,0.767,0.769,8881.586,1.224
2025-07-25T08:16:33.700834,gateio,0.7675,0.7691,100.0,100.0
2025-07-25T08:16:33.787230,mexc,0.7683,0.7685,6741660.0,6741660.0
2025-07-25T08:16:33.794154,bitget,0.7679,0.768,495.5,106.6
2025-07-25T08:16:33.897014,okx,0.7685,0.7691,11.078905,130.773802
2025-07-25T08:16:33.941694,bitget,0.7679,0.768,81.6,106.6
2025-07-25T08:16:34.047849,blofin,0.7683,0.7686,2.0,68.0
2025-07-25T08:16:34.091542,bitget,0.7679,0.768,81.6,106.6
2025-07-25T08:16:34.121183,bitmart,0.7651,0.7709,1278.0,70.0
2025-07-25T08:16:34.518929,bybit,0.7682,0.7685,41.0,40.0
2025-07-25T08:16:34.547938,bitget,0.768,0.7681,106.6,148.1
2025-07-25T08:16:34.553331,blofin,0.768,0.7683,1.0,79.0
2025-07-25T08:16:34.593208,gateio,0.7675,0.7691,490.0,100.0
2025-07-25T08:16:34.596182,okx,0.7685,0.7691,11.078905,80.773802
2025-07-25T08:16:34.602915,bingx,0.767,0.769,8881.586,1.224
2025-07-25T08:16:34.684920,binance,0.769,0.769,0.0,0.0
2025-07-25T08:16:34.691681,bitget,0.7681,0.7683,148.1,596.7
2025-07-25T08:16:34.854885,bitget,0.7681,0.7683,148.1,148.1
2025-07-25T08:16:34.992193,bitget,0.7681,0.7683,148.1,227.5
2025-07-25T08:16:35.062509,blofin,0.768,0.7683,1.0,79.0
2025-07-25T08:16:35.114977,gateio,0.7675,0.7692,490.0,100.0
2025-07-25T08:16:35.121313,bitmart,0.7653,0.7711,1527.0,76.0
2025-07-25T08:16:35.240849,gateio,0.7675,0.7692,390.0,100.0
2025-07-25T08:16:35.294520,bitget,0.7681,0.7683,227.5,148.1
2025-07-25T08:16:35.443257,bitget,0.7681,0.7683,227.5,148.1
2025-07-25T08:16:35.489498,okx,0.7685,0.7695,11.078905,10.981019
2025-07-25T08:16:35.503195,bingx,0.767,0.769,8881.586,1.224
2025-07-25T08:16:35.531119,blofin,0.768,0.7683,1.0,2.0
2025-07-25T08:16:35.594722,okx,0.7685,0.7693,11.078905,10.978163
2025-07-25T08:16:35.618480,bybit,0.7684,0.7686,40.0,21.8
2025-07-25T08:16:35.743995,okx,0.7687,0.7695,10.978163,27.981019
2025-07-25T08:16:35.750077,bitget,0.7682,0.7684,79.4,148.1
2025-07-25T08:16:35.876657,okx,0.7689,0.7695,10.978163,10.978163
2025-07-25T08:16:35.893073,bitget,0.7682,0.7685,179.0,148.1
2025-07-25T08:16:35.918953,bybit,0.7685,0.0,145.7,0.0
2025-07-25T08:16:36.021994,gateio,0.7675,0.7692,445.0,100.0
2025-07-25T08:16:36.043048,bitget,0.7683,0.7685,79.4,148.1
2025-07-25T08:16:36.059135,blofin,0.768,0.7683,1.0,2.0
2025-07-25T08:16:36.103809,gateio,0.7675,0.7693,445.0,100.0
2025-07-25T08:16:36.117600,gateio,0.7676,0.7698,498.0,100.0
2025-07-25T08:16:36.125987,bitmart,0.7657,0.7713,71.0,104.0
2025-07-25T08:16:36.139030,gateio,0.7676,0.7697,1133.0,389.0
2025-07-25T08:16:36.158967,gateio,0.7676,0.7696,1133.0,100.0
2025-07-25T08:16:36.194240,bitget,0.7683,0.7685,79.4,148.1
2025-07-25T08:16:36.201935,mexc,0.7683,0.7685,6741660.0,6741660.0
2025-07-25T08:16:36.328855,gateio,0.7677,0.7696,390.0,100.0
2025-07-25T08:16:36.342982,bitget,0.7683,0.7685,513.2,148.1
2025-07-25T08:16:36.357021,gateio,0.7678,0.7696,100.0,100.0
2025-07-25T08:16:36.409392,bingx,0.767,0.769,8881.586,1.224
2025-07-25T08:16:36.462936,gateio,0.7679,0.7696,390.0,100.0
2025-07-25T08:16:36.496364,bitget,0.7684,0.7685,79.4,148.1
2025-07-25T08:16:36.542366,blofin,0.768,0.7684,1.0,4.0
2025-07-25T08:16:36.560318,okx,0.7689,0.7696,10.978163,9.328089
2025-07-25T08:16:36.643459,bitget,0.7685,0.7686,227.5,148.1
2025-07-25T08:16:36.684936,binance,0.769,0.769,0.0,0.0
2025-07-25T08:16:36.793249,bitget,0.7685,0.7687,227.5,148.0
2025-07-25T08:16:36.818594,bybit,0.0,0.7689,0.0,101.4
2025-07-25T08:16:36.918424,bybit,0.7688,0.7691,34.7,729.5
2025-07-25T08:16:36.923413,okx,0.7691,0.7698,11.019915,11.019915
2025-07-25T08:16:36.945269,bitget,0.7685,0.7687,227.5,148.0
2025-07-25T08:16:37.018460,bybit,0.0,0.7691,0.0,94.1
2025-07-25T08:16:37.043573,okx,0.7691,0.7699,11.019915,11.019915
2025-07-25T08:16:37.060119,blofin,0.768,0.7684,17.0,4.0
2025-07-25T08:16:37.086918,bitmart,0.7658,0.7714,67.0,4.0
2025-07-25T08:16:37.094598,bitget,0.7686,0.769,79.4,1345.6
2025-07-25T08:16:37.118618,bybit,0.7688,0.0,74.7,0.0
2025-07-25T08:16:37.243380,bitget,0.7686,0.769,147.7,1345.6
2025-07-25T08:16:37.310951,bingx,0.768,0.769,589.409,1.224
2025-07-25T08:16:37.363576,gateio,0.7679,0.7696,390.0,490.0
2025-07-25T08:16:37.391840,okx,0.7691,0.7698,11.019915,11.005247
2025-07-25T08:16:37.393856,bitget,0.7686,0.769,147.7,1345.6
2025-07-25T08:16:37.539138,blofin,0.7683,0.7684,87.0,4.0
2025-07-25T08:16:37.544675,bitget,0.7686,0.7689,147.7,230.2
2025-07-25T08:16:37.686246,binance,0.769,0.769,0.0,0.0
2025-07-25T08:16:37.693751,bitget,0.7686,0.7688,147.7,71.1
2025-07-25T08:16:37.848214,bitget,0.7687,0.7688,79.4,71.1
2025-07-25T08:16:37.916993,gateio,0.7679,0.7696,781.0,490.0
2025-07-25T08:16:37.919074,bybit,0.0,0.7691,0.0,40.0
2025-07-25T08:16:37.939507,gateio,0.768,0.7696,352.0,490.0
2025-07-25T08:16:37.950559,gateio,0.7681,0.7696,100.0,490.0
2025-07-25T08:16:37.999673,bitget,0.7687,0.7688,79.4,71.1
2025-07-25T08:16:38.002994,okx,0.7691,0.7699,11.019915,11.019915
2025-07-25T08:16:38.061359,blofin,0.7683,0.7684,87.0,4.0
2025-07-25T08:16:38.122416,bitmart,0.7658,0.7714,67.0,3.0
2025-07-25T08:16:38.144937,bitget,0.7686,0.7688,147.7,71.1
2025-07-25T08:16:38.221163,bingx,0.768,0.769,589.409,1.224
2025-07-25T08:16:38.295611,bitget,0.7686,0.7688,147.7,71.1
2025-07-25T08:16:38.384883,gateio,0.7681,0.7696,735.0,490.0
2025-07-25T08:16:38.397249,gateio,0.7682,0.7696,390.0,490.0
2025-07-25T08:16:38.409110,gateio,0.7683,0.7696,100.0,880.0
2025-07-25T08:16:38.419295,bybit,0.769,0.7693,34.7,419.4
2025-07-25T08:16:38.443997,bitget,0.7687,0.7689,79.4,522.8
2025-07-25T08:16:38.465811,okx,0.7692,0.77,11.005247,645.968875
2025-07-25T08:16:38.563272,blofin,0.7683,0.7686,11.0,2.0
2025-07-25T08:16:38.569519,mexc,0.7683,0.7685,6741660.0,6741660.0
2025-07-25T08:16:38.593944,okx,0.7692,0.77,11.005247,150.0
2025-07-25T08:16:38.594477,bitget,0.7687,0.769,492.7,147.9
2025-07-25T08:16:38.618625,bybit,0.0,0.0,0.0,0.0
2025-07-25T08:16:38.685053,binance,0.769,0.769,0.0,0.0
2025-07-25T08:16:38.744268,bitget,0.7687,0.769,726.2,147.9
2025-07-25T08:16:38.816777,bingx,0.768,0.769,589.493,1.224
2025-07-25T08:16:38.819953,okx,0.7692,0.7693,11.005247,11.005
2025-07-25T08:16:38.918671,bybit,0.0,0.0,0.0,0.0
2025-07-25T08:16:39.040701,blofin,0.7683,0.7686,73.0,2.0
2025-07-25T08:16:39.045495,bitget,0.7688,0.769,1346.5,147.9
2025-07-25T08:16:39.123852,bitmart,0.7662,0.7716,108.0,81.0
2025-07-25T08:16:39.194855,gateio,0.7683,0.7696,100.0,780.0
2025-07-25T08:16:39.198952,bitget,0.7688,0.769,79.4,147.9
2025-07-25T08:16:39.318370,bybit,0.0,0.7691,0.0,40.0
2025-07-25T08:16:39.344369,bitget,0.7687,0.769,726.2,147.9
2025-07-25T08:16:39.404371,okx,0.7689,0.7693,10.978163,11.005
2025-07-25T08:16:39.418505,bybit,0.7688,0.0,40.0,0.0
2025-07-25T08:16:39.495102,bitget,0.7687,0.7689,646.8,150.5
2025-07-25T08:16:39.555488,blofin,0.7685,0.7686,89.0,2.0
2025-07-25T08:16:39.627827,okx,0.769,0.7693,10.946481,11.005
2025-07-25T08:16:39.645104,bitget,0.7687,0.7688,413.3,71.1
2025-07-25T08:16:39.684965,binance,0.769,0.769,0.0,0.0
2025-07-25T08:16:39.702717,gateio,0.7683,0.7696,100.0,390.0
2025-07-25T08:16:39.718540,bybit,0.7689,0.0,34.7,0.0
2025-07-25T08:16:39.722058,bingx,0.768,0.769,485.999,1.224
2025-07-25T08:16:39.794831,bitget,0.7686,0.7689,1446.1,227.3
2025-07-25T08:16:39.855287,gateio,0.7683,0.7699,100.0,100.0
2025-07-25T08:16:39.918826,bybit,0.7688,0.0,40.0,0.0
2025-07-25T08:16:39.945037,bitget,0.7687,0.7689,413.3,227.3
2025-07-25T08:16:40.024160,bingx,0.768,0.769,485.999,1.224
2025-07-25T08:16:40.054572,blofin,0.7685,0.7686,89.0,2.0
2025-07-25T08:16:40.081234,bitmart,0.7659,0.7716,1526.0,64.0
2025-07-25T08:16:40.095613,bitget,0.7686,0.7688,1366.7,150.5
2025-07-25T08:16:40.111050,gateio,0.7683,0.7699,100.0,880.0
2025-07-25T08:16:40.248751,bitget,0.7686,0.7688,1335.4,150.5
2025-07-25T08:16:40.395400,bitget,0.7686,0.7688,1335.4,71.1
2025-07-25T08:16:40.419020,bybit,0.0,0.0,0.0,0.0
2025-07-25T08:16:40.490986,okx,0.769,0.7697,10.946481,10.945769
2025-07-25T08:16:40.538670,blofin,0.7683,0.7686,14.0,2.0
2025-07-25T08:16:40.684432,binance,0.769,0.769,0.0,0.0
2025-07-25T08:16:40.699435,bitget,0.7686,0.7688,1366.7,71.1
2025-07-25T08:16:40.749334,okx,0.7689,0.769,10.978163,0.058519
2025-07-25T08:16:40.923997,bingx,0.768,0.769,485.999,1.224
2025-07-25T08:16:40.934361,mexc,0.7687,0.7689,6741660.0,6741660.0
2025-07-25T08:16:40.998195,bitget,0.7686,0.7688,1366.7,150.5
2025-07-25T08:16:41.049194,gateio,0.7683,0.7697,100.0,100.0
2025-07-25T08:16:41.052491,blofin,0.7683,0.7686,14.0,2.0
2025-07-25T08:16:41.135701,bitmart,0.7661,0.7716,181.0,57.0
2025-07-25T08:16:41.218345,bybit,0.0,0.769,0.0,140.6
2025-07-25T08:16:41.296477,bitget,0.7686,0.7688,1335.4,150.5
2025-07-25T08:16:41.318546,bybit,0.0,0.0,0.0,0.0
2025-07-25T08:16:41.445951,bitget,0.7686,0.7688,68.3,150.5
2025-07-25T08:16:41.552114,blofin,0.7683,0.7686,14.0,2.0
2025-07-25T08:16:41.618423,bybit,0.0,0.0,0.0,0.0
2025-07-25T08:16:41.684599,binance,0.769,0.769,0.0,0.0
2025-07-25T08:16:41.748926,bitget,0.7686,0.7688,1335.4,150.5
2025-07-25T08:16:41.824996,bingx,0.768,0.769,485.999,1.224
2025-07-25T08:16:41.896410,bitget,0.7686,0.7688,68.3,150.5
2025-07-25T08:16:42.057304,blofin,0.7683,0.7686,3.0,2.0
2025-07-25T08:16:42.119872,bybit,0.0,0.7691,0.0,40.0
2025-07-25T08:16:42.149481,bitmart,0.7659,0.7716,11.0,29.0
2025-07-25T08:16:42.161997,gateio,0.7683,0.7698,100.0,100.0
2025-07-25T08:16:42.197619,bitget,0.7686,0.7688,147.7,71.1
2025-07-25T08:16:42.360861,okx,0.7689,0.7696,10.978163,10.935217
2025-07-25T08:16:42.499144,bitget,0.7686,0.7688,1414.8,71.1
2025-07-25T08:16:42.552821,blofin,0.7683,0.7686,3.0,2.0
2025-07-25T08:16:42.719162,gateio,0.7683,0.7698,100.0,490.0
2025-07-25T08:16:42.734206,bingx,0.768,0.769,485.999,1.224
2025-07-25T08:16:42.796692,bitget,0.7687,0.7689,79.4,147.9
2025-07-25T08:16:42.849299,okx,0.7691,0.7698,10.921261,50.0
2025-07-25T08:16:42.947173,bitget,0.7687,0.7688,404.0,71.1
2025-07-25T08:16:42.967805,okx,0.769,0.7697,10.921261,10.918421
2025-07-25T08:16:43.035815,bingx,0.768,0.769,486.083,1.224
2025-07-25T08:16:43.056378,blofin,0.7682,0.7686,651.0,2.0
2025-07-25T08:16:43.099982,bitget,0.7686,0.7687,1414.8,106.6
2025-07-25T08:16:43.140934,gateio,0.7683,0.7698,100.0,880.0
2025-07-25T08:16:43.144537,bitmart,0.7661,0.7716,198.0,212.0
2025-07-25T08:16:43.158934,gateio,0.7683,0.7697,100.0,364.0
2025-07-25T08:16:43.250488,bitget,0.7686,0.7687,1414.8,106.6
2025-07-25T08:16:43.321884,mexc,0.7687,0.7689,6741660.0,6741660.0
2025-07-25T08:16:43.328035,bingx,0.768,0.769,485.999,1.224
2025-07-25T08:16:43.397274,bitget,0.7686,0.7688,1414.8,71.1
2025-07-25T08:16:43.548720,blofin,0.7683,0.7686,11.0,2.0
2025-07-25T08:16:43.684326,binance,0.769,0.769,0.0,0.0
2025-07-25T08:16:43.698645,bitget,0.7687,0.7688,79.4,71.1
2025-07-25T08:16:43.718912,bybit,0.7688,0.7693,78.5,365.3
2025-07-25T08:16:43.759081,okx,0.769,0.7698,10.921261,10.918421
2025-07-25T08:16:43.821049,bybit,0.7689,0.0,34.7,0.0
2025-07-25T08:16:43.847595,bitget,0.7687,0.769,483.4,79.4
2025-07-25T08:16:43.935133,bingx,0.768,0.769,486.083,1.224
2025-07-25T08:16:43.997597,bitget,0.7687,0.769,483.4,79.4
2025-07-25T08:16:44.052433,blofin,0.7683,0.7686,20.0,2.0
2025-07-25T08:16:44.080986,bitmart,0.7661,0.7716,90.0,221.0
2025-07-25T08:16:44.118978,bybit,0.7688,0.7692,40.0,140.6
2025-07-25T08:16:44.149184,bitget,0.7686,0.7691,147.7,513.5
2025-07-25T08:16:44.149874,okx,0.769,0.7697,10.921261,10.872616
2025-07-25T08:16:44.298612,bitget,0.7686,0.769,1414.8,150.7
2025-07-25T08:16:44.406547,okx,0.769,0.7698,10.921261,10.918421
2025-07-25T08:16:44.453349,bitget,0.7687,0.7689,404.0,71.1
2025-07-25T08:16:44.518594,bybit,0.0,0.769,0.0,5.7
2025-07-25T08:16:44.533026,bingx,0.768,0.769,485.999,1.224
2025-07-25T08:16:44.553961,blofin,0.7683,0.7686,20.0,2.0
2025-07-25T08:16:44.599713,bitget,0.7687,0.7689,483.6,71.1
2025-07-25T08:16:44.607082,gateio,0.7683,0.7696,100.0,100.0
2025-07-25T08:16:44.685277,binance,0.769,0.769,0.0,0.0
2025-07-25T08:16:44.896688,gateio,0.7683,0.7696,490.0,490.0
2025-07-25T08:16:44.903999,bitget,0.7687,0.7689,404.0,150.7
2025-07-25T08:16:44.920540,bybit,0.7689,0.0,69.7,0.0
2025-07-25T08:16:44.993239,okx,0.769,0.7697,10.921261,10.872616
2025-07-25T08:16:45.002875,gateio,0.7683,0.7696,490.0,880.0
2025-07-25T08:16:45.048317,bitget,0.7687,0.769,404.0,79.6
2025-07-25T08:16:45.057065,blofin,0.7683,0.7686,20.0,2.0
2025-07-25T08:16:45.091120,okx,0.7692,0.7699,10.872616,11.008823
2025-07-25T08:16:45.095330,bitmart,0.766,0.7718,1647.0,54.0
2025-07-25T08:16:45.126897,gateio,0.7683,0.7696,390.0,880.0
2025-07-25T08:16:45.143402,bingx,0.768,0.769,486.083,1.224
2025-07-25T08:16:45.201297,bitget,0.7688,0.769,79.6,147.9
2025-07-25T08:16:45.218686,bybit,0.7688,0.0,40.0,0.0
2025-07-25T08:16:45.348281,bitget,0.7687,0.7689,404.0,150.7
2025-07-25T08:16:45.356319,okx,0.769,0.7697,10.921261,10.863104
2025-07-25T08:16:45.498609,bitget,0.7686,0.7687,1414.8,106.6
2025-07-25T08:16:45.519605,bybit,0.0,0.0,0.0,0.0
2025-07-25T08:16:45.561155,blofin,0.7684,0.7686,17.0,2.0
2025-07-25T08:16:45.648615,bitget,0.7686,0.7688,1414.8,147.9
2025-07-25T08:16:45.684862,binance,0.77,0.77,0.0,0.0
2025-07-25T08:16:45.705122,mexc,0.7686,0.769,6742160.0,6742160.0
2025-07-25T08:16:45.739033,bingx,0.768,0.769,485.999,1.224
2025-07-25T08:16:45.798412,bitget,0.7686,0.7688,1414.8,147.9
2025-07-25T08:16:45.954358,bitget,0.7687,0.7689,79.6,227.5
2025-07-25T08:16:45.967397,okx,0.769,0.7698,10.921261,10.863104
2025-07-25T08:16:46.067657,blofin,0.7683,0.7686,15.0,2.0
2025-07-25T08:16:46.098912,bitget,0.7687,0.7689,483.6,147.9
2025-07-25T08:16:46.130255,bitmart,0.7662,0.7716,75.0,101.0
2025-07-25T08:16:46.189375,okx,0.7691,0.7698,10.87051,10.863104
2025-07-25T08:16:46.249049,bitget,0.7687,0.769,404.0,227.5
2025-07-25T08:16:46.341883,bingx,0.768,0.769,486.083,1.224
2025-07-25T08:16:46.391278,okx,0.7691,0.7697,10.87051,10.868391
2025-07-25T08:16:46.398579,bitget,0.7687,0.769,404.0,227.5
2025-07-25T08:16:46.418833,bybit,0.0,0.0,0.0,0.0
2025-07-25T08:16:46.548884,bitget,0.7687,0.769,404.0,227.5
2025-07-25T08:16:46.551220,blofin,0.7683,0.7686,10.0,2.0
2025-07-25T08:16:46.641076,bingx,0.768,0.769,485.999,1.224
2025-07-25T08:16:46.652381,okx,0.7691,0.7698,10.87051,10.869097
2025-07-25T08:16:46.684135,binance,0.77,0.77,0.0,0.0
2025-07-25T08:16:46.699570,bitget,0.7687,0.769,404.0,227.5
2025-07-25T08:16:46.852089,bitget,0.7687,0.769,404.0,227.5
2025-07-25T08:16:46.941672,bingx,0.768,0.769,486.083,1.224
2025-07-25T08:16:47.006980,bitget,0.7688,0.769,79.6,227.5
2025-07-25T08:16:47.063284,blofin,0.7683,0.7686,10.0,2.0
2025-07-25T08:16:47.066379,gateio,0.7683,0.7696,390.0,780.0
2025-07-25T08:16:47.119479,bybit,0.7689,0.0,140.6,0.0
2025-07-25T08:16:47.125356,bitmart,0.7662,0.7718,53.0,22.0
2025-07-25T08:16:47.158458,bitget,0.7688,0.7689,110.9,71.1
2025-07-25T08:16:47.246612,okx,0.7692,0.77,10.868391,10.868753
2025-07-25T08:16:47.303156,bitget,0.7688,0.769,110.9,147.9
2025-07-25T08:16:47.456261,bitget,0.7689,0.769,79.6,147.9
2025-07-25T08:16:47.543767,blofin,0.7683,0.7686,21.0,2.0
2025-07-25T08:16:47.684309,binance,0.77,0.77,0.0,0.0
2025-07-25T08:16:47.843674,bingx,0.768,0.769,486.08299999999997,1.224
2025-07-25T08:16:47.900176,bitget,0.7688,0.769,110.9,147.9
2025-07-25T08:16:47.969285,gateio,0.7684,0.7696,100.0,780.0
2025-07-25T08:16:48.042726,blofin,0.7685,0.7686,21.0,2.0
2025-07-25T08:16:48.077104,mexc,0.7686,0.769,6742160.0,6742160.0
2025-07-25T08:16:48.080853,bitmart,0.7662,0.7718,48.0,71.0
2025-07-25T08:16:48.150016,bingx,0.768,0.769,486.08299999999997,1.224
2025-07-25T08:16:48.200646,bitget,0.7689,0.769,79.6,147.9
2025-07-25T08:16:48.490532,gateio,0.7684,0.7696,490.0,780.0
2025-07-25T08:16:48.499981,bitget,0.7689,0.7691,79.6,147.8
2025-07-25T08:16:48.534944,blofin,0.7685,0.7686,15.0,2.0
2025-07-25T08:16:48.586867,okx,0.7693,0.77,10.92427,10.868753
2025-07-25T08:16:48.651807,bitget,0.7689,0.7691,79.6,147.8
2025-07-25T08:16:48.684774,binance,0.77,0.77,0.0,0.0
2025-07-25T08:16:48.801036,bitget,0.7689,0.7691,581.4,147.8
2025-07-25T08:16:48.971573,gateio,0.7685,0.7696,390.0,780.0
2025-07-25T08:16:48.986535,gateio,0.7686,0.7696,100.0,780.0
2025-07-25T08:16:49.018447,bybit,0.7689,0.0,296.7,0.0
2025-07-25T08:16:49.046606,bingx,0.768,0.769,486.08299999999997,1.224
2025-07-25T08:16:49.070719,blofin,0.7685,0.7686,12.0,2.0
2025-07-25T08:16:49.102543,bitget,0.769,0.7691,79.6,147.8
2025-07-25T08:16:49.141739,bitmart,0.7662,0.772,1720.0,1553.0
2025-07-25T08:16:49.219049,bybit,0.7692,0.7693,181.7,16.2
2025-07-25T08:16:49.251934,bitget,0.7691,0.7694,147.8,1267.1
2025-07-25T08:16:49.292565,okx,0.7695,0.7702,10.953715,10.866273
2025-07-25T08:16:49.318649,bybit,0.0,0.0,0.0,0.0
2025-07-25T08:16:49.397069,okx,0.7696,0.7704,10.95158,10.95158
2025-07-25T08:16:49.403404,bitget,0.7692,0.7693,110.9,147.7
2025-07-25T08:16:49.410902,gateio,0.7686,0.7696,100.0,390.0
2025-07-25T08:16:49.439068,gateio,0.7686,0.7696,408.0,390.0
2025-07-25T08:16:49.550682,bitget,0.7692,0.7693,110.9,147.7
2025-07-25T08:16:49.561413,blofin,0.7685,0.7686,12.0,2.0
2025-07-25T08:16:49.684568,binance,0.77,0.77,0.0,0.0
2025-07-25T08:16:49.718458,bybit,0.7694,0.7697,40.0,206.2
2025-07-25T08:16:49.788914,gateio,0.7686,0.7703,408.0,100.0
2025-07-25T08:16:49.818461,bybit,0.0,0.0,0.0,0.0
2025-07-25T08:16:49.852861,bitget,0.7692,0.7694,110.9,147.7
2025-07-25T08:16:49.946877,gateio,0.7686,0.7705,408.0,100.0
2025-07-25T08:16:49.962401,bingx,0.768,0.769,486.08299999999997,1.224
2025-07-25T08:16:49.962918,gateio,0.7686,0.7705,408.0,489.0
2025-07-25T08:16:50.001012,bitget,0.7693,0.7694,147.7,147.7
2025-07-25T08:16:50.053427,blofin,0.7687,0.7691,65.0,41.0
2025-07-25T08:16:50.084853,bitmart,0.7667,0.7722,27.0,65.0
2025-07-25T08:16:50.088457,okx,0.7696,0.7703,10.95158,10.949447
2025-07-25T08:16:50.131016,gateio,0.7687,0.7705,390.0,489.0
2025-07-25T08:16:50.140895,gateio,0.7688,0.7705,100.0,489.0
2025-07-25T08:16:50.151700,bitget,0.7693,0.7694,147.7,147.7
2025-07-25T08:16:50.187022,okx,0.7697,0.7704,10.949447,10.95158
2025-07-25T08:16:50.300003,okx,0.7697,0.7703,10.949447,10.964059
2025-07-25T08:16:50.301839,bitget,0.7693,0.7694,147.7,147.7
2025-07-25T08:16:50.318272,bybit,0.0,0.0,0.0,0.0
2025-07-25T08:16:50.396614,gateio,0.7688,0.7705,100.0,878.0
2025-07-25T08:16:50.418743,gateio,0.7688,0.7704,100.0,363.0
2025-07-25T08:16:50.453379,mexc,0.7691,0.7693,6742160.0,6742160.0
2025-07-25T08:16:50.455341,bitget,0.7693,0.7694,147.7,147.7
2025-07-25T08:16:50.544110,blofin,0.7689,0.7695,93.0,168.0
2025-07-25T08:16:50.564981,gateio,0.7688,0.7703,100.0,100.0
2025-07-25T08:16:50.623259,bitget,0.7693,0.7694,227.3,147.7
2025-07-25T08:16:50.684224,binance,0.77,0.77,0.0,0.0
2025-07-25T08:16:50.708637,okx,0.7697,0.7704,10.949447,10.95158
2025-07-25T08:16:50.848911,bingx,0.768,0.769,486.08299999999997,1.224
2025-07-25T08:16:50.888222,gateio,0.7688,0.7703,490.0,100.0
2025-07-25T08:16:50.918388,bybit,0.7695,0.0,34.7,0.0
2025-07-25T08:16:50.959974,okx,0.7697,0.7705,10.949447,634.920635
2025-07-25T08:16:51.052650,blofin,0.7689,0.7695,74.0,1.0
2025-07-25T08:16:51.054972,bitget,0.7693,0.7695,640.7,147.7
2025-07-25T08:16:51.094432,bitmart,0.7665,0.7724,1701.0,195.0
2025-07-25T08:16:51.201667,bitget,0.7694,0.7695,79.6,147.7
2025-07-25T08:16:51.354211,bitget,0.7694,0.7695,79.6,147.7
2025-07-25T08:16:51.502165,bitget,0.7693,0.7695,493.0,147.7
2025-07-25T08:16:51.550508,blofin,0.7689,0.7695,74.0,1.0
2025-07-25T08:16:51.684168,binance,0.77,0.77,0.0,0.0
2025-07-25T08:16:51.752996,bingx,0.768,0.769,486.08299999999997,1.224
2025-07-25T08:16:51.802581,bitget,0.7694,0.7695,1267.1,147.7
2025-07-25T08:16:51.818622,bybit,0.7696,0.0,34.7,0.0
2025-07-25T08:16:51.894614,okx,0.7697,0.7706,10.949447,10.964534
2025-07-25T08:16:51.919155,bybit,0.7694,0.0,40.0,0.0
2025-07-25T08:16:51.952233,bitget,0.7693,0.7696,493.0,147.7
2025-07-25T08:16:52.050609,gateio,0.7688,0.7703,390.0,100.0
2025-07-25T08:16:52.051591,blofin,0.769,0.7696,99.0,404.0
2025-07-25T08:16:52.099707,okx,0.7698,0.7705,11.021917,10.963822
2025-07-25T08:16:52.109860,bitget,0.7693,0.7695,493.0,71.1
2025-07-25T08:16:52.118525,bybit,0.7696,0.7697,34.7,166.2
2025-07-25T08:16:52.145971,bitmart,0.7667,0.772,348.0,348.0
2025-07-25T08:16:52.176817,gateio,0.7688,0.7703,390.0,489.0
2025-07-25T08:16:52.201587,okx,0.7699,0.7706,11.021917,10.964534
2025-07-25T08:16:52.254506,bitget,0.7694,0.7696,79.6,147.7
2025-07-25T08:16:52.404547,bitget,0.7694,0.7697,110.9,147.6
2025-07-25T08:16:52.418601,bybit,0.7696,0.0,74.7,0.0
2025-07-25T08:16:52.518221,bybit,0.7694,0.7697,86.0,206.2
2025-07-25T08:16:52.551406,okx,0.7697,0.7704,11.01977,11.01977
2025-07-25T08:16:52.556225,bitget,0.7695,0.7697,79.6,147.6
2025-07-25T08:16:52.556663,blofin,0.7691,0.7696,88.0,393.0
2025-07-25T08:16:52.618101,bybit,0.7694,0.0,40.0,0.0
2025-07-25T08:16:52.677281,bingx,0.768,0.769,486.08299999999997,1.224
2025-07-25T08:16:52.686129,binance,0.77,0.77,0.0,0.0
2025-07-25T08:16:52.704854,bitget,0.7693,0.7696,79.6,150.7
2025-07-25T08:16:52.719243,bybit,0.7696,0.7699,40.0,187.0
2025-07-25T08:16:52.806778,okx,0.7697,0.7705,11.01977,11.01977
2025-07-25T08:16:52.817042,mexc,0.7691,0.7693,6742160.0,6742160.0
2025-07-25T08:16:52.818736,bybit,0.7697,0.7699,69.7,40.0
2025-07-25T08:16:52.856541,bitget,0.7694,0.7696,79.6,71.1
2025-07-25T08:16:52.918262,bybit,0.0,0.7699,0.0,206.2
2025-07-25T08:16:52.930376,gateio,0.7689,0.7703,100.0,489.0
2025-07-25T08:16:52.955264,okx,0.7698,0.7705,90.103518,11.01977
2025-07-25T08:16:52.961241,bingx,0.768,0.769,486.08299999999997,1.224
2025-07-25T08:16:53.003260,bitget,0.7694,0.7696,79.6,71.1
2025-07-25T08:16:53.011177,gateio,0.7689,0.7703,490.0,489.0
2025-07-25T08:16:53.019450,bybit,0.0,0.0,0.0,0.0
2025-07-25T08:16:53.039146,gateio,0.7689,0.7703,490.0,389.0
2025-07-25T08:16:53.049854,blofin,0.769,0.7696,4.0,395.0
2025-07-25T08:16:53.119718,bitmart,0.7667,0.772,348.0,348.0
2025-07-25T08:16:53.157150,bitget,0.7694,0.7696,79.6,71.1
2025-07-25T08:16:53.305638,bitget,0.7693,0.7696,418.4,150.7
2025-07-25T08:16:53.318864,bybit,0.7694,0.0,40.0,0.0
2025-07-25T08:16:53.393067,gateio,0.7689,0.7708,490.0,56.0
2025-07-25T08:16:53.404653,gateio,0.7689,0.7708,490.0,445.0
2025-07-25T08:16:53.458754,bitget,0.7693,0.7695,418.4,71.1
2025-07-25T08:16:53.549613,blofin,0.7689,0.7695,78.0,91.0
2025-07-25T08:16:53.604201,bitget,0.7694,0.7695,79.6,71.1
2025-07-25T08:16:53.618658,bybit,0.7696,0.0,74.7,0.0
2025-07-25T08:16:53.684410,binance,0.77,0.77,0.0,0.0
2025-07-25T08:16:53.714622,gateio,0.7689,0.7708,490.0,834.0
2025-07-25T08:16:53.757962,bitget,0.7694,0.7698,79.6,81.9
2025-07-25T08:16:53.790700,okx,0.7699,0.7706,11.012932,11.012932
2025-07-25T08:16:53.859345,bingx,0.768,0.769,486.08299999999997,1.224
2025-07-25T08:16:53.902994,gateio,0.7689,0.7707,490.0,100.0
2025-07-25T08:16:53.903265,bitget,0.7694,0.7697,79.6,147.6
2025-07-25T08:16:54.060120,bitget,0.7694,0.7697,79.6,147.6
2025-07-25T08:16:54.069325,blofin,0.7689,0.7695,78.0,91.0
2025-07-25T08:16:54.123931,bitmart,0.7668,0.772,79.0,348.0
2025-07-25T08:16:54.200300,okx,0.7699,0.7705,11.012932,11.015349
2025-07-25T08:16:54.203573,bitget,0.7694,0.7697,79.6,229.2
2025-07-25T08:16:54.353678,bitget,0.7694,0.7697,79.6,229.2
2025-07-25T08:16:54.537192,blofin,0.7691,0.7695,65.0,2.0
2025-07-25T08:16:54.762729,bingx,0.768,0.769,486.08299999999997,1.224
2025-07-25T08:16:55.056059,blofin,0.7691,0.7696,65.0,409.0
2025-07-25T08:16:55.109263,bitget,0.7694,0.7697,79.6,147.6
2025-07-25T08:16:55.120973,bitmart,0.7667,0.772,348.0,348.0
2025-07-25T08:16:55.138723,gateio,0.7689,0.7707,490.0,489.0
2025-07-25T08:16:55.237321,mexc,0.7694,0.7698,6742160.0,6742160.0
2025-07-25T08:16:55.255646,bitget,0.7694,0.7697,79.6,229.2
2025-07-25T08:16:55.544416,okx,0.7699,0.7706,11.012932,11.012932
2025-07-25T08:16:55.555082,bitget,0.7694,0.7697,79.6,147.6
2025-07-25T08:16:55.559998,blofin,0.7691,0.7695,90.0,180.0
2025-07-25T08:16:55.663328,bingx,0.768,0.769,486.08299999999997,1.224
2025-07-25T08:16:55.664149,gateio,0.7689,0.7706,490.0,3753.0
2025-07-25T08:16:55.682990,gateio,0.7689,0.7705,490.0,570.0
2025-07-25T08:16:55.684285,binance,0.77,0.77,0.0,0.0
2025-07-25T08:16:55.740026,gateio,0.7689,0.7704,490.0,3753.0
2025-07-25T08:16:55.976320,bingx,0.768,0.769,486.08299999999997,1.224
2025-07-25T08:16:56.053542,blofin,0.7691,0.7695,90.0,180.0
2025-07-25T08:16:56.130711,bitmart,0.7668,0.772,170.0,348.0
2025-07-25T08:16:56.304970,bitget,0.7694,0.7697,79.6,147.6
2025-07-25T08:16:56.455188,bitget,0.7694,0.7697,79.6,147.6
2025-07-25T08:16:56.543331,blofin,0.7691,0.7695,89.0,15.0
2025-07-25T08:16:56.607449,bitget,0.7694,0.7697,79.6,147.6
2025-07-25T08:16:56.743519,gateio,0.7689,0.7707,490.0,389.0
2025-07-25T08:16:56.872695,bingx,0.768,0.769,486.08299999999997,1.224
2025-07-25T08:16:56.905498,bitget,0.7694,0.7697,79.6,147.6
2025-07-25T08:16:57.048873,blofin,0.7691,0.7695,92.0,15.0
2025-07-25T08:16:57.084978,bitmart,0.7668,0.772,232.0,348.0
2025-07-25T08:16:57.206245,bitget,0.7694,0.7697,79.6,147.6
2025-07-25T08:16:57.218604,bybit,0.7697,0.7699,147.0,166.2
2025-07-25T08:16:57.299338,gateio,0.7689,0.7707,490.0,778.0
2025-07-25T08:16:57.318552,bybit,0.7698,0.0,40.0,0.0
2025-07-25T08:16:57.354698,okx,0.77,0.7708,86.895928,11.036081
2025-07-25T08:16:57.361092,bitget,0.7694,0.7697,79.6,147.6
2025-07-25T08:16:57.505841,bitget,0.7694,0.7698,1476.7,147.6
2025-07-25T08:16:57.545602,blofin,0.7691,0.7696,96.0,397.0
2025-07-25T08:16:57.660288,bitget,0.7695,0.7698,524.6,147.6
2025-07-25T08:16:57.680478,mexc,0.7694,0.7698,6742160.0,6742160.0
2025-07-25T08:16:57.684234,binance,0.77,0.77,0.0,0.0
2025-07-25T08:16:57.784123,bingx,0.769,0.77,356.129,0.411
2025-07-25T08:16:57.805916,bitget,0.7696,0.7698,239.0,147.6
2025-07-25T08:16:57.818765,bybit,0.0,0.77,0.0,44.9
2025-07-25T08:16:58.063981,blofin,0.7693,0.7696,88.0,381.0
2025-07-25T08:16:58.077024,bingx,0.769,0.77,356.129,0.411
2025-07-25T08:16:58.118947,bybit,0.0,0.77,0.0,211.1
2025-07-25T08:16:58.128613,bitmart,0.767,0.772,311.0,348.0
2025-07-25T08:16:58.133018,gateio,0.769,0.7707,390.0,778.0
2025-07-25T08:16:58.159029,gateio,0.7691,0.7707,100.0,778.0
2025-07-25T08:16:58.400894,gateio,0.7691,0.7707,490.0,778.0
2025-07-25T08:16:58.406831,bitget,0.7697,0.7699,81.6,147.5
2025-07-25T08:16:58.451282,okx,0.7701,0.7708,11.094601,11.036081
2025-07-25T08:16:58.556940,blofin,0.7693,0.7696,88.0,380.0
2025-07-25T08:16:58.557425,bitget,0.7697,0.7699,153.3,147.5
2025-07-25T08:16:58.808778,gateio,0.7691,0.7706,490.0,3753.0
2025-07-25T08:16:58.818820,gateio,0.7691,0.7705,490.0,100.0
2025-07-25T08:16:58.857114,bitget,0.7697,0.7699,153.3,147.5
2025-07-25T08:16:58.986235,bingx,0.769,0.77,356.129,0.411
2025-07-25T08:16:59.007211,bitget,0.7697,0.7699,81.6,147.5
2025-07-25T08:16:59.049236,blofin,0.7692,0.7696,88.0,380.0
2025-07-25T08:16:59.136832,bitmart,0.7668,0.772,1598.0,348.0
2025-07-25T08:16:59.156818,bitget,0.7696,0.7699,1658.3,147.5
2025-07-25T08:16:59.295521,gateio,0.7691,0.7704,490.0,3095.0
2025-07-25T08:16:59.306772,bitget,0.7697,0.7699,579.1,147.5
2025-07-25T08:16:59.456930,bitget,0.7696,0.7699,391.2,229.1
2025-07-25T08:16:59.485030,gateio,0.7691,0.7703,490.0,100.0
2025-07-25T08:16:59.531144,blofin,0.7693,0.7696,92.0,380.0
2025-07-25T08:16:59.611153,bitget,0.7696,0.7698,81.6,71.1
2025-07-25T08:16:59.718508,bybit,0.7699,0.0,8.7,0.0
2025-07-25T08:16:59.742708,gateio,0.7692,0.7703,390.0,100.0
2025-07-25T08:16:59.759689,bitget,0.7697,0.7698,81.6,71.1
2025-07-25T08:16:59.778812,gateio,0.7692,0.7703,490.0,100.0
2025-07-25T08:16:59.818199,bybit,0.7699,0.0,40.4,0.0
2025-07-25T08:16:59.858733,gateio,0.7693,0.7703,100.0,100.0
2025-07-25T08:16:59.880302,bingx,0.769,0.77,485.999,0.411
2025-07-25T08:16:59.907405,bitget,0.7697,0.77,81.6,147.4
2025-07-25T08:16:59.916083,okx,0.7703,0.7709,11.098535,634.920635
2025-07-25T08:16:59.961298,gateio,0.7693,0.7703,735.0,100.0
2025-07-25T08:17:00.040285,mexc,0.7697,0.7698,6742160.0,6742160.0
2025-07-25T08:17:00.046877,gateio,0.7693,0.7703,100.0,100.0
2025-07-25T08:17:00.054323,okx,0.7703,0.7709,11.098535,634.920635
2025-07-25T08:17:00.059112,bitget,0.7697,0.7699,486.2,147.4
2025-07-25T08:17:00.076018,blofin,0.7693,0.7696,92.0,380.0
2025-07-25T08:17:00.118410,bybit,0.7699,0.0,8.7,0.0
2025-07-25T08:17:00.131375,bitmart,0.7672,0.772,42.0,348.0
2025-07-25T08:17:00.189600,okx,0.7701,0.7707,11.094601,11.096375
2025-07-25T08:17:00.214561,bitget,0.7697,0.7698,404.6,71.1
2025-07-25T08:17:00.358595,bitget,0.7695,0.7697,524.6,106.6
2025-07-25T08:17:00.510706,bitget,0.7695,0.7697,524.6,106.6
2025-07-25T08:17:00.543136,blofin,0.7693,0.77,94.0,108.0
2025-07-25T08:17:00.658026,bitget,0.7695,0.7697,524.6,106.6
2025-07-25T08:17:00.684105,binance,0.77,0.77,0.0,0.0
2025-07-25T08:17:00.808190,bitget,0.7695,0.7697,443.0,106.6
2025-07-25T08:17:00.824997,gateio,0.7693,0.7707,100.0,100.0
2025-07-25T08:17:00.900588,bingx,0.769,0.77,485.915,0.411
2025-07-25T08:17:01.065757,blofin,0.7693,0.7698,11.0,63.0
2025-07-25T08:17:01.107020,bitmart,0.7668,0.772,1598.0,348.0
2025-07-25T08:17:01.122758,gateio,0.7693,0.7707,735.0,100.0
2025-07-25T08:17:01.249652,okx,0.7701,0.7707,11.094601,423.096375
2025-07-25T08:17:01.266183,bitget,0.7695,0.7697,443.0,188.2
2025-07-25T08:17:01.318051,bybit,0.0,0.77,0.0,228.2
2025-07-25T08:17:01.370251,okx,0.7701,0.7707,11.094601,11.096375
2025-07-25T08:17:01.419041,bybit,0.0,0.0,0.0,0.0
2025-07-25T08:17:01.566125,blofin,0.7693,0.7698,11.0,63.0
2025-07-25T08:17:01.684328,binance,0.77,0.77,0.0,0.0
2025-07-25T08:17:01.688249,bingx,0.769,0.77,485.915,0.411
2025-07-25T08:17:01.689835,okx,0.7701,0.7708,11.094601,50.0
2025-07-25T08:17:01.712363,bitget,0.7696,0.7699,81.6,147.4
2025-07-25T08:17:01.831464,okx,0.7701,0.7708,11.094601,11.10044
2025-07-25T08:17:01.858591,bitget,0.7696,0.7699,81.6,147.4
2025-07-25T08:17:02.004003,bingx,0.769,0.77,485.999,0.411
2025-07-25T08:17:02.059777,blofin,0.7693,0.7698,12.0,63.0
2025-07-25T08:17:02.116910,bitmart,0.767,0.772,56.0,348.0
2025-07-25T08:17:02.159148,bitget,0.7696,0.7699,81.6,147.4
2025-07-25T08:17:02.244831,gateio,0.7693,0.7707,735.0,489.0
2025-07-25T08:17:02.258589,gateio,0.7693,0.7706,735.0,263.0
2025-07-25T08:17:02.269506,gateio,0.7693,0.7705,735.0,3230.0
2025-07-25T08:17:02.280350,gateio,0.7693,0.7704,735.0,100.0
2025-07-25T08:17:02.309255,bitget,0.7696,0.7699,81.6,147.4
2025-07-25T08:17:02.423157,mexc,0.7697,0.7698,6742160.0,6742160.0
2025-07-25T08:17:02.542273,blofin,0.7693,0.7698,11.0,3.0
2025-07-25T08:17:02.609512,bitget,0.7696,0.7699,81.6,229.0
2025-07-25T08:17:02.758737,gateio,0.7693,0.7704,100.0,100.0
2025-07-25T08:17:02.842313,okx,0.7701,0.7707,11.094601,61.097223
2025-07-25T08:17:02.880247,gateio,0.7693,0.7704,735.0,100.0
2025-07-25T08:17:02.891690,bingx,0.769,0.77,485.999,0.411
2025-07-25T08:17:02.910641,bitget,0.7695,0.7698,555.9,81.6
2025-07-25T08:17:02.940724,okx,0.7702,0.7707,11.097944,50.0
2025-07-25T08:17:03.059449,bitget,0.7696,0.7699,81.6,147.4
2025-07-25T08:17:03.069749,blofin,0.7693,0.7698,22.0,3.0
2025-07-25T08:17:03.122376,bitmart,0.767,0.772,56.0,348.0
2025-07-25T08:17:03.153772,okx,0.77,0.7707,11.036081,50.0
2025-07-25T08:17:03.198266,bingx,0.769,0.77,485.999,0.411
2025-07-25T08:17:03.209394,bitget,0.7695,0.7698,474.3,81.6
2025-07-25T08:17:03.294522,okx,0.77,0.7708,11.036081,11.097223
2025-07-25T08:17:03.359872,bitget,0.7695,0.7696,555.9,106.6
2025-07-25T08:17:03.395149,okx,0.77,0.7707,11.036081,11.096503
2025-07-25T08:17:03.495560,bingx,0.769,0.77,485.999,0.411
2025-07-25T08:17:03.510177,bitget,0.7695,0.7696,112.9,106.6
2025-07-25T08:17:03.533142,gateio,0.7693,0.7704,735.0,2876.0
2025-07-25T08:17:03.549234,blofin,0.7693,0.7698,22.0,3.0
2025-07-25T08:17:03.684587,binance,0.77,0.77,0.0,0.0
2025-07-25T08:17:03.718560,bybit,0.0,0.77,0.0,228.0
2025-07-25T08:17:03.810765,bitget,0.7695,0.7697,81.6,147.4
2025-07-25T08:17:03.914940,gateio,0.7693,0.7704,735.0,2776.0
2025-07-25T08:17:03.960549,bitget,0.7695,0.7697,485.6,147.4
2025-07-25T08:17:04.057358,blofin,0.7693,0.7698,11.0,3.0
2025-07-25T08:17:04.090368,bitmart,0.767,0.772,56.0,348.0
2025-07-25T08:17:04.101509,gateio,0.7693,0.7704,100.0,2776.0
2025-07-25T08:17:04.111050,bitget,0.7696,0.7698,81.6,147.4
2025-07-25T08:17:04.259674,bitget,0.7696,0.7697,80.7,71.1
2025-07-25T08:17:04.396068,bingx,0.769,0.77,485.915,0.411
2025-07-25T08:17:04.411726,bitget,0.7696,0.7697,80.7,71.1
2025-07-25T08:17:04.491745,okx,0.77,0.7706,11.036081,11.11959
2025-07-25T08:17:04.548393,blofin,0.7693,0.7698,11.0,3.0
2025-07-25T08:17:04.560355,bitget,0.7695,0.7697,485.6,71.1
2025-07-25T08:17:04.684163,gateio,0.7693,0.7704,100.0,3165.0
2025-07-25T08:17:04.684528,binance,0.77,0.77,0.0,0.0
2025-07-25T08:17:04.699511,bingx,0.769,0.77,485.999,0.411
2025-07-25T08:17:04.710747,bitget,0.7695,0.7696,81.6,71.1
2025-07-25T08:17:04.780756,gateio,0.7693,0.7704,100.0,3554.0
2025-07-25T08:17:04.796343,mexc,0.7697,0.7698,6742160.0,6742160.0
2025-07-25T08:17:04.798868,gateio,0.7693,0.7703,100.0,100.0
2025-07-25T08:17:04.845262,okx,0.7701,0.7708,92.653466,11.097223
2025-07-25T08:17:04.861287,bitget,0.7695,0.7698,81.6,228.1
2025-07-25T08:17:05.003765,bingx,0.768,0.77,485.99899999999997,9909.77
2025-07-25T08:17:05.010449,bitget,0.7695,0.7698,81.6,228.1
2025-07-25T08:17:05.057870,blofin,0.7693,0.7698,13.0,3.0
2025-07-25T08:17:05.122837,bitmart,0.767,0.772,44.0,348.0
2025-07-25T08:17:05.161712,bitget,0.7695,0.7698,81.6,228.1
2025-07-25T08:17:05.310952,bitget,0.7695,0.7698,485.6,228.1
2025-07-25T08:17:05.522967,gateio,0.7693,0.7703,100.0,3456.0
2025-07-25T08:17:05.542994,blofin,0.7693,0.7698,11.0,74.0
2025-07-25T08:17:05.612177,bitget,0.7695,0.7698,485.6,228.1
2025-07-25T08:17:05.904581,bingx,0.768,0.77,485.99899999999997,9909.77
2025-07-25T08:17:05.920657,bybit,0.0,0.0,0.0,0.0
2025-07-25T08:17:06.051166,blofin,0.7693,0.7698,9.0,74.0
2025-07-25T08:17:06.085416,bitmart,0.767,0.772,44.0,348.0
2025-07-25T08:17:06.202334,okx,0.7701,0.7708,11.120312,11.097223
2025-07-25T08:17:06.361099,bitget,0.7695,0.7698,404.0,228.1
2025-07-25T08:17:06.517278,bitget,0.7695,0.7697,404.0,80.7
2025-07-25T08:17:06.545119,blofin,0.7693,0.7699,10.0,77.0
2025-07-25T08:17:06.652516,gateio,0.7693,0.7703,100.0,3845.0
2025-07-25T08:17:06.661437,bitget,0.7695,0.7697,404.0,80.7
2025-07-25T08:17:06.684314,binance,0.77,0.77,0.0,0.0
2025-07-25T08:17:06.805971,bingx,0.768,0.77,485.99899999999997,9909.77
2025-07-25T08:17:06.844130,okx,0.7699,0.7706,11.012932,61.166068
2025-07-25T08:17:06.971040,gateio,0.7693,0.7703,100.0,4234.0
2025-07-25T08:17:07.018433,bybit,0.0,0.77,0.0,234.5
2025-07-25T08:17:07.055508,blofin,0.7693,0.7697,4.0,89.0
2025-07-25T08:17:07.083314,bitmart,0.7668,0.772,12.0,348.0
2025-07-25T08:17:07.177556,mexc,0.7697,0.7699,6742160.0,6742160.0
2025-07-25T08:17:07.355079,gateio,0.7693,0.7703,100.0,3845.0
2025-07-25T08:17:07.413922,bitget,0.7695,0.7698,404.0,259.4
2025-07-25T08:17:07.414027,okx,0.77,0.7707,83.694281,11.166068
2025-07-25T08:17:07.547487,blofin,0.7693,0.7697,4.0,89.0
2025-07-25T08:17:07.563524,bitget,0.7695,0.7698,404.0,228.1
2025-07-25T08:17:07.684212,binance,0.77,0.77,0.0,0.0
2025-07-25T08:17:07.712301,bitget,0.7695,0.7697,404.0,80.7
2025-07-25T08:17:07.717674,bingx,0.768,0.77,485.99899999999997,9909.77
2025-07-25T08:17:07.726210,bybit,0.0,0.77,0.0,238.8
2025-07-25T08:17:07.789612,okx,0.77,0.7706,83.694281,11.188746
2025-07-25T08:17:07.864481,bitget,0.7695,0.7696,404.0,71.1
2025-07-25T08:17:07.871163,gateio,0.7693,0.7703,100.0,3356.0
2025-07-25T08:17:08.012351,bitget,0.7694,0.7696,1379.1,71.1
2025-07-25T08:17:08.015373,bingx,0.768,0.77,485.99899999999997,9779.9
2025-07-25T08:17:08.018451,bybit,0.0,0.77,0.0,72.6
2025-07-25T08:17:08.018919,gateio,0.7693,0.7703,100.0,3745.0
2025-07-25T08:17:08.047255,blofin,0.7693,0.7697,4.0,92.0
2025-07-25T08:17:08.080063,bitmart,0.7668,0.772,189.0,348.0
2025-07-25T08:17:08.108662,okx,0.7701,0.7707,84.18342,11.166068
2025-07-25T08:17:08.167110,bitget,0.7695,0.7699,80.7,464.0
2025-07-25T08:17:08.313362,bitget,0.7695,0.7698,494.4,147.5
2025-07-25T08:17:08.318043,bybit,0.0,0.0,0.0,0.0
2025-07-25T08:17:08.464217,bitget,0.7696,0.7697,80.7,71.1
2025-07-25T08:17:08.508906,gateio,0.7693,0.7703,100.0,4134.0
2025-07-25T08:17:08.556932,blofin,0.7693,0.7697,11.0,29.0
2025-07-25T08:17:08.558691,gateio,0.7693,0.7703,100.0,3745.0
2025-07-25T08:17:08.613069,bitget,0.7696,0.7697,80.7,71.1
2025-07-25T08:17:08.684513,binance,0.77,0.77,0.0,0.0
2025-07-25T08:17:08.762978,bitget,0.7696,0.7698,80.7,147.5
2025-07-25T08:17:08.910924,bingx,0.769,0.77,4417.295,0.411
2025-07-25T08:17:08.913562,bitget,0.7696,0.7698,80.7,147.5
2025-07-25T08:17:09.019695,bybit,0.0,0.77,0.0,66.1
2025-07-25T08:17:09.044249,blofin,0.7693,0.7697,11.0,3.0
2025-07-25T08:17:09.125466,bitmart,0.7671,0.772,22.0,348.0
2025-07-25T08:17:09.132673,gateio,0.7693,0.7703,735.0,3356.0
2025-07-25T08:17:09.213362,bitget,0.7696,0.7699,112.0,381.0
2025-07-25T08:17:09.219137,bybit,0.7699,0.0,80.4,0.0
2025-07-25T08:17:09.288752,okx,0.77,0.7702,11.200975,81.036
2025-07-25T08:17:09.288849,gateio,0.7693,0.7707,735.0,56.0
2025-07-25T08:17:09.362951,bitget,0.7697,0.7699,80.7,528.5
2025-07-25T08:17:09.377441,gateio,0.7693,0.7708,735.0,389.0
2025-07-25T08:17:09.396712,gateio,0.7693,0.7707,735.0,350.0
2025-07-25T08:17:09.507707,okx,0.7699,0.7702,11.200975,81.036
2025-07-25T08:17:09.515221,bitget,0.7697,0.7698,80.7,71.1
2025-07-25T08:17:09.518204,bingx,0.769,0.77,4417.379,0.411
2025-07-25T08:17:09.519206,bybit,0.7699,0.0,48.7,0.0
2025-07-25T08:17:09.549691,blofin,0.7693,0.7697,10.0,3.0
2025-07-25T08:17:09.554116,mexc,0.7697,0.7699,6742160.0,6742160.0
2025-07-25T08:17:09.666407,bitget,0.7696,0.7698,80.7,71.1
2025-07-25T08:17:09.684216,binance,0.77,0.77,0.0,0.0
2025-07-25T08:17:09.813905,bitget,0.7696,0.7698,80.7,71.1
2025-07-25T08:17:09.965592,bitget,0.7696,0.7698,80.7,71.1
2025-07-25T08:17:09.997379,gateio,0.7693,0.7706,735.0,100.0
2025-07-25T08:17:10.060383,blofin,0.7693,0.77,30.0,109.0
2025-07-25T08:17:10.114835,bitget,0.7696,0.7698,80.7,71.1
2025-07-25T08:17:10.120175,bitmart,0.7668,0.772,1647.0,348.0
2025-07-25T08:17:10.263978,bitget,0.7696,0.7698,80.7,71.1
2025-07-25T08:17:10.414310,bitget,0.7696,0.7698,1347.8,71.1
2025-07-25T08:17:10.418960,bingx,0.769,0.77,4417.379,0.411
2025-07-25T08:17:10.518663,bybit,0.0,0.77,0.0,92.4
2025-07-25T08:17:10.559705,blofin,0.7693,0.77,30.0,109.0
2025-07-25T08:17:10.564468,bitget,0.7697,0.7698,80.7,71.1
2025-07-25T08:17:11.053324,blofin,0.7693,0.77,28.0,109.0
2025-07-25T08:17:11.073539,gateio,0.7693,0.7706,100.0,100.0
2025-07-25T08:17:11.118168,bybit,0.7699,0.0,8.7,0.0
2025-07-25T08:17:11.120120,bitmart,0.7671,0.772,141.0,348.0
2025-07-25T08:17:11.126277,gateio,0.7693,0.7706,100.0,489.0
2025-07-25T08:17:11.165910,bitget,0.7695,0.7698,494.4,71.1
2025-07-25T08:17:11.187597,okx,0.7698,0.7702,11.200975,81.036
2025-07-25T08:17:11.317234,bitget,0.7695,0.7697,413.7,71.1
2025-07-25T08:17:11.319023,bybit,0.0,0.77,0.0,88.7
2025-07-25T08:17:11.327762,bingx,0.769,0.77,4417.295,0.411
2025-07-25T08:17:11.338912,gateio,0.7693,0.7706,100.0,878.0
2025-07-25T08:17:11.358950,gateio,0.7693,0.7705,100.0,363.0
2025-07-25T08:17:11.442413,okx,0.7699,0.7706,86.639823,61.105823
2025-07-25T08:17:11.464721,bitget,0.7694,0.7696,1267.1,71.1
2025-07-25T08:17:11.559134,blofin,0.7693,0.77,39.0,109.0
2025-07-25T08:17:11.579606,okx,0.7699,0.7706,5.603823,61.105823
2025-07-25T08:17:11.614605,bitget,0.7694,0.7697,1347.8,147.5
2025-07-25T08:17:11.684628,binance,0.77,0.77,0.0,0.0
2025-07-25T08:17:11.690494,okx,0.7699,0.7705,5.603823,11.102219
2025-07-25T08:17:11.764866,bitget,0.7695,0.7697,404.3,147.5
2025-07-25T08:17:11.915292,bitget,0.7695,0.7697,404.3,228.2
2025-07-25T08:17:11.918237,bybit,0.0,0.0,0.0,0.0
2025-07-25T08:17:11.922654,mexc,0.7697,0.7699,6742160.0,6742160.0
2025-07-25T08:17:11.926311,bingx,0.769,0.77,4417.295,0.411
2025-07-25T08:17:12.033713,gateio,0.7693,0.7705,100.0,100.0
2025-07-25T08:17:12.045641,blofin,0.7693,0.7698,28.0,76.0
2025-07-25T08:17:12.066340,bitget,0.7695,0.7697,404.3,228.2
2025-07-25T08:17:12.126660,bitmart,0.7668,0.772,215.0,348.0
2025-07-25T08:17:12.214827,bitget,0.7695,0.7697,404.3,147.5
2025-07-25T08:17:12.218499,bybit,0.0,0.0,0.0,0.0
2025-07-25T08:17:12.278684,gateio,0.7693,0.7705,735.0,100.0
2025-07-25T08:17:12.366438,bitget,0.7694,0.7696,1267.1,80.7
2025-07-25T08:17:12.515610,bitget,0.7694,0.7697,1267.1,228.2
2025-07-25T08:17:12.526643,bingx,0.768,0.77,4547.249,486.41
2025-07-25T08:17:12.540643,blofin,0.7693,0.7698,28.0,92.0
2025-07-25T08:17:12.667596,bitget,0.7695,0.7697,380.1,228.2
2025-07-25T08:17:12.690506,gateio,0.7693,0.7707,735.0,100.0
2025-07-25T08:17:12.718408,gateio,0.7693,0.7706,735.0,263.0
2025-07-25T08:17:12.816482,bitget,0.7695,0.7697,380.1,228.2
2025-07-25T08:17:12.965869,bitget,0.7695,0.7697,380.1,147.5
2025-07-25T08:17:13.056396,blofin,0.7693,0.7697,27.0,65.0
2025-07-25T08:17:13.082641,bitmart,0.767,0.772,86.0,348.0
2025-07-25T08:17:13.115766,bitget,0.7696,0.7698,80.7,147.5
2025-07-25T08:17:13.269666,bitget,0.7696,0.7698,80.7,147.5
2025-07-25T08:17:13.318235,bybit,0.7698,0.0,74.7,0.0
2025-07-25T08:17:13.418470,bitget,0.7696,0.7698,80.7,228.2
2025-07-25T08:17:13.418877,bybit,0.0,0.77,0.0,97.7
2025-07-25T08:17:13.425043,bingx,0.769,0.77,4417.295,0.411
2025-07-25T08:17:13.546957,blofin,0.7693,0.7697,27.0,65.0
2025-07-25T08:17:13.565750,bitget,0.7695,0.7698,460.8,228.2
2025-07-25T08:17:13.681186,gateio,0.7693,0.7705,735.0,100.0
2025-07-25T08:17:13.684525,binance,0.77,0.77,0.0,0.0
2025-07-25T08:17:13.715939,bitget,0.7695,0.7697,460.8,71.1
2025-07-25T08:17:13.718291,bybit,0.0,0.7699,0.0,185.1
2025-07-25T08:17:13.726201,bingx,0.768,0.77,4547.249,356.54
2025-07-25T08:17:13.791583,okx,0.7699,0.7704,5.603823,61.073687
2025-07-25T08:17:13.819043,bybit,0.7698,0.0,40.0,0.0
2025-07-25T08:17:13.866513,bitget,0.7695,0.7697,380.1,151.8
2025-07-25T08:17:14.018410,bybit,0.7697,0.7698,8.8,171.5
2025-07-25T08:17:14.019008,bitget,0.7695,0.7696,380.1,80.7
2025-07-25T08:17:14.040168,okx,0.7698,0.7704,11.07153,61.073687
2025-07-25T08:17:14.061889,blofin,0.7693,0.7699,27.0,29.0
2025-07-25T08:17:14.126940,bitmart,0.7668,0.772,11.0,348.0
2025-07-25T08:17:14.167673,bitget,0.7694,0.7695,1267.1,80.9
2025-07-25T08:17:14.318053,bitget,0.7693,0.7695,307.5,80.9
2025-07-25T08:17:14.336203,mexc,0.7697,0.7699,6742160.0,6742160.0
2025-07-25T08:17:14.466348,bitget,0.7693,0.7695,307.5,80.9
2025-07-25T08:17:14.531219,blofin,0.7693,0.7696,4.0,65.0
2025-07-25T08:17:14.638502,bingx,0.768,0.77,4547.249,356.54
2025-07-25T08:17:14.684265,binance,0.77,0.77,0.0,0.0
2025-07-25T08:17:14.767200,bitget,0.7693,0.7695,307.5,80.9
2025-07-25T08:17:15.044024,blofin,0.7693,0.7696,2.0,70.0
2025-07-25T08:17:15.055743,bitmart,0.7668,0.772,11.0,348.0
2025-07-25T08:17:15.072018,bitget,0.7693,0.7695,307.5,80.9
2025-07-25T08:17:15.217035,bitget,0.7693,0.7695,307.5,80.9
2025-07-25T08:17:15.444574,gateio,0.7693,0.7705,735.0,489.0
2025-07-25T08:17:15.537721,blofin,0.7693,0.7696,2.0,70.0
2025-07-25T08:17:15.539142,bingx,0.768,0.77,4547.249,356.54
2025-07-25T08:17:15.684171,binance,0.77,0.77,0.0,0.0
2025-07-25T08:17:15.782475,gateio,0.7693,0.7705,735.0,389.0
2025-07-25T08:17:15.817212,bitget,0.7693,0.7695,307.5,80.9
2025-07-25T08:17:16.047948,blofin,0.7693,0.7696,2.0,70.0
2025-07-25T08:17:16.085618,bitmart,0.7667,0.772,348.0,348.0
2025-07-25T08:17:16.172557,gateio,0.7693,0.7705,735.0,778.0
2025-07-25T08:17:16.244841,gateio,0.7693,0.7705,100.0,778.0
2025-07-25T08:17:16.267658,bitget,0.7693,0.7695,307.5,80.9
2025-07-25T08:17:16.356242,okx,0.7696,0.7703,11.200975,61.073687
2025-07-25T08:17:16.418234,bitget,0.7693,0.7695,307.5,80.9
2025-07-25T08:17:16.439240,bingx,0.768,0.77,4547.249,356.54
2025-07-25T08:17:16.542128,blofin,0.7693,0.7696,2.0,96.0
2025-07-25T08:17:16.568335,bitget,0.7692,0.7695,68.2,80.9
2025-07-25T08:17:16.639004,gateio,0.7693,0.7704,100.0,54.0
2025-07-25T08:17:16.684174,binance,0.77,0.77,0.0,0.0
2025-07-25T08:17:16.689236,mexc,0.7697,0.7699,6742160.0,6742160.0
2025-07-25T08:17:16.717672,bitget,0.7691,0.7694,575.4,71.1
2025-07-25T08:17:16.775473,gateio,0.7693,0.7704,100.0,154.0
2025-07-25T08:17:16.804424,okx,0.7695,0.7701,11.01977,61.075845
2025-07-25T08:17:16.818680,bybit,0.0,0.7698,0.0,301.4
2025-07-25T08:17:16.868028,bitget,0.7691,0.7692,575.4,71.1
2025-07-25T08:17:17.022225,bitget,0.7691,0.7692,147.8,71.1
2025-07-25T08:17:17.052700,blofin,0.7693,0.7696,2.0,95.0
2025-07-25T08:17:17.118623,bybit,0.0,0.7698,0.0,307.9
2025-07-25T08:17:17.129366,bitmart,0.7667,0.7719,348.0,83.0
2025-07-25T08:17:17.167944,bitget,0.7691,0.7692,147.8,71.1
2025-07-25T08:17:17.319760,bitget,0.7691,0.7692,147.8,71.1
2025-07-25T08:17:17.338768,bingx,0.768,0.77,4547.249,356.54
2025-07-25T08:17:17.480484,gateio,0.7693,0.7704,100.0,543.0
2025-07-25T08:17:17.544347,blofin,0.7691,0.7693,3.0,74.0
2025-07-25T08:17:17.684577,binance,0.77,0.77,0.0,0.0
2025-07-25T08:17:18.045267,blofin,0.7691,0.7693,3.0,74.0
2025-07-25T08:17:18.068486,bitget,0.7691,0.7692,147.8,71.1
2025-07-25T08:17:18.096615,gateio,0.7693,0.7704,100.0,932.0
2025-07-25T08:17:18.118083,bybit,0.0,0.7698,0.0,301.4
2025-07-25T08:17:18.118386,gateio,0.7693,0.7703,100.0,380.0
2025-07-25T08:17:18.142497,bitmart,0.7667,0.7719,348.0,61.0
2025-07-25T08:17:18.210599,gateio,0.7693,0.7702,100.0,100.0
2025-07-25T08:17:18.218545,bitget,0.7691,0.7692,147.8,71.1
2025-07-25T08:17:18.244191,bingx,0.768,0.77,4547.249,356.54
2025-07-25T08:17:18.564379,blofin,0.7691,0.7693,3.0,107.0
2025-07-25T08:17:18.684533,binance,0.77,0.77,0.0,0.0
2025-07-25T08:17:18.781108,gateio,0.7693,0.7702,100.0,490.0
2025-07-25T08:17:18.969720,bitget,0.7691,0.7692,147.8,152.0
2025-07-25T08:17:19.046540,blofin,0.7691,0.7693,3.0,108.0
2025-07-25T08:17:19.055898,bitmart,0.7667,0.772,348.0,411.0
2025-07-25T08:17:19.087468,mexc,0.7694,0.7696,6742160.0,6742160.0
2025-07-25T08:17:19.144266,bingx,0.768,0.77,4547.249,356.54
2025-07-25T08:17:19.269338,bitget,0.7691,0.7692,260.0,71.1
2025-07-25T08:17:19.320503,okx,0.7695,0.7701,11.01977,11.075845
2025-07-25T08:17:19.418075,bybit,0.0,0.7698,0.0,171.5
2025-07-25T08:17:19.419668,bitget,0.7692,0.7695,71.1,404.3
2025-07-25T08:17:19.445706,okx,0.7696,0.7703,11.060676,11.073687
2025-07-25T08:17:19.518403,gateio,0.7689,0.7702,635.0,490.0
2025-07-25T08:17:19.548970,blofin,0.7691,0.7692,3.0,92.0
2025-07-25T08:17:19.569447,bitget,0.7691,0.7693,228.7,71.1
2025-07-25T08:17:19.588476,gateio,0.7686,0.7702,100.0,490.0
2025-07-25T08:17:19.618375,bybit,0.7692,0.7695,40.0,49.9
2025-07-25T08:17:19.684191,binance,0.77,0.77,0.0,0.0
2025-07-25T08:17:19.693026,okx,0.7695,0.7701,11.01977,11.058522
2025-07-25T08:17:19.718262,bybit,0.7694,0.0,34.7,0.0
2025-07-25T08:17:19.719537,bitget,0.7689,0.7693,79.6,80.9
2025-07-25T08:17:19.736618,gateio,0.7686,0.7702,100.0,390.0
2025-07-25T08:17:19.764584,gateio,0.7686,0.7702,100.0,780.0
2025-07-25T08:17:19.818266,bybit,0.0,0.7695,0.0,58.9
2025-07-25T08:17:19.847866,okx,0.7696,0.7703,11.060676,645.981311
2025-07-25T08:17:19.869268,bitget,0.769,0.7692,1348.0,71.1
2025-07-25T08:17:20.020564,bitget,0.769,0.7692,1348.0,71.1
2025-07-25T08:17:20.048404,bingx,0.768,0.77,4547.249,356.54
2025-07-25T08:17:20.055656,blofin,0.7685,0.7692,1351.0,38.0
2025-07-25T08:17:20.084746,bitmart,0.7668,0.7701,428.0,428.0
2025-07-25T08:17:20.319092,bybit,0.7694,0.7695,74.7,18.9
2025-07-25T08:17:20.473370,bitget,0.7691,0.7695,80.9,485.2
2025-07-25T08:17:20.556438,blofin,0.7685,0.7692,1351.0,38.0
2025-07-25T08:17:20.602368,gateio,0.7686,0.7702,100.0,880.0
2025-07-25T08:17:20.618488,bybit,0.7692,0.7694,49.0,145.1
2025-07-25T08:17:20.619107,gateio,0.7686,0.7701,100.0,364.0
2025-07-25T08:17:20.620252,bitget,0.769,0.7694,1267.1,228.5
2025-07-25T08:17:20.623842,okx,0.7696,0.7702,11.060676,11.089361
2025-07-25T08:17:20.684555,binance,0.77,0.77,0.0,0.0
2025-07-25T08:17:20.771914,bitget,0.7689,0.7693,404.0,112.2
2025-07-25T08:17:20.890894,okx,0.7696,0.7702,11.060676,61.089361
2025-07-25T08:17:20.920388,bitget,0.7689,0.7692,404.0,152.0
2025-07-25T08:17:20.955215,bingx,0.768,0.77,4547.249,356.54
2025-07-25T08:17:21.055738,blofin,0.7687,0.7694,636.0,40.0
2025-07-25T08:17:21.074597,bitget,0.7689,0.7691,404.0,152.0
2025-07-25T08:17:21.118891,bitmart,0.7668,0.7701,428.0,428.0
2025-07-25T08:17:21.218484,bybit,0.7692,0.0,9.0,0.0
2025-07-25T08:17:21.221706,bitget,0.7689,0.7691,404.0,152.0
2025-07-25T08:17:21.281100,gateio,0.7686,0.7701,100.0,100.0
2025-07-25T08:17:21.318260,bybit,0.0,0.7693,0.0,66.3
2025-07-25T08:17:21.370862,bitget,0.7689,0.769,404.0,80.9
2025-07-25T08:17:21.456550,okx,0.7694,0.77,11.073687,61.09329
2025-07-25T08:17:21.518862,bybit,0.7692,0.0,12.6,0.0
2025-07-25T08:17:21.521951,bitget,0.7688,0.7689,1561.6,106.6
2025-07-25T08:17:21.530127,mexc,0.7688,0.7694,6742160.0,6742160.0
2025-07-25T08:17:21.545038,blofin,0.7687,0.7694,116.0,13.0
2025-07-25T08:17:21.671095,bitget,0.7688,0.7689,1561.6,80.9
2025-07-25T08:17:21.684389,binance,0.77,0.77,0.0,0.0
2025-07-25T08:17:21.714664,gateio,0.7686,0.7702,100.0,100.0
2025-07-25T08:17:21.726846,gateio,0.7686,0.7702,100.0,489.0
2025-07-25T08:17:21.821568,bitget,0.7688,0.769,1561.6,147.7
2025-07-25T08:17:21.859342,bingx,0.768,0.77,4547.249,356.54
2025-07-25T08:17:21.972006,bitget,0.7688,0.769,1561.6,228.6
2025-07-25T08:17:22.060673,blofin,0.7687,0.7691,2.0,101.0
2025-07-25T08:17:22.120965,bitmart,0.7668,0.7701,428.0,428.0
2025-07-25T08:17:22.418089,bybit,0.0,0.0,0.0,0.0
2025-07-25T08:17:22.420937,bitget,0.7688,0.769,1561.6,228.6
2025-07-25T08:17:22.464637,gateio,0.7686,0.7701,100.0,389.0
2025-07-25T08:17:22.476508,gateio,0.7686,0.77,100.0,481.0
2025-07-25T08:17:22.517924,bybit,0.7692,0.0,3.6,0.0
2025-07-25T08:17:22.547469,blofin,0.7687,0.7691,2.0,101.0
2025-07-25T08:17:22.566112,okx,0.7691,0.7698,23.866361,11.099848
2025-07-25T08:17:22.571276,bitget,0.7688,0.769,294.5,228.6
2025-07-25T08:17:22.685150,binance,0.77,0.77,0.0,0.0
2025-07-25T08:17:22.687965,okx,0.7691,0.7697,11.073687,11.099848
2025-07-25T08:17:22.721311,bitget,0.7687,0.7689,404.0,80.9
2025-07-25T08:17:22.757982,bingx,0.768,0.77,1161.095,2499.536
2025-07-25T08:17:22.845695,okx,0.7691,0.7698,11.073687,11.099848
2025-07-25T08:17:22.872161,bitget,0.7687,0.7689,404.0,112.2
2025-07-25T08:17:23.022325,bitget,0.7687,0.7689,404.0,112.2
2025-07-25T08:17:23.052003,blofin,0.7687,0.7689,4.0,101.0
2025-07-25T08:17:23.102135,bitmart,0.7668,0.7701,428.0,428.0
2025-07-25T08:17:23.321688,bitget,0.7687,0.7689,404.0,112.2
2025-07-25T08:17:23.368830,bingx,0.768,0.77,1161.179,2499.62
2025-07-25T08:17:23.471898,bitget,0.7687,0.7689,404.0,112.2
2025-07-25T08:17:23.554163,blofin,0.7687,0.7689,4.0,101.0
2025-07-25T08:17:23.622369,bitget,0.7687,0.7689,404.0,112.2
2025-07-25T08:17:23.684818,binance,0.77,0.77,0.0,0.0
2025-07-25T08:17:23.772112,bitget,0.7687,0.7688,404.0,80.9
2025-07-25T08:17:23.867703,mexc,0.7688,0.7694,6742160.0,6742160.0
2025-07-25T08:17:23.922344,bitget,0.7686,0.7689,1416.3,259.9
2025-07-25T08:17:24.033750,blofin,0.7685,0.769,1349.0,1.0
2025-07-25T08:17:24.072142,bitget,0.7687,0.7689,404.4,259.9
2025-07-25T08:17:24.078501,bitmart,0.7668,0.7701,428.0,428.0
2025-07-25T08:17:24.232750,gateio,0.7686,0.77,100.0,490.0
2025-07-25T08:17:24.267152,bingx,0.768,0.77,1161.179,2499.62
2025-07-25T08:17:24.317573,gateio,0.7686,0.7699,100.0,264.0
2025-07-25T08:17:24.373038,bitget,0.7687,0.7688,404.4,81.0
2025-07-25T08:17:24.522642,bitget,0.7686,0.7688,1335.4,81.0
2025-07-25T08:17:24.556748,blofin,0.7685,0.769,713.0,16.0
2025-07-25T08:17:24.672942,bitget,0.7686,0.7689,1335.4,259.9
2025-07-25T08:17:24.705517,gateio,0.7686,0.7699,100.0,364.0
2025-07-25T08:17:24.822656,bitget,0.7687,0.7689,380.1,259.9
2025-07-25T08:17:25.045157,blofin,0.7685,0.769,713.0,17.0
2025-07-25T08:17:25.123699,bitget,0.7687,0.7688,380.1,81.0
2025-07-25T08:17:25.127844,bitmart,0.7668,0.7701,428.0,428.0
2025-07-25T08:17:25.178535,bingx,0.768,0.77,1161.179,2499.62
2025-07-25T08:17:25.284894,bitget,0.7686,0.7688,1335.4,81.0
2025-07-25T08:17:25.423081,bitget,0.7686,0.7689,1335.4,228.6
2025-07-25T08:17:25.548941,blofin,0.7685,0.769,713.0,80.0
2025-07-25T08:17:25.573559,bitget,0.7687,0.7689,380.1,228.6
2025-07-25T08:17:25.684732,binance,0.77,0.77,0.0,0.0
2025-07-25T08:17:26.048705,blofin,0.7685,0.769,713.0,80.0
2025-07-25T08:17:26.068430,bingx,0.768,0.77,1161.179,2499.62
2025-07-25T08:17:26.142090,bitmart,0.7668,0.7701,428.0,428.0
2025-07-25T08:17:26.235132,mexc,0.7688,0.7694,6742160.0,6742160.0
2025-07-25T08:17:26.381107,gateio,0.7686,0.7699,100.0,429.0
2025-07-25T08:17:26.474652,bitget,0.7687,0.7689,380.1,228.6
2025-07-25T08:17:26.512739,gateio,0.7686,0.7699,100.0,624.0
2025-07-25T08:17:26.532390,blofin,0.7685,0.7689,713.0,79.0
2025-07-25T08:17:26.977283,bingx,0.768,0.77,1161.179,2499.62
2025-07-25T08:17:27.042118,blofin,0.7685,0.7689,713.0,83.0
2025-07-25T08:17:27.079174,bitmart,0.7668,0.7701,428.0,428.0
2025-07-25T08:17:27.148773,gateio,0.7686,0.7699,100.0,559.0
2025-07-25T08:17:27.218764,gateio,0.7686,0.7699,100.0,494.0
2025-07-25T08:17:27.224539,bitget,0.7688,0.7689,81.0,147.7
2025-07-25T08:17:27.236922,gateio,0.7686,0.7699,100.0,230.0
2025-07-25T08:17:27.293585,okx,0.7692,0.7699,11.078905,11.099848
2025-07-25T08:17:27.379678,bitget,0.7687,0.769,461.1,228.7
2025-07-25T08:17:27.524400,gateio,0.7686,0.7699,100.0,130.0
2025-07-25T08:17:27.524448,bitget,0.7687,0.769,461.1,228.7
2025-07-25T08:17:27.540685,blofin,0.7685,0.769,713.0,81.0
2025-07-25T08:17:27.687611,binance,0.77,0.77,0.0,0.0
2025-07-25T08:17:27.714141,gateio,0.7686,0.7699,100.0,520.0
2025-07-25T08:17:27.737074,gateio,0.7686,0.7698,100.0,273.0
2025-07-25T08:17:27.825288,bitget,0.7688,0.769,81.0,147.8
2025-07-25T08:17:27.873921,bingx,0.768,0.77,1161.179,2499.62
2025-07-25T08:17:27.974822,bitget,0.7688,0.769,81.0,147.8
2025-07-25T08:17:28.050599,blofin,0.7685,0.769,713.0,81.0
2025-07-25T08:17:28.066833,bitmart,0.7668,0.7701,428.0,428.0
2025-07-25T08:17:28.278032,bitget,0.7687,0.769,461.1,228.8
2025-07-25T08:17:28.419405,bybit,0.0,0.0,0.0,0.0
2025-07-25T08:17:28.426091,bitget,0.7688,0.769,81.0,147.8
2025-07-25T08:17:28.518308,bybit,0.7692,0.7693,43.6,26.3
2025-07-25T08:17:28.555851,blofin,0.7685,0.769,713.0,13.0
2025-07-25T08:17:28.582419,bitget,0.769,0.7691,147.8,147.8
2025-07-25T08:17:28.622363,mexc,0.7688,0.769,6742160.0,6742160.0
2025-07-25T08:17:28.725959,bitget,0.769,0.7691,147.8,147.8
2025-07-25T08:17:28.778779,bingx,0.768,0.77,1161.179,2499.62
2025-07-25T08:17:28.865557,okx,0.7693,0.77,11.078905,11.09329
2025-07-25T08:17:28.882600,bitget,0.7691,0.7692,147.8,147.8
2025-07-25T08:17:28.918268,bybit,0.7694,0.7695,74.7,49.9
2025-07-25T08:17:28.963922,okx,0.7695,0.7702,11.077464,11.077464
2025-07-25T08:17:29.018544,bybit,0.0,0.7695,0.0,9.9
2025-07-25T08:17:29.025539,bitget,0.7692,0.7693,147.8,228.8
2025-07-25T08:17:29.038577,gateio,0.7686,0.7699,100.0,780.0
2025-07-25T08:17:29.066045,blofin,0.7685,0.769,713.0,13.0
2025-07-25T08:17:29.082111,bitmart,0.7668,0.7701,428.0,428.0
2025-07-25T08:17:29.180017,bitget,0.7692,0.7693,147.8,147.8
2025-07-25T08:17:29.476356,bitget,0.7692,0.7694,147.8,147.8
2025-07-25T08:17:29.555017,blofin,0.7687,0.769,125.0,2.0
2025-07-25T08:17:29.610528,gateio,0.7686,0.7701,100.0,389.0
2025-07-25T08:17:29.617882,bybit,0.7694,0.0,40.0,0.0
2025-07-25T08:17:29.625956,bitget,0.7692,0.7694,147.8,228.8
2025-07-25T08:17:29.683919,binance,0.77,0.77,0.0,0.0
2025-07-25T08:17:29.685275,bingx,0.768,0.77,1161.179,2499.62
2025-07-25T08:17:29.952758,gateio,0.7686,0.7701,490.0,389.0
2025-07-25T08:17:30.014603,gateio,0.7686,0.7701,880.0,389.0
2025-07-25T08:17:30.038530,gateio,0.7687,0.7701,264.0,389.0
2025-07-25T08:17:30.047426,blofin,0.7687,0.769,125.0,2.0
2025-07-25T08:17:30.058636,gateio,0.7687,0.7701,100.0,389.0
2025-07-25T08:17:30.082995,bitmart,0.7668,0.7701,428.0,428.0
2025-07-25T08:17:30.545168,blofin,0.7689,0.7695,93.0,17.0
2025-07-25T08:17:30.551042,gateio,0.7687,0.7701,100.0,779.0
2025-07-25T08:17:30.583514,bingx,0.768,0.77,1161.179,2499.62
2025-07-25T08:17:30.683053,bitget,0.7692,0.7694,228.8,147.8
2025-07-25T08:17:30.818748,gateio,0.7687,0.7701,100.0,1169.0
2025-07-25T08:17:30.827008,bitget,0.7692,0.7694,297.4,147.8
2025-07-25T08:17:30.980705,bitget,0.7692,0.7695,297.4,677.3
2025-07-25T08:17:30.989727,mexc,0.7688,0.769,6742160.0,6742160.0
2025-07-25T08:17:31.057617,blofin,0.7689,0.7695,93.0,81.0
2025-07-25T08:17:31.083989,bitmart,0.7668,0.7701,428.0,428.0
2025-07-25T08:17:31.127571,bitget,0.7692,0.7695,297.4,677.3
2025-07-25T08:17:31.277064,bitget,0.7692,0.7694,297.4,71.1
2025-07-25T08:17:31.418623,bybit,0.0,0.0,0.0,0.0
2025-07-25T08:17:31.478722,gateio,0.7686,0.7701,100.0,1169.0
2025-07-25T08:17:31.492177,bingx,0.768,0.77,1161.179,2499.62
2025-07-25T08:17:31.550075,blofin,0.7689,0.7695,93.0,81.0
2025-07-25T08:17:31.579521,bitget,0.7692,0.7694,216.4,152.1
2025-07-25T08:17:31.685337,binance,0.769,0.769,0.0,0.0
2025-07-25T08:17:31.719078,bybit,0.0,0.0,0.0,0.0
2025-07-25T08:17:31.733362,bitget,0.7692,0.7694,68.6,152.1
2025-07-25T08:17:31.877533,bitget,0.7691,0.7694,642.6,152.1
2025-07-25T08:17:32.027490,bitget,0.7692,0.7694,68.6,152.1
2025-07-25T08:17:32.048311,blofin,0.7689,0.7695,95.0,4.0
2025-07-25T08:17:32.122124,bitmart,0.7668,0.7701,428.0,428.0
2025-07-25T08:17:32.124712,gateio,0.7686,0.7701,100.0,780.0
2025-07-25T08:17:32.138867,gateio,0.7687,0.7701,390.0,780.0
2025-07-25T08:17:32.158732,gateio,0.7688,0.7701,100.0,780.0
2025-07-25T08:17:32.196778,gateio,0.7688,0.7701,490.0,780.0
2025-07-25T08:17:32.217966,bybit,0.7697,0.7698,34.7,52.4
2025-07-25T08:17:32.290085,okx,0.7698,0.7706,93.7916,50.0
2025-07-25T08:17:32.327450,bitget,0.7692,0.7696,1836.0,228.5
2025-07-25T08:17:32.400660,bingx,0.768,0.77,1161.179,2499.62
2025-07-25T08:17:32.482404,bitget,0.7693,0.7696,611.2,147.8
2025-07-25T08:17:32.519805,bybit,0.7696,0.0,40.0,0.0
2025-07-25T08:17:32.550694,blofin,0.7689,0.7695,93.0,4.0
2025-07-25T08:17:32.618894,gateio,0.7688,0.7701,490.0,390.0
2025-07-25T08:17:32.628452,bitget,0.7694,0.7696,295.7,147.8
2025-07-25T08:17:32.684171,binance,0.769,0.769,0.0,0.0
2025-07-25T08:17:32.808777,gateio,0.7688,0.7706,490.0,100.0
2025-07-25T08:17:33.040648,blofin,0.7691,0.7695,117.0,4.0
2025-07-25T08:17:33.051977,bitmart,0.7668,0.7707,428.0,428.0
2025-07-25T08:17:33.176670,gateio,0.7688,0.7706,490.0,489.0
2025-07-25T08:17:33.198403,gateio,0.7688,0.7705,490.0,263.0
2025-07-25T08:17:33.236947,bitget,0.7694,0.7696,1562.8,147.8
2025-07-25T08:17:33.292930,bingx,0.768,0.77,1161.179,2499.62
2025-07-25T08:17:33.373183,mexc,0.7692,0.7694,6742160.0,6742160.0
2025-07-25T08:17:33.377694,bitget,0.7694,0.7696,1481.8,228.8
2025-07-25T08:17:33.528180,bitget,0.7694,0.7695,214.7,81.0
2025-07-25T08:17:33.566595,blofin,0.7691,0.7695,117.0,4.0
2025-07-25T08:17:33.599128,bingx,0.768,0.77,1161.179,2499.62
2025-07-25T08:17:33.677923,bitget,0.7693,0.7695,530.2,81.0
2025-07-25T08:17:33.684210,binance,0.769,0.769,0.0,0.0
2025-07-25T08:17:33.818604,bybit,0.0,0.7697,0.0,144.4
2025-07-25T08:17:33.830016,bitget,0.7693,0.7695,530.2,81.0
2025-07-25T08:17:33.895806,okx,0.7698,0.7703,82.700929,61.074991
2025-07-25T08:17:33.918003,bybit,0.0,0.7698,0.0,52.4
2025-07-25T08:17:33.978603,bitget,0.7693,0.7696,530.2,228.8
2025-07-25T08:17:34.064583,blofin,0.7691,0.7695,118.0,4.0
2025-07-25T08:17:34.085267,bitmart,0.7668,0.7707,428.0,428.0
2025-07-25T08:17:34.092524,okx,0.7697,0.7705,71.602856,11.074991
2025-07-25T08:17:34.130155,bitget,0.7693,0.7696,530.2,228.8
2025-07-25T08:17:34.279906,bitget,0.7693,0.7696,530.2,228.8
2025-07-25T08:17:34.428331,bitget,0.7693,0.7695,530.2,81.3
2025-07-25T08:17:34.508550,bingx,0.768,0.77,1161.179,2499.62
2025-07-25T08:17:34.534509,blofin,0.7691,0.7695,4.0,4.0
2025-07-25T08:17:34.573041,gateio,0.7688,0.7705,880.0,263.0
2025-07-25T08:17:34.578686,bitget,0.7694,0.7697,81.3,472.7
2025-07-25T08:17:34.619399,bybit,0.7697,0.7699,34.7,65.1
2025-07-25T08:17:34.682772,gateio,0.7689,0.7705,364.0,263.0
2025-07-25T08:17:34.684134,binance,0.769,0.769,0.0,0.0
2025-07-25T08:17:34.698942,gateio,0.7689,0.7705,364.0,389.0
2025-07-25T08:17:34.700243,okx,0.7698,0.7705,95.644645,11.074991
2025-07-25T08:17:34.728425,bitget,0.7694,0.7697,112.6,80.7
2025-07-25T08:17:34.756671,gateio,0.7689,0.7705,100.0,389.0
2025-07-25T08:17:34.878739,bitget,0.7694,0.7697,1379.7,80.7
2025-07-25T08:17:35.029544,bitget,0.7695,0.7697,413.9,80.7
2025-07-25T08:17:35.043734,blofin,0.7691,0.7695,123.0,2.0
2025-07-25T08:17:35.069974,bitmart,0.7669,0.7707,154.0,428.0
2025-07-25T08:17:35.099743,bingx,0.768,0.77,1161.179,2499.62
2025-07-25T08:17:35.179459,bitget,0.7695,0.7698,413.9,1495.6
2025-07-25T08:17:35.330071,bitget,0.7695,0.7698,413.9,1495.6
2025-07-25T08:17:35.419161,bybit,0.7698,0.0,40.0,0.0
2025-07-25T08:17:35.480242,bitget,0.7695,0.7698,413.9,1564.2
2025-07-25T08:17:35.541439,blofin,0.7691,0.7695,123.0,2.0
2025-07-25T08:17:35.550559,gateio,0.7689,0.7705,490.0,389.0
2025-07-25T08:17:35.606769,okx,0.7698,0.7705,112.644645,11.074991
2025-07-25T08:17:35.630446,bitget,0.7695,0.7698,445.2,297.1
2025-07-25T08:17:35.684017,binance,0.769,0.769,0.0,0.0
2025-07-25T08:17:35.742975,mexc,0.7694,0.7697,6742160.0,6742160.0
2025-07-25T08:17:35.999975,bingx,0.768,0.77,1161.179,2499.62
2025-07-25T08:17:36.049158,bitmart,0.7669,0.7707,76.0,428.0
2025-07-25T08:17:36.049963,blofin,0.7692,0.7695,122.0,2.0
2025-07-25T08:17:36.079555,bitget,0.7695,0.7698,445.2,297.1
2025-07-25T08:17:36.230211,bitget,0.7695,0.7698,413.9,297.1
2025-07-25T08:17:36.487983,okx,0.7698,0.7705,28.037372,11.074991
2025-07-25T08:17:36.539987,blofin,0.7692,0.7695,89.0,2.0
2025-07-25T08:17:36.591246,okx,0.7698,0.7705,11.037372,11.074991
2025-07-25T08:17:36.684751,binance,0.769,0.769,0.0,0.0
2025-07-25T08:17:36.910419,bingx,0.768,0.77,1161.179,2499.62
2025-07-25T08:17:36.980416,bitget,0.7695,0.7698,413.9,297.1
2025-07-25T08:17:37.050071,blofin,0.7692,0.7695,93.0,2.0
2025-07-25T08:17:37.083049,bitmart,0.7669,0.7707,45.0,428.0
2025-07-25T08:17:37.130884,bitget,0.7695,0.7698,413.9,297.1
2025-07-25T08:17:37.283057,bitget,0.7695,0.7698,413.9,297.1
2025-07-25T08:17:37.430421,bitget,0.7694,0.7697,81.3,81.3
2025-07-25T08:17:37.546381,blofin,0.7692,0.7695,93.0,2.0
2025-07-25T08:17:37.581262,bitget,0.7695,0.7697,404.5,81.3
2025-07-25T08:17:37.684288,binance,0.769,0.769,0.0,0.0
2025-07-25T08:17:37.730734,bitget,0.7695,0.7698,404.5,228.5
2025-07-25T08:17:37.805760,bingx,0.768,0.77,1161.179,2499.62
2025-07-25T08:17:37.881435,bitget,0.7695,0.7698,404.5,228.5
2025-07-25T08:17:38.031720,bitget,0.7696,0.7698,81.3,147.8
2025-07-25T08:17:38.051203,blofin,0.7692,0.7695,91.0,2.0
2025-07-25T08:17:38.066939,okx,0.7699,0.7705,11.037372,11.074991
2025-07-25T08:17:38.124316,bitmart,0.7669,0.7707,37.0,428.0
2025-07-25T08:17:38.145965,mexc,0.7694,0.7697,6742160.0,6742160.0
2025-07-25T08:17:38.181233,bitget,0.7696,0.7698,31.3,229.1
2025-07-25T08:17:38.334685,bitget,0.7695,0.7698,404.5,229.1
2025-07-25T08:17:38.480971,bitget,0.7695,0.7698,485.8,229.1
2025-07-25T08:17:38.549541,blofin,0.7692,0.7695,252.0,2.0
2025-07-25T08:17:38.632275,bitget,0.7696,0.7698,81.3,147.8
2025-07-25T08:17:38.708615,bingx,0.768,0.77,1161.179,2499.62
2025-07-25T08:17:39.034091,blofin,0.7692,0.7695,252.0,2.0
2025-07-25T08:17:39.081482,bitget,0.7696,0.7698,81.3,147.8
2025-07-25T08:17:39.088254,bitmart,0.7669,0.7707,64.0,428.0
2025-07-25T08:17:39.179101,okx,0.77,0.7706,63.427875,11.074991
2025-07-25T08:17:39.232280,bitget,0.7696,0.7699,81.3,147.8
2025-07-25T08:17:39.381962,bitget,0.7696,0.7699,81.3,147.8
2025-07-25T08:17:39.531721,bitget,0.7696,0.7699,1348.4,147.8
2025-07-25T08:17:39.552979,blofin,0.7693,0.7695,129.0,2.0
2025-07-25T08:17:39.612015,bingx,0.768,0.77,1161.179,2499.62
2025-07-25T08:17:39.681406,bitget,0.7696,0.7699,1348.4,297.7
2025-07-25T08:17:39.683935,binance,0.769,0.769,0.0,0.0
2025-07-25T08:17:39.916828,bingx,0.768,0.77,5262.659,356.54
2025-07-25T08:17:40.052979,blofin,0.7693,0.7695,129.0,2.0
2025-07-25T08:17:40.120352,bitmart,0.7669,0.7707,320.0,428.0
2025-07-25T08:17:40.220389,bybit,0.0,0.7701,0.0,100.2
2025-07-25T08:17:40.253382,gateio,0.7689,0.7705,490.0,778.0
2025-07-25T08:17:40.282471,gateio,0.769,0.7705,54.0,778.0
2025-07-25T08:17:40.299833,bitget,0.7697,0.7699,81.3,216.4
2025-07-25T08:17:40.308101,gateio,0.769,0.7705,154.0,778.0
2025-07-25T08:17:40.318339,bybit,0.7702,0.7703,73.2,167.7
2025-07-25T08:17:40.349536,gateio,0.769,0.7705,789.0,778.0
2025-07-25T08:17:40.377673,gateio,0.7691,0.7705,54.0,389.0
2025-07-25T08:17:40.399532,gateio,0.7691,0.7705,154.0,389.0
2025-07-25T08:17:40.414101,okx,0.7704,0.7711,11.067176,1108.737489
2025-07-25T08:17:40.418066,bybit,0.0,0.7703,0.0,193.8
2025-07-25T08:17:40.434027,bitget,0.77,0.7703,259.8,375.6
2025-07-25T08:17:40.525304,mexc,0.7694,0.7697,6742160.0,6742160.0
2025-07-25T08:17:40.544496,blofin,0.7693,0.7695,129.0,2.0
2025-07-25T08:17:40.550214,okx,0.7704,0.7711,11.067176,635.982981
2025-07-25T08:17:40.585828,bitget,0.77,0.7701,259.8,71.1
2025-07-25T08:17:40.683874,binance,0.769,0.769,0.0,0.0
2025-07-25T08:17:40.732894,bitget,0.77,0.7701,259.8,71.1
2025-07-25T08:17:40.821386,bingx,0.769,0.77,5132.705,0.411
2025-07-25T08:17:40.882666,bitget,0.77,0.7701,259.8,71.1
2025-07-25T08:17:40.894883,okx,0.7703,0.7709,11.067176,11.060715
2025-07-25T08:17:40.904545,gateio,0.7691,0.7715,154.0,56.0
2025-07-25T08:17:41.033069,bitget,0.77,0.7701,259.8,71.1
2025-07-25T08:17:41.052970,blofin,0.7694,0.7695,1665.0,2.0
2025-07-25T08:17:41.085492,bitmart,0.7673,0.7707,166.0,428.0
2025-07-25T08:17:41.124569,bingx,0.769,0.77,5132.789,0.411
2025-07-25T08:17:41.134433,gateio,0.7691,0.7714,154.0,388.0
2025-07-25T08:17:41.156396,gateio,0.7691,0.7713,154.0,54.0
2025-07-25T08:17:41.182903,bitget,0.77,0.7701,259.8,71.1
2025-07-25T08:17:41.318323,bybit,0.0,0.0,0.0,0.0
2025-07-25T08:17:41.382696,gateio,0.7691,0.7713,544.0,54.0
2025-07-25T08:17:41.498568,okx,0.7703,0.771,11.067176,11.060715
2025-07-25T08:17:41.547877,blofin,0.7697,0.7701,129.0,8.0
2025-07-25T08:17:41.684135,binance,0.769,0.769,0.0,0.0
2025-07-25T08:17:41.721613,gateio,0.7692,0.7713,390.0,54.0
2025-07-25T08:17:41.732249,gateio,0.7693,0.7713,100.0,121.0
2025-07-25T08:17:41.818856,bybit,0.7702,0.0,33.2,0.0
2025-07-25T08:17:41.918027,bybit,0.7702,0.0,73.2,0.0
2025-07-25T08:17:41.934009,bitget,0.77,0.7701,228.5,71.1
2025-07-25T08:17:42.024693,bingx,0.769,0.77,5132.789,0.411
2025-07-25T08:17:42.051693,blofin,0.7697,0.7701,258.0,11.0
2025-07-25T08:17:42.079358,bitmart,0.7677,0.7707,348.0,428.0
2025-07-25T08:17:42.084598,bitget,0.77,0.7701,228.5,71.1
2025-07-25T08:17:42.152573,gateio,0.7693,0.7713,489.0,121.0
2025-07-25T08:17:42.200501,gateio,0.7693,0.7713,489.0,509.0
2025-07-25T08:17:42.233796,bitget,0.77,0.7701,228.5,71.1
2025-07-25T08:17:42.383679,bitget,0.77,0.7701,228.5,71.1
2025-07-25T08:17:42.534211,bitget,0.77,0.7701,228.5,71.1
2025-07-25T08:17:42.538210,blofin,0.7697,0.7701,258.0,11.0
2025-07-25T08:17:42.684047,bitget,0.77,0.7701,228.5,71.1
2025-07-25T08:17:42.833481,bitget,0.77,0.7701,228.5,71.1
2025-07-25T08:17:42.921222,bingx,0.769,0.77,5132.789,0.411
2025-07-25T08:17:42.946266,mexc,0.7699,0.77,6742160.0,6742160.0
2025-07-25T08:17:42.983666,bitget,0.77,0.7701,228.5,71.1
2025-07-25T08:17:43.067221,blofin,0.7696,0.7701,129.0,9.0
2025-07-25T08:17:43.082029,bitmart,0.7677,0.7707,348.0,428.0
2025-07-25T08:17:43.138058,bitget,0.77,0.7701,228.5,152.4
2025-07-25T08:17:43.418297,bybit,0.0,0.0,0.0,0.0
2025-07-25T08:17:43.472906,gateio,0.7693,0.7713,389.0,509.0
2025-07-25T08:17:43.553022,blofin,0.7697,0.7701,27.0,9.0
2025-07-25T08:17:43.584368,bitget,0.77,0.7701,228.5,71.1
2025-07-25T08:17:43.684187,binance,0.769,0.769,0.0,0.0
2025-07-25T08:17:43.819113,bybit,0.7702,0.0,89.8,0.0
2025-07-25T08:17:43.828504,bingx,0.769,0.77,5132.789,0.411
2025-07-25T08:17:43.884378,bitget,0.7701,0.7702,71.1,229.0
2025-07-25T08:17:44.034604,bitget,0.7699,0.77,216.4,106.6
2025-07-25T08:17:44.059676,blofin,0.7697,0.7701,43.0,9.0
2025-07-25T08:17:44.135287,bitmart,0.7677,0.7707,348.0,428.0
2025-07-25T08:17:44.184752,bitget,0.7699,0.77,216.4,106.6
2025-07-25T08:17:44.335490,gateio,0.7693,0.7713,489.0,509.0
2025-07-25T08:17:44.418719,bybit,0.7702,0.7703,49.8,167.7
2025-07-25T08:17:44.445025,gateio,0.7694,0.7713,100.0,898.0
2025-07-25T08:17:44.484650,bitget,0.7698,0.77,1379.7,106.6
2025-07-25T08:17:44.536354,gateio,0.7694,0.7712,100.0,326.0
2025-07-25T08:17:44.568400,blofin,0.7697,0.7701,43.0,9.0
2025-07-25T08:17:44.593496,okx,0.7703,0.771,11.067176,61.060715
2025-07-25T08:17:44.642169,bitget,0.7698,0.77,1298.4,106.6
2025-07-25T08:17:44.683959,binance,0.769,0.769,0.0,0.0
2025-07-25T08:17:44.727617,bingx,0.769,0.77,5132.789,0.411
2025-07-25T08:17:44.785342,bitget,0.7698,0.7699,1298.4,71.1
2025-07-25T08:17:44.896980,gateio,0.7694,0.7712,100.0,715.0
2025-07-25T08:17:44.912670,gateio,0.7694,0.7711,100.0,57.0
2025-07-25T08:17:44.918620,bybit,0.77,0.7702,9.0,145.9
2025-07-25T08:17:44.936105,bitget,0.7698,0.7699,1298.4,71.1
2025-07-25T08:17:44.960937,gateio,0.7694,0.7711,735.0,446.0
2025-07-25T08:17:45.018406,bybit,0.0,0.7701,0.0,66.2
2025-07-25T08:17:45.038519,blofin,0.7697,0.7701,44.0,12.0
2025-07-25T08:17:45.055582,okx,0.7702,0.7708,11.067176,61.020632
2025-07-25T08:17:45.067712,bitmart,0.7677,0.7707,348.0,428.0
2025-07-25T08:17:45.085264,bitget,0.7697,0.7699,404.5,71.1
2025-07-25T08:17:45.114286,gateio,0.7694,0.7711,735.0,576.0
2025-07-25T08:17:45.236874,bitget,0.7697,0.7698,404.5,106.6
2025-07-25T08:17:45.328440,mexc,0.7699,0.77,6742160.0,6742160.0
2025-07-25T08:17:45.333178,bingx,0.769,0.77,5132.705,0.411
2025-07-25T08:17:45.385215,bitget,0.7696,0.7698,1689.2,106.6
2025-07-25T08:17:45.525704,blofin,0.7695,0.7701,1.0,13.0
2025-07-25T08:17:45.540492,bitget,0.7696,0.7698,1689.2,106.6
2025-07-25T08:17:45.669107,okx,0.7702,0.7708,11.067176,11.020632
2025-07-25T08:17:45.683872,binance,0.769,0.769,0.0,0.0
2025-07-25T08:17:45.686240,bitget,0.7697,0.7698,80.6,106.6
2025-07-25T08:17:45.917899,bybit,0.77,0.7701,49.0,26.2
2025-07-25T08:17:46.051086,blofin,0.7695,0.77,1.0,110.0
2025-07-25T08:17:46.064480,bitmart,0.7677,0.7707,348.0,428.0
2025-07-25T08:17:46.139147,bitget,0.7697,0.7699,80.6,147.6
2025-07-25T08:17:46.232132,bingx,0.769,0.77,5132.705,0.411
2025-07-25T08:17:46.285715,bitget,0.7697,0.7699,573.7,147.6
2025-07-25T08:17:46.288603,okx,0.7702,0.771,11.067176,11.060715
2025-07-25T08:17:46.405027,gateio,0.7694,0.7711,735.0,965.0
2025-07-25T08:17:46.435824,bitget,0.7698,0.77,80.6,147.6
2025-07-25T08:17:46.497026,okx,0.7703,0.771,91.994962,11.060715
2025-07-25T08:17:46.529068,gateio,0.7694,0.771,735.0,290.0
2025-07-25T08:17:46.539208,blofin,0.7695,0.77,1.0,110.0
2025-07-25T08:17:46.585674,bitget,0.7698,0.77,80.6,147.6
2025-07-25T08:17:46.618102,bybit,0.7702,0.7703,33.2,169.0
2025-07-25T08:17:46.684104,binance,0.769,0.769,0.0,0.0
2025-07-25T08:17:46.718245,bybit,0.0,0.0,0.0,0.0
2025-07-25T08:17:46.738158,bitget,0.7698,0.7701,1379.0,147.6
2025-07-25T08:17:46.889168,bitget,0.7699,0.7701,494.3,147.6
2025-07-25T08:17:47.039085,bitget,0.7699,0.77,494.3,71.1
2025-07-25T08:17:47.072024,blofin,0.7694,0.77,19.0,110.0
2025-07-25T08:17:47.135240,bitmart,0.7677,0.7707,348.0,428.0
2025-07-25T08:17:47.136307,bingx,0.769,0.77,5132.705,0.411
2025-07-25T08:17:47.186009,bitget,0.7698,0.77,1379.0,71.1
2025-07-25T08:17:47.555334,blofin,0.7697,0.7701,26.0,24.0
2025-07-25T08:17:47.636637,bitget,0.7698,0.77,1379.0,71.1
2025-07-25T08:17:47.684132,binance,0.769,0.769,0.0,0.0
2025-07-25T08:17:47.706505,mexc,0.7699,0.77,6742160.0,6742160.0
2025-07-25T08:17:47.746959,gateio,0.7694,0.771,735.0,679.0
2025-07-25T08:17:47.937758,bitget,0.7699,0.77,80.6,71.1
2025-07-25T08:17:47.938555,gateio,0.7695,0.771,337.0,679.0
2025-07-25T08:17:47.958601,gateio,0.7696,0.771,100.0,389.0
2025-07-25T08:17:47.968641,gateio,0.7696,0.771,100.0,778.0
2025-07-25T08:17:48.018174,bybit,0.7702,0.7703,73.2,129.0
2025-07-25T08:17:48.040061,bingx,0.769,0.77,5132.705,0.411
2025-07-25T08:17:48.056724,blofin,0.7697,0.7701,26.0,21.0
2025-07-25T08:17:48.089168,bitget,0.77,0.7701,102.4,147.6
2025-07-25T08:17:48.091196,bitmart,0.7677,0.7707,348.0,428.0
2025-07-25T08:17:48.237159,bitget,0.77,0.7701,102.4,147.6
2025-07-25T08:17:48.344321,bingx,0.769,0.77,5132.789,0.411
2025-07-25T08:17:48.364296,okx,0.7702,0.771,28.061975,11.060715
2025-07-25T08:17:48.387707,bitget,0.7699,0.7701,413.7,228.2
2025-07-25T08:17:48.543424,bitget,0.7699,0.7701,413.7,147.6
2025-07-25T08:17:48.544437,blofin,0.7697,0.7701,92.0,10.0
2025-07-25T08:17:48.683948,binance,0.769,0.769,0.0,0.0
2025-07-25T08:17:48.817739,bybit,0.7702,0.0,74.2,0.0
2025-07-25T08:17:48.993571,bitget,0.7699,0.7701,413.7,147.6
2025-07-25T08:17:49.054151,blofin,0.7697,0.77,247.0,8.0
2025-07-25T08:17:49.137728,bitget,0.77,0.7701,80.6,147.6
2025-07-25T08:17:49.140397,bitmart,0.7677,0.7711,348.0,428.0
2025-07-25T08:17:49.247331,bingx,0.769,0.77,5132.789,0.411
2025-07-25T08:17:49.287907,bitget,0.7699,0.7701,413.7,147.6
2025-07-25T08:17:49.441683,bitget,0.7699,0.7701,494.3,147.6
2025-07-25T08:17:49.520020,bybit,0.0,0.7705,0.0,210.5
2025-07-25T08:17:49.551316,blofin,0.7697,0.77,247.0,8.0
2025-07-25T08:17:49.683823,binance,0.769,0.769,0.0,0.0
2025-07-25T08:17:49.888025,bitget,0.7699,0.7701,494.3,147.6
2025-07-25T08:17:49.918410,bybit,0.7702,0.7704,34.2,145.9
2025-07-25T08:17:50.018423,bybit,0.7702,0.7703,1.0,40.0
2025-07-25T08:17:50.036071,blofin,0.7697,0.77,247.0,8.0
2025-07-25T08:17:50.038510,bitget,0.7699,0.77,413.7,80.6
2025-07-25T08:17:50.102610,okx,0.7702,0.7709,11.061975,11.082822
2025-07-25T08:17:50.103185,mexc,0.7699,0.77,6742160.0,6742160.0
2025-07-25T08:17:50.123447,bitmart,0.7677,0.7711,348.0,428.0
2025-07-25T08:17:50.158623,bingx,0.769,0.77,5132.789,0.411
2025-07-25T08:17:50.188972,bitget,0.7698,0.77,1267.1,80.6
2025-07-25T08:17:50.219152,bybit,0.77,0.7701,9.0,40.0
2025-07-25T08:17:50.307248,okx,0.7701,0.7708,11.061975,61.082822
2025-07-25T08:17:50.318872,bybit,0.0,0.0,0.0,0.0
2025-07-25T08:17:50.338691,bitget,0.7697,0.7699,493.1,71.1
2025-07-25T08:17:50.392421,gateio,0.7695,0.771,100.0,778.0
2025-07-25T08:17:50.418345,bybit,0.7698,0.0,40.0,0.0
2025-07-25T08:17:50.444565,gateio,0.7695,0.771,100.0,1167.0
2025-07-25T08:17:50.449039,okx,0.7701,0.7707,11.061975,11.082822
2025-07-25T08:17:50.488655,bitget,0.7695,0.7698,485.8,218.5
2025-07-25T08:17:50.549576,blofin,0.7697,0.7701,248.0,10.0
2025-07-25T08:17:50.570701,gateio,0.7695,0.7709,100.0,350.0
2025-07-25T08:17:50.638645,bitget,0.7695,0.7698,485.8,218.5
2025-07-25T08:17:50.683930,binance,0.769,0.769,0.0,0.0
2025-07-25T08:17:50.754275,bingx,0.769,0.77,459.455,0.411
2025-07-25T08:17:50.790857,bitget,0.7695,0.7698,485.8,218.5
2025-07-25T08:17:50.948620,bitget,0.7695,0.7698,485.8,137.9
2025-07-25T08:17:51.018279,bybit,0.7698,0.0,46.5,0.0
2025-07-25T08:17:51.039747,blofin,0.7697,0.77,5.0,10.0
2025-07-25T08:17:51.054336,bingx,0.768,0.77,589.409,3206.39
2025-07-25T08:17:51.064900,gateio,0.7695,0.7709,100.0,65.0
2025-07-25T08:17:51.085801,bitmart,0.767,0.7711,348.0,428.0
2025-07-25T08:17:51.097283,bitget,0.7696,0.7698,1267.1,187.2
2025-07-25T08:17:51.118076,bybit,0.0,0.77,0.0,142.8
2025-07-25T08:17:51.203424,gateio,0.7695,0.7709,100.0,454.0
2025-07-25T08:17:51.239351,bitget,0.7696,0.7698,1267.1,187.2
2025-07-25T08:17:51.318844,bybit,0.0,0.7701,0.0,40.0
2025-07-25T08:17:51.539005,bitget,0.7696,0.7698,1267.1,106.6
2025-07-25T08:17:51.540169,blofin,0.7694,0.77,8.0,102.0
2025-07-25T08:17:51.726481,gateio,0.7695,0.7709,100.0,908.0
2025-07-25T08:17:51.746268,gateio,0.7695,0.7708,100.0,272.0
2025-07-25T08:17:51.955475,bingx,0.768,0.77,589.409,3206.39
2025-07-25T08:17:51.989287,bitget,0.7696,0.7698,1267.1,187.2
2025-07-25T08:17:52.055987,blofin,0.7694,0.77,4.0,76.0
2025-07-25T08:17:52.079954,bitmart,0.7671,0.7711,70.0,428.0
2025-07-25T08:17:52.418759,bybit,0.0,0.0,0.0,0.0
2025-07-25T08:17:52.503571,mexc,0.7699,0.77,6742160.0,6742160.0
2025-07-25T08:17:52.543169,blofin,0.7694,0.77,4.0,76.0
2025-07-25T08:17:52.589980,bitget,0.7696,0.7698,1267.1,106.6
2025-07-25T08:17:52.857393,bingx,0.768,0.77,589.409,3206.39
2025-07-25T08:17:53.051933,blofin,0.7694,0.77,4.0,76.0
2025-07-25T08:17:53.129690,bitmart,0.7671,0.7711,80.0,428.0
2025-07-25T08:17:53.273838,gateio,0.7695,0.7708,735.0,272.0
2025-07-25T08:17:53.318482,bybit,0.7701,0.7703,33.2,66.2
2025-07-25T08:17:53.334458,gateio,0.7695,0.7708,735.0,661.0
2025-07-25T08:17:53.490300,bitget,0.7698,0.77,106.6,228.3
2025-07-25T08:17:53.496857,okx,0.7702,0.7709,11.082822,11.082822
2025-07-25T08:17:53.544537,blofin,0.7694,0.77,5.0,102.0
2025-07-25T08:17:53.640417,bitget,0.7698,0.77,106.6,228.3
2025-07-25T08:17:53.683896,binance,0.769,0.769,0.0,0.0
2025-07-25T08:17:53.762029,bingx,0.769,0.77,459.455,0.411
2025-07-25T08:17:54.023766,blofin,0.7694,0.77,93.0,2.0
2025-07-25T08:17:54.091307,bitget,0.7698,0.77,106.6,228.3
2025-07-25T08:17:54.118013,bybit,0.0,0.7703,0.0,40.0
2025-07-25T08:17:54.118241,bitmart,0.7676,0.7711,428.0,428.0
2025-07-25T08:17:54.530822,blofin,0.7695,0.77,88.0,85.0
2025-07-25T08:17:54.665131,bingx,0.769,0.77,459.455,0.411
2025-07-25T08:17:54.683830,binance,0.769,0.769,0.0,0.0
2025-07-25T08:17:54.893726,mexc,0.7697,0.7699,6742160.0,6742160.0
2025-07-25T08:17:55.044657,blofin,0.7695,0.77,90.0,83.0
2025-07-25T08:17:55.095886,bitmart,0.7676,0.7711,428.0,428.0
2025-07-25T08:17:55.291406,bitget,0.7698,0.77,106.6,228.3
2025-07-25T08:17:55.540556,blofin,0.7695,0.77,90.0,83.0
2025-07-25T08:17:55.573352,bingx,0.769,0.77,459.455,0.411
2025-07-25T08:17:55.591358,bitget,0.7698,0.77,106.6,228.3
2025-07-25T08:17:55.684393,binance,0.769,0.769,0.0,0.0
2025-07-25T08:17:56.055203,blofin,0.7695,0.7701,93.0,87.0
2025-07-25T08:17:56.079776,bitmart,0.7676,0.7711,428.0,428.0
2025-07-25T08:17:56.469945,bingx,0.769,0.77,459.455,0.411
2025-07-25T08:17:56.537448,blofin,0.7695,0.7701,93.0,112.0
2025-07-25T08:17:56.633603,gateio,0.7695,0.7708,735.0,778.0
2025-07-25T08:17:56.684244,binance,0.769,0.769,0.0,0.0
2025-07-25T08:17:56.698661,okx,0.7703,0.7709,11.102474,11.082822
2025-07-25T08:17:56.719161,bybit,0.7702,0.0,33.2,0.0
2025-07-25T08:17:56.796577,bitget,0.7698,0.77,1454.8,147.7
2025-07-25T08:17:57.039357,blofin,0.7695,0.7701,92.0,112.0
2025-07-25T08:17:57.092460,bitget,0.7698,0.77,1454.8,147.7
2025-07-25T08:17:57.119136,bitmart,0.7676,0.7711,428.0,428.0
2025-07-25T08:17:57.218132,bybit,0.0,0.7704,0.0,145.9
2025-07-25T08:17:57.243041,bitget,0.7699,0.7701,81.1,147.7
2025-07-25T08:17:57.263162,mexc,0.7697,0.7699,6742160.0,6742160.0
2025-07-25T08:17:57.377724,bingx,0.769,0.77,459.455,0.411
2025-07-25T08:17:57.396619,bitget,0.7699,0.7701,517.5,147.7
2025-07-25T08:17:57.539761,blofin,0.7695,0.77,41.0,12.0
2025-07-25T08:17:57.542806,bitget,0.7699,0.7701,436.4,228.8
2025-07-25T08:17:57.683895,binance,0.769,0.769,0.0,0.0
2025-07-25T08:17:57.709762,bitget,0.7699,0.77,436.4,81.1
2025-07-25T08:17:57.720042,bybit,0.0,0.7703,0.0,40.0
2025-07-25T08:17:57.818163,bybit,0.7698,0.7702,342.3,142.8
2025-07-25T08:17:57.844056,bitget,0.7698,0.77,1373.7,81.1
2025-07-25T08:17:57.918705,bybit,0.77,0.7703,67.9,40.0
2025-07-25T08:17:57.980360,bingx,0.768,0.77,589.409,3076.52
2025-07-25T08:17:57.993230,bitget,0.7698,0.7699,106.6,71.1
2025-07-25T08:17:58.018285,bybit,0.7701,0.0,33.2,0.0
2025-07-25T08:17:58.051884,blofin,0.7695,0.77,41.0,12.0
2025-07-25T08:17:58.056355,gateio,0.7695,0.7707,735.0,1304.0
2025-07-25T08:17:58.119316,bybit,0.0,0.7702,0.0,207.8
2025-07-25T08:17:58.127236,bitmart,0.7676,0.7711,428.0,428.0
2025-07-25T08:17:58.144269,bitget,0.7698,0.7699,1373.7,71.1
2025-07-25T08:17:58.297769,bitget,0.7698,0.7699,1267.1,71.1
2025-07-25T08:17:58.419017,bybit,0.7698,0.0,411.1,0.0
2025-07-25T08:17:58.451268,bitget,0.7698,0.7699,1267.1,152.2
2025-07-25T08:17:58.527041,bybit,0.7699,0.7701,33.2,40.0
2025-07-25T08:17:58.568082,blofin,0.7695,0.77,254.0,13.0
2025-07-25T08:17:58.582572,bingx,0.768,0.77,589.409,3076.52
2025-07-25T08:17:58.594191,bitget,0.7697,0.7699,380.1,152.2
2025-07-25T08:17:58.684535,binance,0.769,0.769,0.0,0.0
2025-07-25T08:17:58.746047,bitget,0.7697,0.7699,380.1,152.2
2025-07-25T08:17:58.896508,bitget,0.7697,0.7698,380.1,81.1
2025-07-25T08:17:59.042911,bitget,0.7697,0.7698,13.0,81.1
2025-07-25T08:17:59.050696,gateio,0.7695,0.7707,100.0,1304.0
2025-07-25T08:17:59.076030,blofin,0.7694,0.77,40.0,4.0
2025-07-25T08:17:59.092629,gateio,0.7695,0.7707,100.0,1693.0
2025-07-25T08:17:59.098450,bitmart,0.7676,0.7711,428.0,428.0
2025-07-25T08:17:59.118011,bybit,0.7696,0.77,40.0,142.8
2025-07-25T08:17:59.157257,gateio,0.7695,0.7707,100.0,1796.0
2025-07-25T08:17:59.157309,okx,0.7701,0.7707,11.061975,61.102474
2025-07-25T08:17:59.166385,gateio,0.7691,0.7706,100.0,391.0
2025-07-25T08:17:59.195431,bitget,0.7696,0.7698,318.9,112.4
2025-07-25T08:17:59.196545,gateio,0.7691,0.7707,100.0,389.0
2025-07-25T08:17:59.218630,bybit,0.0,0.7699,0.0,40.0
2025-07-25T08:17:59.255759,okx,0.7699,0.7706,11.019916,11.102474
2025-07-25T08:17:59.321494,bybit,0.7698,0.7701,33.2,40.0
2025-07-25T08:17:59.344054,bitget,0.7695,0.7699,404.5,152.2
2025-07-25T08:17:59.372038,okx,0.7699,0.7706,11.019916,61.102474
2025-07-25T08:17:59.478989,bingx,0.768,0.77,589.409,3076.52
2025-07-25T08:17:59.487487,okx,0.77,0.7706,83.561062,11.102474
2025-07-25T08:17:59.498737,bitget,0.7695,0.7699,31.3,152.2
2025-07-25T08:17:59.538082,blofin,0.7694,0.7701,659.0,112.0
2025-07-25T08:17:59.613161,mexc,0.77,0.7702,6742160.0,6742160.0
2025-07-25T08:17:59.641863,okx,0.7701,0.7707,89.369561,11.102474
2025-07-25T08:17:59.645033,bitget,0.7695,0.7698,457.9,81.1
2025-07-25T08:17:59.684308,binance,0.769,0.769,0.0,0.0
2025-07-25T08:17:59.718093,bybit,0.0,0.77,0.0,142.8
2025-07-25T08:17:59.793892,bitget,0.7695,0.7698,457.9,81.1
2025-07-25T08:17:59.944995,bitget,0.7696,0.7698,81.1,81.1
2025-07-25T08:18:00.045711,blofin,0.7694,0.7698,12.0,79.0
2025-07-25T08:18:00.083823,bitmart,0.767,0.7711,348.0,428.0
2025-07-25T08:18:00.100271,bitget,0.7695,0.7698,457.9,81.1
2025-07-25T08:18:00.108357,okx,0.7701,0.7707,89.369561,11.102474
2025-07-25T08:18:00.255356,gateio,0.7691,0.7707,490.0,389.0
2025-07-25T08:18:00.322172,bybit,0.77,0.7701,33.2,40.0
2025-07-25T08:18:00.374267,okx,0.7702,0.7708,85.00416,61.104635
2025-07-25T08:18:00.388846,bingx,0.768,0.77,589.409,3076.52
2025-07-25T08:18:00.402049,bitget,0.7696,0.77,1348.2,228.9
2025-07-25T08:18:00.418128,bybit,0.77,0.0,73.2,0.0
2025-07-25T08:18:00.493169,okx,0.7702,0.7708,85.00416,11.104635
2025-07-25T08:18:00.544999,bitget,0.7697,0.7699,404.5,147.8
2025-07-25T08:18:00.591936,blofin,0.7694,0.7698,12.0,79.0
2025-07-25T08:18:00.617997,bybit,0.0,0.7702,0.0,142.8
2025-07-25T08:18:00.684419,binance,0.769,0.769,0.0,0.0
2025-07-25T08:18:00.687936,bingx,0.768,0.77,12536.189,356.54
2025-07-25T08:18:00.702338,bitget,0.7697,0.7699,404.5,147.8
2025-07-25T08:18:00.846063,bitget,0.7697,0.7699,404.5,147.8
2025-07-25T08:18:00.997548,bitget,0.7697,0.7699,404.5,147.8
2025-07-25T08:18:01.066588,blofin,0.7694,0.7699,104.0,74.0
2025-07-25T08:18:01.126743,bitmart,0.7672,0.7711,29.0,428.0
2025-07-25T08:18:01.446460,bitget,0.7697,0.7699,404.5,147.8
2025-07-25T08:18:01.517923,bybit,0.7698,0.7701,40.0,40.0
2025-07-25T08:18:01.538727,blofin,0.7694,0.7697,383.0,1.0
2025-07-25T08:18:01.570100,okx,0.7702,0.7707,85.00416,11.090671
2025-07-25T08:18:01.573297,gateio,0.7691,0.7707,490.0,778.0
2025-07-25T08:18:01.592729,bingx,0.768,0.77,12536.189,356.54
2025-07-25T08:18:01.600066,bitget,0.7697,0.7699,404.5,228.9
2025-07-25T08:18:01.684261,binance,0.769,0.769,0.0,0.0
2025-07-25T08:18:01.718439,bybit,0.7699,0.7702,33.2,142.8
2025-07-25T08:18:01.747541,bitget,0.7695,0.7699,749.9,228.9
2025-07-25T08:18:01.895824,bitget,0.7696,0.7698,1460.1,71.1
2025-07-25T08:18:01.923192,bybit,0.7701,0.7703,33.2,40.0
2025-07-25T08:18:02.019979,okx,0.7703,0.7709,66.208353,11.076295
2025-07-25T08:18:02.049501,bitget,0.7697,0.77,81.1,147.8
2025-07-25T08:18:02.062848,mexc,0.7696,0.7698,6742160.0,6742160.0
2025-07-25T08:18:02.072723,blofin,0.7694,0.7697,380.0,1.0
2025-07-25T08:18:02.097030,bitmart,0.7671,0.7711,97.0,428.0
2025-07-25T08:18:02.191857,bingx,0.769,0.77,12406.235,0.411
2025-07-25T08:18:02.206344,bitget,0.7698,0.77,1348.2,147.8
2025-07-25T08:18:02.220670,gateio,0.7691,0.7707,880.0,778.0
2025-07-25T08:18:02.240212,gateio,0.7692,0.7707,364.0,778.0
2025-07-25T08:18:02.318755,bybit,0.0,0.7702,0.0,140.6
2025-07-25T08:18:02.355010,bitget,0.7697,0.7699,519.1,71.1
2025-07-25T08:18:02.372920,okx,0.7703,0.7708,66.208353,11.101161
2025-07-25T08:18:02.409077,gateio,0.7693,0.7707,100.0,778.0
2025-07-25T08:18:02.500652,bitget,0.7697,0.7698,438.0,71.1
2025-07-25T08:18:02.551134,blofin,0.7694,0.7697,380.0,1.0
2025-07-25T08:18:02.647253,bitget,0.7696,0.7697,1674.9,106.6
2025-07-25T08:18:02.683706,binance,0.769,0.769,0.0,0.0
2025-07-25T08:18:02.799831,bingx,0.768,0.77,12536.189,356.54
2025-07-25T08:18:02.802539,bitget,0.7696,0.7697,1491.4,106.6
2025-07-25T08:18:02.945748,bitget,0.7696,0.7697,1491.4,106.6
2025-07-25T08:18:03.058374,bitmart,0.7671,0.7711,84.0,428.0
2025-07-25T08:18:03.068440,blofin,0.7696,0.7698,1001.0,4.0
2025-07-25T08:18:03.097312,bitget,0.7697,0.7698,106.6,147.8
2025-07-25T08:18:03.247409,bitget,0.7697,0.7698,187.7,147.8
2025-07-25T08:18:03.546217,bitget,0.7697,0.7698,106.6,147.8
2025-07-25T08:18:03.556833,blofin,0.7696,0.7698,389.0,4.0
2025-07-25T08:18:03.684053,binance,0.769,0.769,0.0,0.0
2025-07-25T08:18:03.697888,bingx,0.768,0.77,12536.189,356.54
2025-07-25T08:18:03.742930,okx,0.7701,0.7708,11.11168,11.101161
2025-07-25T08:18:03.852226,bitget,0.7697,0.7698,106.6,147.8
2025-07-25T08:18:03.920901,bybit,0.7698,0.0,40.0,0.0
2025-07-25T08:18:04.000545,bitget,0.7697,0.7698,106.6,228.9
2025-07-25T08:18:04.017810,bybit,0.77,0.0,33.2,0.0
2025-07-25T08:18:04.080177,blofin,0.7696,0.77,2.0,17.0
2025-07-25T08:18:04.084888,bitmart,0.7671,0.7711,84.0,428.0
2025-07-25T08:18:04.296700,bitget,0.7697,0.7698,106.6,147.8
2025-07-25T08:18:04.464283,mexc,0.7696,0.7698,6742160.0,6742160.0
2025-07-25T08:18:04.517926,bybit,0.77,0.0,73.2,0.0
2025-07-25T08:18:04.558522,blofin,0.7696,0.77,2.0,17.0
2025-07-25T08:18:04.598117,bitget,0.7697,0.7698,106.6,147.8
2025-07-25T08:18:04.604537,bingx,0.768,0.77,12536.189,356.54
2025-07-25T08:18:04.683893,binance,0.769,0.769,0.0,0.0
2025-07-25T08:18:04.748478,bitget,0.7697,0.7698,106.6,147.8
2025-07-25T08:18:04.924715,gateio,0.7693,0.7706,100.0,2916.0
2025-07-25T08:18:05.046068,blofin,0.7694,0.77,688.0,17.0
2025-07-25T08:18:05.047421,bitget,0.7697,0.7698,106.6,147.8
2025-07-25T08:18:05.080423,bitmart,0.7671,0.7711,25.0,428.0
2025-07-25T08:18:05.294523,gateio,0.7693,0.7706,100.0,3305.0
2025-07-25T08:18:05.497827,bitget,0.7697,0.7698,188.1,147.8
2025-07-25T08:18:05.507256,bingx,0.768,0.77,12536.189,356.54
2025-07-25T08:18:05.565161,blofin,0.7694,0.77,684.0,19.0
2025-07-25T08:18:05.572108,gateio,0.7693,0.7706,100.0,3694.0
2025-07-25T08:18:05.651655,bitget,0.7697,0.7698,106.6,147.8
2025-07-25T08:18:05.798547,bitget,0.7697,0.7698,106.6,147.8
2025-07-25T08:18:05.818257,bybit,0.0,0.7703,0.0,40.0
2025-07-25T08:18:05.917922,bybit,0.0,0.7701,0.0,65.0
2025-07-25T08:18:05.948301,bitget,0.7698,0.7699,147.8,147.8
2025-07-25T08:18:06.067350,blofin,0.7694,0.77,684.0,19.0
2025-07-25T08:18:06.098109,bitget,0.7698,0.7699,147.8,147.8
2025-07-25T08:18:06.106663,okx,0.7702,0.7708,98.792553,11.101161
2025-07-25T08:18:06.126719,bitmart,0.7671,0.7711,84.0,428.0
2025-07-25T08:18:06.401922,bitget,0.7698,0.7699,229.3,147.8
2025-07-25T08:18:06.449160,bingx,0.769,0.77,12406.235,0.411
2025-07-25T08:18:06.532386,gateio,0.7693,0.7706,489.0,3694.0
2025-07-25T08:18:06.563199,blofin,0.7694,0.77,133.0,17.0
2025-07-25T08:18:06.684175,binance,0.769,0.769,0.0,0.0
2025-07-25T08:18:06.832050,mexc,0.7699,0.77,6742160.0,6742160.0
2025-07-25T08:18:07.048451,blofin,0.7696,0.7699,131.0,12.0
2025-07-25T08:18:07.091187,bitmart,0.7678,0.7711,428.0,428.0
2025-07-25T08:18:07.149094,bitget,0.7699,0.77,147.8,147.9
2025-07-25T08:18:07.298987,bitget,0.7699,0.77,229.3,147.9
2025-07-25T08:18:07.307268,gateio,0.7693,0.7706,489.0,778.0
2025-07-25T08:18:07.308664,bingx,0.769,0.77,12406.235,0.411
2025-07-25T08:18:07.318061,bybit,0.7701,0.7704,67.9,172.1
2025-07-25T08:18:07.320426,gateio,0.7694,0.7706,389.0,778.0
2025-07-25T08:18:07.338164,gateio,0.7695,0.7706,100.0,778.0
2025-07-25T08:18:07.418373,bybit,0.7702,0.7704,107.9,145.9
2025-07-25T08:18:07.450556,bitget,0.77,0.7701,147.9,147.9
2025-07-25T08:18:07.452340,okx,0.7704,0.7711,85.010701,1.062346
2025-07-25T08:18:07.544221,blofin,0.7696,0.77,156.0,17.0
2025-07-25T08:18:07.598764,bitget,0.77,0.7701,147.9,147.9
2025-07-25T08:18:07.613724,bingx,0.769,0.77,12406.319,0.411
2025-07-25T08:18:07.665925,gateio,0.7695,0.7706,735.0,778.0
2025-07-25T08:18:07.683745,binance,0.769,0.769,0.0,0.0
2025-07-25T08:18:07.748917,bitget,0.77,0.7701,147.9,229.4
2025-07-25T08:18:07.899693,bitget,0.77,0.7701,147.9,229.4
2025-07-25T08:18:07.921714,bybit,0.77,0.7703,40.0,40.0
2025-07-25T08:18:08.042230,gateio,0.7695,0.7706,100.0,778.0
2025-07-25T08:18:08.049442,bitget,0.7699,0.7701,597.5,229.4
2025-07-25T08:18:08.056177,okx,0.7704,0.771,85.010701,11.097559
2025-07-25T08:18:08.067453,blofin,0.7696,0.77,156.0,17.0
2025-07-25T08:18:08.117974,bybit,0.0,0.7702,0.0,140.6
2025-07-25T08:18:08.130878,bitmart,0.7678,0.7711,428.0,428.0
2025-07-25T08:18:08.166162,okx,0.7704,0.7709,85.010701,11.161835
2025-07-25T08:18:08.199571,bitget,0.7698,0.77,147.8,81.5
2025-07-25T08:18:08.219901,bybit,0.0,0.7701,0.0,65.0
2025-07-25T08:18:08.349688,bitget,0.7698,0.77,147.8,81.5
2025-07-25T08:18:08.499808,bitget,0.7698,0.77,147.8,81.5
2025-07-25T08:18:08.512158,bingx,0.768,0.77,12536.189,486.41
2025-07-25T08:18:08.550573,blofin,0.7697,0.77,444.0,17.0
2025-07-25T08:18:08.649354,bitget,0.7698,0.77,147.8,81.5
2025-07-25T08:18:08.684209,binance,0.769,0.769,0.0,0.0
2025-07-25T08:18:08.802206,bitget,0.7698,0.77,147.8,81.5
2025-07-25T08:18:08.950671,bitget,0.7697,0.77,520.6,81.5
2025-07-25T08:18:08.996972,okx,0.7704,0.7708,1e-06,11.164732
2025-07-25T08:18:09.018270,bybit,0.7698,0.7701,40.0,105.0
2025-07-25T08:18:09.060313,blofin,0.7697,0.77,444.0,17.0
2025-07-25T08:18:09.092214,okx,0.7704,0.7707,1e-06,11.164732
2025-07-25T08:18:09.099640,bitget,0.7697,0.77,551.9,81.5
2025-07-25T08:18:09.116167,bingx,0.768,0.77,12536.189,486.41
2025-07-25T08:18:09.137989,bitmart,0.7678,0.7711,428.0,428.0
2025-07-25T08:18:09.213818,mexc,0.7699,0.77,6742160.0,6742160.0
2025-07-25T08:18:09.246385,okx,0.77,0.7707,11.176703,11.164732
2025-07-25T08:18:09.254882,bitget,0.7697,0.77,551.9,81.5
2025-07-25T08:18:09.400129,bitget,0.7697,0.77,551.9,81.5
2025-07-25T08:18:09.418433,bybit,0.0,0.77,0.0,140.6
2025-07-25T08:18:09.520368,bybit,0.0,0.0,0.0,0.0
2025-07-25T08:18:09.550035,blofin,0.7697,0.77,44.0,17.0
2025-07-25T08:18:09.552979,bitget,0.7697,0.77,520.6,181.6
2025-07-25T08:18:09.621103,bybit,0.0,0.7701,0.0,105.0
2025-07-25T08:18:09.684000,binance,0.769,0.769,0.0,0.0
2025-07-25T08:18:09.700105,bitget,0.7697,0.7699,520.6,81.5
2025-07-25T08:18:09.850722,bitget,0.7697,0.7698,520.6,71.1
2025-07-25T08:18:10.001053,bitget,0.7697,0.7698,106.6,71.1
2025-07-25T08:18:10.041853,bingx,0.768,0.77,12536.189,486.41
2025-07-25T08:18:10.057381,blofin,0.7694,0.77,136.0,17.0
2025-07-25T08:18:10.090638,bitmart,0.7678,0.7711,428.0,428.0
2025-07-25T08:18:10.159744,bitget,0.7697,0.7698,106.6,71.1
2025-07-25T08:18:10.303307,bitget,0.7697,0.7698,188.1,71.1
2025-07-25T08:18:10.560055,blofin,0.7694,0.77,115.0,123.0
2025-07-25T08:18:10.601531,bitget,0.7697,0.7698,106.6,71.1
2025-07-25T08:18:10.950181,bingx,0.768,0.77,12536.189,486.41
2025-07-25T08:18:11.044858,blofin,0.7694,0.7699,117.0,91.0
2025-07-25T08:18:11.054543,bitget,0.7697,0.7698,106.6,71.1
2025-07-25T08:18:11.088272,bitmart,0.7678,0.7711,428.0,428.0
2025-07-25T08:18:11.317852,bybit,0.0,0.77,0.0,142.2
