timestamp,exchange,bid,ask,bid_vol,ask_vol
2025-07-25T08:16:26.144835,bybit,0.005594,0.005598,113330.0,171730.0
2025-07-25T08:16:26.144857,bybit,0.005594,0.005598,97590.0,173780.0
2025-07-25T08:16:26.144878,bybit,0.005594,0.005598,113330.0,171730.0
2025-07-25T08:16:26.144897,bybit,0.005594,0.0,116650.0,0.0
2025-07-25T08:16:26.144916,bybit,0.005594,0.0,100910.0,0.0
2025-07-25T08:16:26.144935,bybit,0.005594,0.0,97590.0,0.0
2025-07-25T08:16:26.228604,bybit,0.005594,0.0,100910.0,0.0
2025-07-25T08:16:26.292548,bybit,0.005594,0.0,97590.0,0.0
2025-07-25T08:16:26.566108,bybit,0.005594,0.0,100910.0,0.0
2025-07-25T08:16:26.682671,bitget,0.005594,0.0056,255.0,13009.0
2025-07-25T08:16:26.910209,bitget,0.005594,0.0056,255.0,13009.0
2025-07-25T08:16:26.966802,bybit,0.005594,0.0,116650.0,0.0
2025-07-25T08:16:27.061716,bitget,0.005594,0.0056,255.0,13009.0
2025-07-25T08:16:27.066410,bybit,0.005594,0.0,100910.0,0.0
2025-07-25T08:16:27.166142,bybit,0.005594,0.005597,97590.0,8340.0
2025-07-25T08:16:27.268243,bybit,0.005594,0.005598,52900.0,173780.0
2025-07-25T08:16:27.359981,bitget,0.005594,0.0056,255.0,13009.0
2025-07-25T08:16:27.366392,bybit,0.005594,0.005598,60080.0,171730.0
2025-07-25T08:16:27.466854,bybit,0.0,0.005598,0.0,173780.0
2025-07-25T08:16:27.522532,bitget,0.005594,0.0056,255.0,13009.0
2025-07-25T08:16:27.626808,bitmart,0.00558,0.00563,6601.0,13662.0
2025-07-25T08:16:27.660635,bitget,0.005594,0.0056,255.0,13009.0
2025-07-25T08:16:27.669252,bybit,0.005594,0.005598,116650.0,171730.0
2025-07-25T08:16:27.677066,bingx,0.00538,0.00587,2081.0,2708.0
2025-07-25T08:16:27.766909,bybit,0.005594,0.005598,97590.0,173780.0
2025-07-25T08:16:27.812747,bitget,0.005594,0.0056,255.0,13009.0
2025-07-25T08:16:27.960852,bitget,0.005594,0.0056,255.0,13009.0
2025-07-25T08:16:27.966441,bybit,0.0,0.005598,0.0,171730.0
2025-07-25T08:16:28.014521,lbank,0.005569,0.005593,79927.0,91563.0
2025-07-25T08:16:28.163483,lbank,0.005569,0.005593,79927.0,91563.0
2025-07-25T08:16:28.366142,bybit,0.0,0.005598,0.0,173780.0
2025-07-25T08:16:28.411517,bitget,0.005594,0.0056,255.0,13009.0
2025-07-25T08:16:28.454382,gateio,0.005595,0.005604,6.0,349.0
2025-07-25T08:16:28.454405,gateio,0.005595,0.005603,6.0,2.0
2025-07-25T08:16:28.454451,gateio,0.005595,0.005603,355.0,2.0
2025-07-25T08:16:28.466776,bybit,0.005594,0.0,52900.0,0.0
2025-07-25T08:16:28.561499,bitget,0.005594,0.0056,255.0,13009.0
2025-07-25T08:16:28.579076,bingx,0.00538,0.00587,2081.0,2708.0
2025-07-25T08:16:28.596650,blofin,0.005601,0.005605,5.0,1337.0
2025-07-25T08:16:28.597095,blofin,0.005601,0.005605,5.0,1337.0
2025-07-25T08:16:28.628901,bitmart,0.00558,0.00563,6601.0,13662.0
2025-07-25T08:16:28.663139,lbank,0.005569,0.005593,79927.0,91563.0
2025-07-25T08:16:28.713432,bitget,0.005594,0.0056,255.0,20172.0
2025-07-25T08:16:28.716618,gateio,0.005599,0.005603,1049.0,2.0
2025-07-25T08:16:28.766702,gateio,0.005595,0.005603,355.0,133.0
2025-07-25T08:16:28.797458,gateio,0.005595,0.005603,355.0,131.0
2025-07-25T08:16:28.823007,gateio,0.005595,0.005602,355.0,2.0
2025-07-25T08:16:28.866619,bybit,0.005594,0.0,18050.0,0.0
2025-07-25T08:16:28.951922,mexc,0.0056,0.00561,1016530.0,1016530.0
2025-07-25T08:16:28.993092,gateio,0.005595,0.0056,6.0,349.0
2025-07-25T08:16:29.004915,gateio,0.005595,0.0056,6.0,480.0
2025-07-25T08:16:29.011909,bitget,0.005594,0.0056,255.0,20172.0
2025-07-25T08:16:29.077679,blofin,0.005601,0.005605,224.0,786.0
2025-07-25T08:16:29.161954,bitget,0.005594,0.0056,255.0,20172.0
2025-07-25T08:16:29.168550,lbank,0.005569,0.005593,79927.0,91563.0
2025-07-25T08:16:29.197425,gateio,0.005595,0.005599,6.0,2.0
2025-07-25T08:16:29.266277,bybit,0.0,0.0,0.0,0.0
2025-07-25T08:16:29.313137,bitget,0.005594,0.0056,255.0,20172.0
2025-07-25T08:16:29.478530,bingx,0.00538,0.00587,2081.0,2708.0
2025-07-25T08:16:29.551294,blofin,0.005601,0.005605,224.0,786.0
2025-07-25T08:16:29.566234,bybit,0.005594,0.005598,54090.0,171730.0
2025-07-25T08:16:29.611944,bitget,0.005594,0.0056,255.0,20172.0
2025-07-25T08:16:29.640765,bitmart,0.00558,0.00563,6601.0,13662.0
2025-07-25T08:16:29.663628,lbank,0.005569,0.005593,79927.0,91563.0
2025-07-25T08:16:29.666154,bybit,0.005594,0.005598,35030.0,173780.0
2025-07-25T08:16:29.761669,bitget,0.005594,0.0056,255.0,13009.0
2025-07-25T08:16:29.786212,bingx,0.00538,0.00587,2081.0,2708.0
2025-07-25T08:16:29.866851,bybit,0.005594,0.005598,83040.0,171730.0
2025-07-25T08:16:29.912042,bitget,0.005594,0.0056,255.0,13009.0
2025-07-25T08:16:30.056611,blofin,0.0056,0.005603,4.0,970.0
2025-07-25T08:16:30.061818,bitget,0.005594,0.0056,255.0,13009.0
2025-07-25T08:16:30.066089,bybit,0.005594,0.005598,79720.0,175050.0
2025-07-25T08:16:30.099216,gateio,0.005595,0.005604,6.0,349.0
2025-07-25T08:16:30.199105,gateio,0.005595,0.005603,6.0,2.0
2025-07-25T08:16:30.300853,gateio,0.005595,0.005603,355.0,2.0
2025-07-25T08:16:30.530766,blofin,0.0056,0.005603,4.0,970.0
2025-07-25T08:16:30.566444,bybit,0.005594,0.005598,99590.0,171730.0
2025-07-25T08:16:30.571862,bitmart,0.00558,0.00563,6601.0,13662.0
2025-07-25T08:16:30.662646,lbank,0.005569,0.005593,79927.0,91563.0
2025-07-25T08:16:30.666128,bybit,0.005595,0.0,17870.0,0.0
2025-07-25T08:16:30.687898,bingx,0.00538,0.00587,2081.0,2708.0
2025-07-25T08:16:30.766921,bybit,0.005595,0.0,37740.0,0.0
2025-07-25T08:16:30.813106,bitget,0.005594,0.0056,255.0,13009.0
2025-07-25T08:16:30.866096,bybit,0.005595,0.0,49530.0,0.0
2025-07-25T08:16:30.963216,bitget,0.005594,0.005601,255.0,63037.0
2025-07-25T08:16:30.966568,bybit,0.005594,0.005596,42850.0,8340.0
2025-07-25T08:16:30.994842,gateio,0.005595,0.005603,6.0,2.0
2025-07-25T08:16:31.063590,blofin,0.005599,0.005603,139.0,3.0
2025-07-25T08:16:31.066294,bybit,0.0,0.0,0.0,0.0
2025-07-25T08:16:31.114098,bitget,0.005594,0.0056,255.0,11343.0
2025-07-25T08:16:31.163009,lbank,0.005569,0.005593,79927.0,91563.0
2025-07-25T08:16:31.265946,bybit,0.005595,0.005598,17870.0,171730.0
2025-07-25T08:16:31.348658,mexc,0.0056,0.00561,1016530.0,1016530.0
2025-07-25T08:16:31.412407,bitget,0.005594,0.0056,255.0,11343.0
2025-07-25T08:16:31.544101,blofin,0.005599,0.005603,139.0,3.0
2025-07-25T08:16:31.566268,bybit,0.005595,0.0,37740.0,0.0
2025-07-25T08:16:31.589173,bingx,0.00538,0.00587,2081.0,2708.0
2025-07-25T08:16:31.661512,bitmart,0.00558,0.00563,6601.0,13662.0
2025-07-25T08:16:31.663889,lbank,0.005569,0.005593,79927.0,91563.0
2025-07-25T08:16:31.666202,bybit,0.005595,0.0,48990.0,0.0
2025-07-25T08:16:31.712887,bitget,0.005594,0.0056,255.0,13343.0
2025-07-25T08:16:31.716998,gateio,0.005597,0.005603,1353.0,2.0
2025-07-25T08:16:31.751274,gateio,0.005595,0.005603,6.0,2.0
2025-07-25T08:16:31.864167,bitget,0.005594,0.0056,255.0,13343.0
2025-07-25T08:16:31.866868,bybit,0.005595,0.0,45670.0,0.0
2025-07-25T08:16:31.955226,gateio,0.005595,0.005603,355.0,2.0
2025-07-25T08:16:31.966660,bybit,0.005595,0.0,37740.0,0.0
2025-07-25T08:16:32.066261,bybit,0.0,0.005598,0.0,127660.0
2025-07-25T08:16:32.073553,blofin,0.0056,0.005603,489.0,3.0
2025-07-25T08:16:32.164818,bitget,0.005594,0.0056,270181.0,2000.0
2025-07-25T08:16:32.166065,bybit,0.005595,0.005598,44690.0,71200.0
2025-07-25T08:16:32.266961,bybit,0.005595,0.0,64560.0,0.0
2025-07-25T08:16:32.314582,bitget,0.005595,0.0056,11343.0,2000.0
2025-07-25T08:16:32.366651,bybit,0.005595,0.0,82430.0,0.0
2025-07-25T08:16:32.466577,bybit,0.005595,0.0,37740.0,0.0
2025-07-25T08:16:32.478601,bitget,0.005595,0.0056,31343.0,2000.0
2025-07-25T08:16:32.490978,bingx,0.00538,0.00587,2081.0,2708.0
2025-07-25T08:16:32.552083,blofin,0.0056,0.005603,489.0,3.0
2025-07-25T08:16:32.565233,bitmart,0.00558,0.00563,6601.0,13662.0
2025-07-25T08:16:32.663111,lbank,0.005569,0.005593,79927.0,91563.0
2025-07-25T08:16:32.668869,bybit,0.005595,0.0,82430.0,0.0
2025-07-25T08:16:32.764854,bitget,0.005595,0.0056,67529.0,2000.0
2025-07-25T08:16:32.766422,bybit,0.005595,0.0,65880.0,0.0
2025-07-25T08:16:32.790271,bingx,0.00538,0.00587,2081.0,2708.0
2025-07-25T08:16:32.866132,bybit,0.005595,0.0,82430.0,0.0
2025-07-25T08:16:33.064568,bitget,0.005595,0.0056,31343.0,2000.0
2025-07-25T08:16:33.066011,bybit,0.005595,0.0,65880.0,0.0
2025-07-25T08:16:33.066337,blofin,0.0056,0.005603,489.0,3.0
2025-07-25T08:16:33.111474,gateio,0.005595,0.005603,6.0,2.0
2025-07-25T08:16:33.136989,gateio,0.005595,0.005603,6.0,351.0
2025-07-25T08:16:33.167166,bybit,0.005595,0.005596,62560.0,8340.0
2025-07-25T08:16:33.168566,lbank,0.005569,0.005598,79927.0,82469.0
2025-07-25T08:16:33.213294,gateio,0.005595,0.005602,6.0,61.0
2025-07-25T08:16:33.213869,bitget,0.005595,0.0056,28535.0,13343.0
2025-07-25T08:16:33.245160,gateio,0.005595,0.005602,355.0,124.0
2025-07-25T08:16:33.266505,bybit,0.005594,0.005595,35030.0,15830.0
2025-07-25T08:16:33.299047,gateio,0.005595,0.005601,355.0,2.0
2025-07-25T08:16:33.315024,gateio,0.005595,0.005601,6.0,2.0
2025-07-25T08:16:33.364926,bitget,0.005594,0.0056,255.0,13343.0
2025-07-25T08:16:33.367366,bybit,0.005594,0.005595,180.0,12510.0
2025-07-25T08:16:33.466815,bybit,0.0,0.005595,0.0,15830.0
2025-07-25T08:16:33.515157,bitget,0.005594,0.0056,255.0,33343.0
2025-07-25T08:16:33.539994,blofin,0.005603,0.005605,593.0,677.0
2025-07-25T08:16:33.566306,bybit,0.005594,0.005595,44820.0,12510.0
2025-07-25T08:16:33.659093,bitmart,0.00558,0.00563,6601.0,13662.0
2025-07-25T08:16:33.663943,bitget,0.005594,0.0056,255.0,33343.0
2025-07-25T08:16:33.666901,bybit,0.005594,0.0,180.0,0.0
2025-07-25T08:16:33.668133,lbank,0.005569,0.005598,79927.0,82469.0
2025-07-25T08:16:33.695455,bingx,0.00538,0.00587,2081.0,2708.0
2025-07-25T08:16:33.755735,mexc,0.0056,0.00561,1016530.0,1016530.0
2025-07-25T08:16:33.814614,bitget,0.005594,0.0056,255.0,33343.0
2025-07-25T08:16:33.963757,bitget,0.005594,0.0056,255.0,33343.0
2025-07-25T08:16:34.013092,gateio,0.005595,0.005599,6.0,349.0
2025-07-25T08:16:34.047971,blofin,0.005603,0.005605,593.0,677.0
2025-07-25T08:16:34.097166,gateio,0.005595,0.005599,4.0,349.0
2025-07-25T08:16:34.137575,gateio,0.005592,0.005599,6.0,349.0
2025-07-25T08:16:34.161802,lbank,0.005569,0.005595,79927.0,8524.0
2025-07-25T08:16:34.194933,gateio,0.005592,0.005599,72.0,349.0
2025-07-25T08:16:34.212745,gateio,0.005592,0.005598,138.0,2.0
2025-07-25T08:16:34.252991,gateio,0.005592,0.005598,138.0,65.0
2025-07-25T08:16:34.297935,gateio,0.005592,0.005598,138.0,122.0
2025-07-25T08:16:34.313437,gateio,0.005592,0.005597,138.0,2.0
2025-07-25T08:16:34.415110,bitget,0.005594,0.0056,255.0,68276.0
2025-07-25T08:16:34.547121,gateio,0.005592,0.005598,138.0,2.0
2025-07-25T08:16:34.553428,blofin,0.005603,0.005605,1.0,784.0
2025-07-25T08:16:34.562213,bitmart,0.00558,0.005629,6601.0,72101.0
2025-07-25T08:16:34.567260,bitget,0.005594,0.0056,255.0,35715.0
2025-07-25T08:16:34.598359,bingx,0.00538,0.00587,2081.0,2708.0
2025-07-25T08:16:34.662505,lbank,0.005573,0.005593,13438.0,8524.0
2025-07-25T08:16:34.666927,bybit,0.005595,0.005596,12570.0,71200.0
2025-07-25T08:16:34.688884,gateio,0.005592,0.005598,156.0,2.0
2025-07-25T08:16:34.715152,bitget,0.005594,0.0056,255.0,497247.0
2025-07-25T08:16:34.716616,gateio,0.005594,0.005598,1079.0,2.0
2025-07-25T08:16:34.761219,gateio,0.005594,0.005598,132.0,2.0
2025-07-25T08:16:34.766005,bybit,0.005595,0.005596,22350.0,74930.0
2025-07-25T08:16:34.866875,bitget,0.005594,0.005599,255.0,652202.0
2025-07-25T08:16:35.067272,blofin,0.005603,0.005605,1.0,784.0
2025-07-25T08:16:35.097258,gateio,0.005594,0.005603,132.0,349.0
2025-07-25T08:16:35.114939,gateio,0.005594,0.005602,132.0,2.0
2025-07-25T08:16:35.169762,bitget,0.005594,0.005599,255.0,652202.0
2025-07-25T08:16:35.278007,lbank,0.005573,0.005593,13438.0,8524.0
2025-07-25T08:16:35.317177,bitget,0.005594,0.005599,255.0,652202.0
2025-07-25T08:16:35.464881,bitget,0.005594,0.005599,255.0,654202.0
2025-07-25T08:16:35.466214,bybit,0.005595,0.0,20620.0,0.0
2025-07-25T08:16:35.503673,bingx,0.00538,0.00587,2081.0,2708.0
2025-07-25T08:16:35.525032,gateio,0.005594,0.005602,66.0,2.0
2025-07-25T08:16:35.533609,blofin,0.005603,0.005605,1.0,784.0
2025-07-25T08:16:35.566042,bybit,0.005595,0.0,65260.0,0.0
2025-07-25T08:16:35.611712,gateio,0.005592,0.005602,396.0,2.0
2025-07-25T08:16:35.616591,bitget,0.005594,0.005599,255.0,654202.0
2025-07-25T08:16:35.621890,bitmart,0.00558,0.00563,6601.0,13662.0
2025-07-25T08:16:35.665496,lbank,0.005569,0.005594,80204.0,12840.0
2025-07-25T08:16:35.665917,bybit,0.005595,0.0,20620.0,0.0
2025-07-25T08:16:35.685517,gateio,0.005592,0.005602,355.0,2.0
2025-07-25T08:16:35.765615,bitget,0.005594,0.005599,255.0,654202.0
2025-07-25T08:16:35.773128,gateio,0.005592,0.005602,373.0,2.0
2025-07-25T08:16:35.798846,bingx,0.00538,0.00587,2081.0,2708.0
2025-07-25T08:16:35.966553,bybit,0.0,0.005596,0.0,74840.0
2025-07-25T08:16:36.060424,blofin,0.0056,0.005601,358.0,5.0
2025-07-25T08:16:36.066076,bybit,0.0,0.0,0.0,0.0
2025-07-25T08:16:36.069778,bitget,0.005594,0.005599,255.0,654202.0
2025-07-25T08:16:36.164376,lbank,0.005569,0.005594,80204.0,12840.0
2025-07-25T08:16:36.165169,mexc,0.0056,0.00561,1016530.0,1016530.0
2025-07-25T08:16:36.166444,bybit,0.005595,0.0,17870.0,0.0
2025-07-25T08:16:36.216328,bitget,0.005594,0.005599,255.0,654202.0
2025-07-25T08:16:36.231073,gateio,0.005592,0.005602,355.0,2.0
2025-07-25T08:16:36.365862,bitget,0.005594,0.005599,255.0,654202.0
2025-07-25T08:16:36.411030,gateio,0.005592,0.005602,373.0,2.0
2025-07-25T08:16:36.485473,gateio,0.005592,0.005602,355.0,2.0
2025-07-25T08:16:36.515937,bitget,0.005594,0.005599,255.0,654202.0
2025-07-25T08:16:36.544331,blofin,0.0056,0.005601,358.0,5.0
2025-07-25T08:16:36.590917,gateio,0.005592,0.005602,373.0,2.0
2025-07-25T08:16:36.631594,bitmart,0.00558,0.00563,6601.0,13662.0
2025-07-25T08:16:36.662314,lbank,0.005569,0.005594,80204.0,12840.0
2025-07-25T08:16:36.662726,gateio,0.005592,0.005602,355.0,2.0
2025-07-25T08:16:36.665734,bitget,0.005594,0.005599,11490.0,654202.0
2025-07-25T08:16:36.704223,bingx,0.00538,0.00587,2081.0,2708.0
2025-07-25T08:16:36.867310,bybit,0.005595,0.0,21190.0,0.0
2025-07-25T08:16:36.965843,bitget,0.005594,0.005599,11490.0,654202.0
2025-07-25T08:16:36.995367,gateio,0.005592,0.005602,373.0,2.0
2025-07-25T08:16:37.060236,blofin,0.005599,0.005604,262.0,475.0
2025-07-25T08:16:37.169034,lbank,0.005569,0.005593,80204.0,91563.0
2025-07-25T08:16:37.466181,bybit,0.005595,0.0,17870.0,0.0
2025-07-25T08:16:37.528993,gateio,0.005592,0.005602,355.0,2.0
2025-07-25T08:16:37.544210,blofin,0.005599,0.005604,262.0,475.0
2025-07-25T08:16:37.567611,bitget,0.005594,0.005599,11490.0,654202.0
2025-07-25T08:16:37.611347,bingx,0.00538,0.00587,2081.0,2708.0
2025-07-25T08:16:37.624303,bitmart,0.00558,0.00563,6601.0,13662.0
2025-07-25T08:16:37.662180,lbank,0.005569,0.005593,80204.0,91563.0
2025-07-25T08:16:37.717059,gateio,0.005597,0.005602,1274.0,2.0
2025-07-25T08:16:37.755152,gateio,0.005592,0.005602,355.0,2.0
2025-07-25T08:16:37.765976,bybit,0.005595,0.0,21190.0,0.0
2025-07-25T08:16:37.813163,gateio,0.005592,0.005602,373.0,2.0
2025-07-25T08:16:37.866727,bitget,0.005595,0.005599,11235.0,654202.0
2025-07-25T08:16:37.966245,bybit,0.005595,0.0,17870.0,0.0
2025-07-25T08:16:37.968847,gateio,0.005592,0.005602,355.0,2.0
2025-07-25T08:16:38.062751,blofin,0.005599,0.005604,262.0,475.0
2025-07-25T08:16:38.119028,gateio,0.005592,0.005602,373.0,2.0
2025-07-25T08:16:38.164392,lbank,0.005569,0.005593,80204.0,91563.0
2025-07-25T08:16:38.166468,bitget,0.005594,0.005599,11490.0,654202.0
2025-07-25T08:16:38.190951,gateio,0.005592,0.005602,355.0,2.0
2025-07-25T08:16:38.265969,bybit,0.005594,0.005595,52900.0,8340.0
2025-07-25T08:16:38.316513,bitget,0.005594,0.005599,255.0,654202.0
2025-07-25T08:16:38.468411,bitget,0.005594,0.005599,255.0,654202.0
2025-07-25T08:16:38.513547,bingx,0.00538,0.00587,2081.0,2708.0
2025-07-25T08:16:38.539561,mexc,0.0056,0.00561,1016530.0,1016530.0
2025-07-25T08:16:38.562031,bitmart,0.00558,0.00563,6601.0,13662.0
2025-07-25T08:16:38.563384,blofin,0.005599,0.005604,479.0,335.0
2025-07-25T08:16:38.567096,bybit,0.005594,0.005596,56220.0,74840.0
2025-07-25T08:16:38.612878,gateio,0.005592,0.005603,355.0,2.0
2025-07-25T08:16:38.617670,bitget,0.005594,0.005599,255.0,654202.0
2025-07-25T08:16:38.766199,bybit,0.005594,0.0,100860.0,0.0
2025-07-25T08:16:38.766697,bitget,0.005594,0.005599,27768.0,654202.0
2025-07-25T08:16:38.917961,bitget,0.005594,0.005599,27768.0,654202.0
2025-07-25T08:16:39.043480,blofin,0.005599,0.005604,479.0,335.0
2025-07-25T08:16:39.066006,bybit,0.0,0.0,0.0,0.0
2025-07-25T08:16:39.218759,bitget,0.005595,0.005599,11235.0,654202.0
2025-07-25T08:16:39.251201,gateio,0.005592,0.005603,355.0,351.0
2025-07-25T08:16:39.266247,bybit,0.005594,0.0,97540.0,0.0
2025-07-25T08:16:39.299899,gateio,0.005592,0.005603,355.0,349.0
2025-07-25T08:16:39.321206,gateio,0.005592,0.005602,355.0,2.0
2025-07-25T08:16:39.366093,bybit,0.005594,0.0,100860.0,0.0
2025-07-25T08:16:39.367685,bitget,0.005594,0.005599,27768.0,654202.0
2025-07-25T08:16:39.417900,bingx,0.00538,0.00587,2081.0,2708.0
2025-07-25T08:16:39.520042,bitget,0.005594,0.005599,27768.0,654202.0
2025-07-25T08:16:39.558152,blofin,0.005599,0.005602,30.0,370.0
2025-07-25T08:16:39.613815,bitmart,0.00558,0.00563,6601.0,13662.0
2025-07-25T08:16:39.722228,bingx,0.00538,0.00587,2081.0,2708.0
2025-07-25T08:16:39.866001,bybit,0.005594,0.0,97540.0,0.0
2025-07-25T08:16:39.966161,bybit,0.005594,0.0,100860.0,0.0
2025-07-25T08:16:39.967473,bitget,0.005594,0.005599,27768.0,654202.0
2025-07-25T08:16:40.057241,blofin,0.005599,0.005602,30.0,370.0
2025-07-25T08:16:40.066416,bybit,0.005595,0.0,2750.0,0.0
2025-07-25T08:16:40.154628,gateio,0.005592,0.005602,373.0,2.0
2025-07-25T08:16:40.166532,bybit,0.0,0.0,0.0,0.0
2025-07-25T08:16:40.228748,gateio,0.005592,0.005602,355.0,2.0
2025-07-25T08:16:40.266073,bybit,0.005595,0.0,50710.0,0.0
2025-07-25T08:16:40.307007,gateio,0.005592,0.005602,385.0,2.0
2025-07-25T08:16:40.378774,lbank,0.005572,0.005593,72183.0,91563.0
2025-07-25T08:16:40.472184,bybit,0.005595,0.0,47390.0,0.0
2025-07-25T08:16:40.540859,blofin,0.005599,0.005602,30.0,370.0
2025-07-25T08:16:40.614512,bitmart,0.00558,0.00563,6601.0,13662.0
2025-07-25T08:16:40.616098,bingx,0.00538,0.00587,2081.0,2708.0
2025-07-25T08:16:40.665958,bybit,0.005595,0.0,50710.0,0.0
2025-07-25T08:16:40.766225,bybit,0.005595,0.0,47390.0,0.0
2025-07-25T08:16:40.874763,bitget,0.005594,0.005599,27768.0,654202.0
2025-07-25T08:16:40.898221,mexc,0.0056,0.00561,1016530.0,1016530.0
2025-07-25T08:16:41.019475,bitget,0.005594,0.005599,27768.0,654202.0
2025-07-25T08:16:41.053223,blofin,0.005601,0.005605,69.0,677.0
2025-07-25T08:16:41.066488,bybit,0.005595,0.005596,44640.0,78160.0
2025-07-25T08:16:41.164869,lbank,0.005572,0.005593,72183.0,91563.0
2025-07-25T08:16:41.166756,bybit,0.005594,0.0,52900.0,0.0
2025-07-25T08:16:41.169917,bitget,0.005594,0.005599,255.0,654202.0
2025-07-25T08:16:41.229452,gateio,0.005592,0.005602,355.0,2.0
2025-07-25T08:16:41.318861,bitget,0.005594,0.005599,255.0,654202.0
2025-07-25T08:16:41.366587,bybit,0.0,0.005596,0.0,74840.0
2025-07-25T08:16:41.466518,bybit,0.0,0.005596,0.0,78160.0
2025-07-25T08:16:41.468466,bitget,0.005594,0.005599,255.0,654202.0
2025-07-25T08:16:41.521226,bingx,0.00538,0.00587,2081.0,2708.0
2025-07-25T08:16:41.553723,blofin,0.005601,0.005605,69.0,677.0
2025-07-25T08:16:41.558555,bitmart,0.00558,0.00563,6601.0,13662.0
2025-07-25T08:16:41.662433,lbank,0.005572,0.005593,72183.0,91563.0
2025-07-25T08:16:41.766228,bybit,0.005595,0.0,150.0,0.0
2025-07-25T08:16:41.809020,gateio,0.005592,0.005602,373.0,2.0
2025-07-25T08:16:41.826413,bingx,0.00538,0.00587,2081.0,2708.0
2025-07-25T08:16:41.881022,gateio,0.005592,0.005602,355.0,2.0
2025-07-25T08:16:42.061489,blofin,0.005601,0.005605,86.0,1182.0
2025-07-25T08:16:42.069075,bitget,0.005594,0.005599,255.0,654202.0
2025-07-25T08:16:42.163562,lbank,0.005572,0.005593,72183.0,91563.0
2025-07-25T08:16:42.210717,gateio,0.005592,0.005602,373.0,2.0
2025-07-25T08:16:42.218909,bitget,0.005594,0.005599,255.0,654202.0
2025-07-25T08:16:42.285158,gateio,0.005592,0.005602,355.0,2.0
2025-07-25T08:16:42.552939,blofin,0.005601,0.005605,86.0,1182.0
2025-07-25T08:16:42.567855,bybit,0.0,0.005596,0.0,74840.0
2025-07-25T08:16:42.612414,bitmart,0.00558,0.00563,6601.0,13662.0
2025-07-25T08:16:42.665508,lbank,0.005572,0.005593,72183.0,91563.0
2025-07-25T08:16:42.732602,bingx,0.00538,0.00587,2081.0,2708.0
2025-07-25T08:16:42.770973,gateio,0.005592,0.005602,373.0,2.0
2025-07-25T08:16:42.852264,gateio,0.005592,0.005602,355.0,2.0
2025-07-25T08:16:42.966199,bybit,0.005595,0.0,2900.0,0.0
2025-07-25T08:16:43.059260,blofin,0.005601,0.005604,2.0,424.0
2025-07-25T08:16:43.089130,gateio,0.005592,0.005602,373.0,2.0
2025-07-25T08:16:43.162824,gateio,0.005592,0.005602,355.0,2.0
2025-07-25T08:16:43.288805,mexc,0.0056,0.00561,1016530.0,1016530.0
2025-07-25T08:16:43.428953,gateio,0.005592,0.005602,373.0,2.0
2025-07-25T08:16:43.502620,gateio,0.005592,0.005602,355.0,2.0
2025-07-25T08:16:43.550722,blofin,0.005601,0.005604,2.0,424.0
2025-07-25T08:16:43.622025,bitmart,0.00558,0.00563,6601.0,13662.0
2025-07-25T08:16:43.632095,bingx,0.00538,0.00587,2081.0,2708.0
2025-07-25T08:16:43.664809,lbank,0.005572,0.005593,72183.0,91563.0
2025-07-25T08:16:44.055826,blofin,0.005601,0.005604,2.0,424.0
2025-07-25T08:16:44.066364,bybit,0.0,0.005596,0.0,78160.0
2025-07-25T08:16:44.113278,gateio,0.005592,0.005597,6.0,349.0
2025-07-25T08:16:44.129003,gateio,0.005592,0.005597,24.0,471.0
2025-07-25T08:16:44.164339,lbank,0.005572,0.005593,72183.0,91563.0
2025-07-25T08:16:44.166696,bybit,0.005587,0.005594,11580.0,8750.0
2025-07-25T08:16:44.171008,bitget,0.005589,0.005591,26349.0,56186.0
2025-07-25T08:16:44.196915,gateio,0.005592,0.005597,20.0,471.0
2025-07-25T08:16:44.212614,gateio,0.005589,0.005596,349.0,2.0
2025-07-25T08:16:44.256969,gateio,0.005589,0.005596,481.0,2.0
2025-07-25T08:16:44.266030,bybit,0.005587,0.005594,14900.0,80780.0
2025-07-25T08:16:44.322119,bitget,0.005586,0.005591,11515.0,651408.0
2025-07-25T08:16:44.366047,bybit,0.005588,0.005594,37760.0,79860.0
2025-07-25T08:16:44.466321,bybit,0.0,0.005594,0.0,83180.0
2025-07-25T08:16:44.470125,bitget,0.005588,0.005591,11235.0,2000.0
2025-07-25T08:16:44.528574,bingx,0.00538,0.00587,2081.0,2708.0
2025-07-25T08:16:44.560830,blofin,0.005599,0.005604,133.0,406.0
2025-07-25T08:16:44.567524,bybit,0.005588,0.005594,82400.0,89020.0
2025-07-25T08:16:44.621536,bitget,0.005588,0.005593,11235.0,651408.0
2025-07-25T08:16:44.653412,bitmart,0.00558,0.005628,6601.0,283740.0
2025-07-25T08:16:44.662365,lbank,0.005572,0.005593,72183.0,91563.0
2025-07-25T08:16:44.666425,bybit,0.0,0.005594,0.0,79860.0
2025-07-25T08:16:44.700806,gateio,0.005589,0.005596,481.0,65.0
2025-07-25T08:16:44.766219,bybit,0.005588,0.005594,62530.0,83180.0
2025-07-25T08:16:44.770654,bitget,0.005588,0.005592,11235.0,2000.0
2025-07-25T08:16:44.796828,gateio,0.005589,0.005596,481.0,122.0
2025-07-25T08:16:44.814744,gateio,0.005589,0.005595,481.0,2.0
2025-07-25T08:16:44.834159,bingx,0.00538,0.00587,2081.0,2708.0
2025-07-25T08:16:44.866553,bybit,0.0,0.005594,0.0,88900.0
2025-07-25T08:16:44.922900,bitget,0.005587,0.005592,67421.0,2000.0
2025-07-25T08:16:45.058959,blofin,0.005599,0.005604,133.0,406.0
2025-07-25T08:16:45.066858,bybit,0.005593,0.005594,2750.0,76830.0
2025-07-25T08:16:45.070851,bitget,0.005587,0.005592,67421.0,2000.0
2025-07-25T08:16:45.090857,gateio,0.005589,0.005595,499.0,2.0
2025-07-25T08:16:45.114239,gateio,0.005589,0.005599,499.0,2.0
2025-07-25T08:16:45.162876,gateio,0.005589,0.005599,481.0,2.0
2025-07-25T08:16:45.222976,bitget,0.005588,0.005592,11230.0,2000.0
2025-07-25T08:16:45.254832,gateio,0.005589,0.005599,499.0,2.0
2025-07-25T08:16:45.286666,lbank,0.005572,0.005593,72183.0,91563.0
2025-07-25T08:16:45.326885,gateio,0.005589,0.005599,481.0,2.0
2025-07-25T08:16:45.371349,bitget,0.005588,0.005592,11230.0,2000.0
2025-07-25T08:16:45.405246,gateio,0.005589,0.005599,499.0,2.0
2025-07-25T08:16:45.476939,gateio,0.005589,0.005599,481.0,2.0
2025-07-25T08:16:45.526513,bitget,0.005588,0.005595,11230.0,651234.0
2025-07-25T08:16:45.561255,blofin,0.005593,0.005599,155.0,380.0
2025-07-25T08:16:45.562824,bitmart,0.00558,0.00562,6601.0,13686.0
2025-07-25T08:16:45.568934,gateio,0.005589,0.005599,499.0,2.0
2025-07-25T08:16:45.642694,gateio,0.005589,0.005599,481.0,2.0
2025-07-25T08:16:45.669988,lbank,0.005573,0.00559,41803.0,83038.0
2025-07-25T08:16:45.671197,bitget,0.005588,0.005594,11230.0,2000.0
2025-07-25T08:16:45.671720,mexc,0.00559,0.00561,1016530.0,1016530.0
2025-07-25T08:16:45.730739,gateio,0.005589,0.005599,499.0,2.0
2025-07-25T08:16:45.732814,bingx,0.00538,0.00587,2081.0,2708.0
2025-07-25T08:16:45.852872,gateio,0.005589,0.005599,481.0,2.0
2025-07-25T08:16:45.909243,gateio,0.005589,0.005599,499.0,2.0
2025-07-25T08:16:45.971424,bitget,0.005588,0.005594,11230.0,2000.0
2025-07-25T08:16:45.981461,gateio,0.005589,0.005599,481.0,2.0
2025-07-25T08:16:46.067763,blofin,0.005593,0.005599,155.0,380.0
2025-07-25T08:16:46.162240,lbank,0.005573,0.00559,41803.0,83038.0
2025-07-25T08:16:46.231530,gateio,0.005589,0.005599,499.0,2.0
2025-07-25T08:16:46.271392,bitget,0.005588,0.005594,31230.0,2000.0
2025-07-25T08:16:46.302637,gateio,0.005589,0.005599,481.0,2.0
2025-07-25T08:16:46.389074,gateio,0.005589,0.005599,499.0,2.0
2025-07-25T08:16:46.402930,gateio,0.005589,0.005597,499.0,349.0
2025-07-25T08:16:46.421026,bitget,0.005589,0.005594,11230.0,2000.0
2025-07-25T08:16:46.465968,bybit,0.00559,0.005592,52730.0,12510.0
2025-07-25T08:16:46.468733,gateio,0.005589,0.005597,481.0,471.0
2025-07-25T08:16:46.512809,gateio,0.005589,0.005596,481.0,2.0
2025-07-25T08:16:46.553241,blofin,0.005595,0.005598,507.0,100.0
2025-07-25T08:16:46.567095,bybit,0.0,0.0,0.0,0.0
2025-07-25T08:16:46.569937,bitmart,0.00558,0.00562,6601.0,13686.0
2025-07-25T08:16:46.571008,gateio,0.005589,0.005596,415.0,2.0
2025-07-25T08:16:46.573415,bitget,0.005588,0.005594,31230.0,2000.0
2025-07-25T08:16:46.597076,gateio,0.005589,0.005596,349.0,2.0
2025-07-25T08:16:46.641114,bingx,0.00538,0.00587,2081.0,2708.0
2025-07-25T08:16:46.666267,bybit,0.005588,0.00559,17890.0,8340.0
2025-07-25T08:16:46.716451,gateio,0.005592,0.005596,1302.0,2.0
2025-07-25T08:16:46.721246,bitget,0.005588,0.005593,20000.0,11230.0
2025-07-25T08:16:46.728586,gateio,0.005589,0.005596,415.0,2.0
2025-07-25T08:16:46.767975,bybit,0.0,0.005593,0.0,16490.0
2025-07-25T08:16:46.866697,bybit,0.005587,0.005593,32790.0,8750.0
2025-07-25T08:16:46.877287,bitget,0.005587,0.005593,91880.0,11230.0
2025-07-25T08:16:46.961631,gateio,0.005589,0.005596,481.0,2.0
2025-07-25T08:16:46.982851,bybit,0.005587,0.005593,29470.0,12070.0
2025-07-25T08:16:47.019328,gateio,0.005589,0.005596,132.0,351.0
2025-07-25T08:16:47.023376,bitget,0.005587,0.005593,91880.0,11230.0
2025-07-25T08:16:47.067887,blofin,0.005595,0.005598,507.0,100.0
2025-07-25T08:16:47.068171,bybit,0.005587,0.0,32790.0,0.0
2025-07-25T08:16:47.103771,gateio,0.005589,0.005596,132.0,349.0
2025-07-25T08:16:47.119297,gateio,0.005589,0.005595,132.0,2.0
2025-07-25T08:16:47.164280,lbank,0.005573,0.00559,41803.0,83038.0
2025-07-25T08:16:47.175485,bitget,0.005587,0.005593,91880.0,2000.0
2025-07-25T08:16:47.466985,bybit,0.005587,0.0,29470.0,0.0
2025-07-25T08:16:47.520743,gateio,0.005589,0.005595,66.0,2.0
2025-07-25T08:16:47.543894,bingx,0.00538,0.00587,2081.0,2708.0
2025-07-25T08:16:47.546186,blofin,0.005596,0.005599,213.0,125.0
2025-07-25T08:16:47.580922,gateio,0.005586,0.005595,106.0,2.0
2025-07-25T08:16:47.628033,bitmart,0.00558,0.00562,6601.0,13686.0
2025-07-25T08:16:47.661597,lbank,0.005563,0.005594,72167.0,8524.0
2025-07-25T08:16:47.666256,bybit,0.0,0.005589,0.0,8900.0
2025-07-25T08:16:47.766443,bybit,0.005587,0.005589,32790.0,560.0
2025-07-25T08:16:47.772268,bitget,0.005587,0.005592,91880.0,11230.0
2025-07-25T08:16:47.841918,bingx,0.00538,0.00587,2081.0,2708.0
2025-07-25T08:16:47.922285,bitget,0.005587,0.005592,91880.0,11230.0
2025-07-25T08:16:47.999512,gateio,0.005589,0.005595,349.0,2.0
2025-07-25T08:16:48.041602,mexc,0.00559,0.00561,1016530.0,1016530.0
2025-07-25T08:16:48.046640,blofin,0.005596,0.005599,213.0,125.0
2025-07-25T08:16:48.068004,bybit,0.0,0.0,0.0,0.0
2025-07-25T08:16:48.071979,bitget,0.005587,0.005592,91880.0,11230.0
2025-07-25T08:16:48.163930,lbank,0.005563,0.005594,72167.0,8524.0
2025-07-25T08:16:48.197613,gateio,0.005589,0.005597,349.0,471.0
2025-07-25T08:16:48.216574,gateio,0.005589,0.005596,349.0,2.0
2025-07-25T08:16:48.222983,bitget,0.005587,0.005591,36186.0,651033.0
2025-07-25T08:16:48.233325,gateio,0.005589,0.005592,349.0,2.0
2025-07-25T08:16:48.310861,gateio,0.005589,0.005594,349.0,66.0
2025-07-25T08:16:48.365934,bybit,0.0,0.0,0.0,0.0
2025-07-25T08:16:48.372872,bitget,0.005587,0.005591,36186.0,651033.0
2025-07-25T08:16:48.399089,gateio,0.005589,0.005594,349.0,125.0
2025-07-25T08:16:48.414838,gateio,0.005589,0.005593,349.0,2.0
2025-07-25T08:16:48.537843,blofin,0.005592,0.005598,93.0,11.0
2025-07-25T08:16:48.636482,bitmart,0.00558,0.00562,6601.0,13686.0
2025-07-25T08:16:48.665029,lbank,0.005563,0.00559,72167.0,8524.0
2025-07-25T08:16:48.673265,bitget,0.005587,0.005591,36186.0,653033.0
2025-07-25T08:16:48.746987,bingx,0.00538,0.00587,2081.0,2708.0
2025-07-25T08:16:48.754851,gateio,0.005586,0.005593,106.0,65.0
2025-07-25T08:16:48.766124,bybit,0.005587,0.0,29470.0,0.0
2025-07-25T08:16:48.792816,gateio,0.005586,0.005593,6.0,65.0
2025-07-25T08:16:48.812949,gateio,0.005586,0.005592,6.0,2.0
2025-07-25T08:16:48.823682,bitget,0.005587,0.005591,36186.0,2000.0
2025-07-25T08:16:48.865883,gateio,0.005586,0.005592,6.0,61.0
2025-07-25T08:16:48.866238,bybit,0.005585,0.005586,240.0,8340.0
2025-07-25T08:16:48.894613,gateio,0.005586,0.005591,6.0,349.0
2025-07-25T08:16:48.912737,gateio,0.005586,0.00559,6.0,2.0
2025-07-25T08:16:48.966156,bybit,0.0,0.0,0.0,0.0
2025-07-25T08:16:48.973849,bitget,0.005586,0.00559,255.0,11230.0
2025-07-25T08:16:48.999099,gateio,0.005586,0.00559,6.0,65.0
2025-07-25T08:16:49.023986,gateio,0.005586,0.00559,6.0,63.0
2025-07-25T08:16:49.036898,gateio,0.005582,0.00559,72.0,63.0
2025-07-25T08:16:49.058026,gateio,0.005582,0.00559,138.0,63.0
2025-07-25T08:16:49.067076,bybit,0.0,0.005589,0.0,8300.0
2025-07-25T08:16:49.070920,blofin,0.005592,0.005598,93.0,11.0
2025-07-25T08:16:49.123880,bitget,0.005586,0.005589,255.0,650938.0
2025-07-25T08:16:49.162743,lbank,0.005563,0.00559,72167.0,8524.0
2025-07-25T08:16:49.166217,bybit,0.0,0.005587,0.0,8340.0
2025-07-25T08:16:49.171028,gateio,0.005582,0.005589,138.0,2.0
2025-07-25T08:16:49.274828,bitget,0.005586,0.005589,255.0,650938.0
2025-07-25T08:16:49.426745,bitget,0.005586,0.005589,255.0,650938.0
2025-07-25T08:16:49.472485,gateio,0.005582,0.005589,156.0,2.0
2025-07-25T08:16:49.563404,blofin,0.005593,0.005595,1300.0,98.0
2025-07-25T08:16:49.573663,bitget,0.005586,0.005589,255.0,652938.0
2025-07-25T08:16:49.599163,gateio,0.005582,0.005589,138.0,2.0
2025-07-25T08:16:49.618880,gateio,0.005582,0.005589,156.0,2.0
2025-07-25T08:16:49.626244,bitmart,0.00558,0.00562,6601.0,13686.0
2025-07-25T08:16:49.658452,bingx,0.00538,0.00587,2081.0,2708.0
2025-07-25T08:16:49.668329,lbank,0.005563,0.005589,51207.0,83038.0
2025-07-25T08:16:49.691214,gateio,0.005582,0.005589,138.0,2.0
2025-07-25T08:16:49.725368,bitget,0.005586,0.005589,255.0,652938.0
2025-07-25T08:16:49.874118,bitget,0.005586,0.005588,255.0,11230.0
2025-07-25T08:16:50.004737,gateio,0.005584,0.005589,349.0,2.0
2025-07-25T08:16:50.025575,bitget,0.005586,0.005589,255.0,650938.0
2025-07-25T08:16:50.054921,blofin,0.005593,0.005595,1300.0,98.0
2025-07-25T08:16:50.065964,bybit,0.0,0.005589,0.0,3880.0
2025-07-25T08:16:50.166555,bybit,0.005586,0.005589,34850.0,560.0
2025-07-25T08:16:50.180807,bitget,0.005586,0.005588,255.0,2000.0
2025-07-25T08:16:50.214415,gateio,0.005584,0.005595,349.0,2.0
2025-07-25T08:16:50.281174,lbank,0.005563,0.005586,72167.0,83038.0
2025-07-25T08:16:50.323938,bitget,0.005586,0.005588,255.0,2000.0
2025-07-25T08:16:50.417038,mexc,0.00559,0.0056,1016530.0,1016530.0
2025-07-25T08:16:50.473650,bitget,0.005586,0.005589,255.0,652882.0
2025-07-25T08:16:50.547273,blofin,0.005593,0.005595,1300.0,98.0
2025-07-25T08:16:50.548703,bingx,0.00538,0.00587,2081.0,2708.0
2025-07-25T08:16:50.627084,bitget,0.005586,0.005589,255.0,652882.0
2025-07-25T08:16:50.638586,bitmart,0.00558,0.00562,6601.0,13686.0
2025-07-25T08:16:50.661014,lbank,0.005563,0.005586,72167.0,83038.0
2025-07-25T08:16:50.774084,bitget,0.005586,0.005589,255.0,652882.0
2025-07-25T08:16:50.819686,gateio,0.005588,0.005595,349.0,2.0
2025-07-25T08:16:50.851243,bingx,0.00538,0.00587,2081.0,2708.0
2025-07-25T08:16:50.853534,gateio,0.005588,0.005595,415.0,65.0
2025-07-25T08:16:50.853570,gateio,0.005588,0.005595,415.0,2.0
2025-07-25T08:16:50.865962,bybit,0.005589,0.005594,8090.0,80150.0
2025-07-25T08:16:50.919536,gateio,0.005588,0.005595,481.0,2.0
2025-07-25T08:16:50.919649,gateio,0.005588,0.005596,481.0,2.0
2025-07-25T08:16:50.924319,bitget,0.005586,0.005589,255.0,652882.0
2025-07-25T08:16:50.967147,bybit,0.00559,0.005594,34850.0,81090.0
2025-07-25T08:16:51.014273,gateio,0.005588,0.005596,481.0,124.0
2025-07-25T08:16:51.041669,gateio,0.005588,0.005595,481.0,2.0
2025-07-25T08:16:51.054384,blofin,0.005589,0.005592,817.0,308.0
2025-07-25T08:16:51.066307,bybit,0.005587,0.005592,7820.0,8340.0
2025-07-25T08:16:51.074154,bitget,0.005588,0.005589,11230.0,2000.0
2025-07-25T08:16:51.164616,lbank,0.005563,0.005586,72167.0,83038.0
2025-07-25T08:16:51.224327,bitget,0.005586,0.005589,27763.0,2000.0
2025-07-25T08:16:51.375410,bitget,0.005586,0.005592,27763.0,2000.0
2025-07-25T08:16:51.466449,bybit,0.005587,0.0,52460.0,0.0
2025-07-25T08:16:51.524742,bitget,0.005587,0.005592,36186.0,2000.0
2025-07-25T08:16:51.554509,blofin,0.005589,0.005592,817.0,308.0
2025-07-25T08:16:51.650905,bitmart,0.00558,0.00562,6601.0,13686.0
2025-07-25T08:16:51.665328,lbank,0.005563,0.005586,72167.0,83038.0
2025-07-25T08:16:51.666534,bybit,0.0,0.0,0.0,0.0
2025-07-25T08:16:51.675102,bitget,0.005587,0.005594,36186.0,2000.0
2025-07-25T08:16:51.757376,bingx,0.00538,0.00587,2081.0,2708.0
2025-07-25T08:16:51.826244,bitget,0.005587,0.005594,36186.0,33230.0
2025-07-25T08:16:52.054907,blofin,0.00559,0.005592,781.0,1.0
2025-07-25T08:16:52.163961,lbank,0.005563,0.005586,72167.0,83038.0
2025-07-25T08:16:52.166695,bybit,0.005587,0.0,7820.0,0.0
2025-07-25T08:16:52.216753,gateio,0.005588,0.005595,415.0,2.0
2025-07-25T08:16:52.258646,gateio,0.005588,0.005595,481.0,2.0
2025-07-25T08:16:52.266211,bybit,0.005588,0.005592,17890.0,11660.0
2025-07-25T08:16:52.366055,bybit,0.005588,0.005592,21210.0,8340.0
2025-07-25T08:16:52.427500,bitget,0.005588,0.005594,11230.0,28837.0
2025-07-25T08:16:52.500924,gateio,0.005588,0.005595,415.0,2.0
2025-07-25T08:16:52.557550,blofin,0.00559,0.005592,781.0,1.0
2025-07-25T08:16:52.566154,bybit,0.005588,0.005592,17890.0,11660.0
2025-07-25T08:16:52.576285,bitget,0.005588,0.005594,11230.0,28837.0
2025-07-25T08:16:52.614864,bitmart,0.00558,0.00562,6601.0,13686.0
2025-07-25T08:16:52.667485,bybit,0.0,0.005592,0.0,8340.0
2025-07-25T08:16:52.677375,bingx,0.00538,0.00587,2081.0,2708.0
2025-07-25T08:16:52.719807,gateio,0.005592,0.005595,1159.0,2.0
2025-07-25T08:16:52.725545,bitget,0.005588,0.005594,11230.0,40067.0
2025-07-25T08:16:52.780827,gateio,0.005588,0.005595,481.0,2.0
2025-07-25T08:16:52.783034,mexc,0.00559,0.0056,1016530.0,1016530.0
2025-07-25T08:16:52.966850,bybit,0.00559,0.005594,34850.0,81090.0
2025-07-25T08:16:53.051555,blofin,0.005593,0.005595,54.0,112.0
2025-07-25T08:16:53.161477,lbank,0.005563,0.005586,72167.0,83038.0
2025-07-25T08:16:53.166095,bybit,0.0,0.0,0.0,0.0
2025-07-25T08:16:53.177773,bitget,0.005588,0.005594,11230.0,40067.0
2025-07-25T08:16:53.551543,blofin,0.005593,0.005595,54.0,112.0
2025-07-25T08:16:53.560337,bitmart,0.00558,0.00562,6601.0,13686.0
2025-07-25T08:16:53.572453,bingx,0.00538,0.00587,2081.0,2708.0
2025-07-25T08:16:53.661882,lbank,0.005563,0.005586,72167.0,83038.0
2025-07-25T08:16:53.665925,bybit,0.0,0.005594,0.0,77770.0
2025-07-25T08:16:53.786829,bitget,0.005588,0.005594,11230.0,22000.0
2025-07-25T08:16:53.837486,lbank,0.005563,0.005575,72167.0,243.0
2025-07-25T08:16:53.860994,bingx,0.00538,0.00587,2081.0,2708.0
2025-07-25T08:16:53.926477,bitget,0.005588,0.005594,11230.0,22000.0
2025-07-25T08:16:54.065959,bybit,0.0,0.005594,0.0,81090.0
2025-07-25T08:16:54.071257,blofin,0.005592,0.005595,151.0,112.0
2025-07-25T08:16:54.081200,bitget,0.005588,0.005594,11230.0,22000.0
2025-07-25T08:16:54.163106,lbank,0.005563,0.005586,72167.0,83038.0
2025-07-25T08:16:54.226234,bitget,0.005588,0.005594,11230.0,22000.0
2025-07-25T08:16:54.527503,bitget,0.005588,0.005594,11230.0,22000.0
2025-07-25T08:16:54.539014,blofin,0.005592,0.005595,151.0,112.0
2025-07-25T08:16:54.567533,bitmart,0.00558,0.00562,6601.0,13686.0
2025-07-25T08:16:54.678460,bitget,0.005588,0.005594,11230.0,22000.0
2025-07-25T08:16:54.682477,lbank,0.005573,0.005586,3419.0,83038.0
2025-07-25T08:16:54.762767,bingx,0.00538,0.00587,2081.0,2708.0
2025-07-25T08:16:54.826663,bitget,0.005588,0.005594,11230.0,22000.0
2025-07-25T08:16:54.865872,bybit,0.0,0.005594,0.0,77770.0
2025-07-25T08:16:54.896592,gateio,0.005588,0.005597,481.0,349.0
2025-07-25T08:16:54.967081,bybit,0.00559,0.0,38170.0,0.0
2025-07-25T08:16:54.982561,bitget,0.005588,0.005594,11230.0,22000.0
2025-07-25T08:16:55.057215,blofin,0.005592,0.005595,151.0,112.0
2025-07-25T08:16:55.065918,bybit,0.00559,0.0,34850.0,0.0
2025-07-25T08:16:55.117124,gateio,0.005588,0.005596,481.0,61.0
2025-07-25T08:16:55.127228,bitget,0.005588,0.005594,11230.0,22000.0
2025-07-25T08:16:55.165760,bybit,0.0,0.005593,0.0,8340.0
2025-07-25T08:16:55.196630,gateio,0.005588,0.005596,481.0,59.0
2025-07-25T08:16:55.200959,mexc,0.00559,0.0056,1016530.0,1016530.0
2025-07-25T08:16:55.214827,gateio,0.005588,0.005595,481.0,2.0
2025-07-25T08:16:55.266538,bybit,0.0,0.005592,0.0,8340.0
2025-07-25T08:16:55.275196,lbank,0.005573,0.005586,24379.0,83038.0
2025-07-25T08:16:55.276966,bitget,0.005588,0.005594,11230.0,22000.0
2025-07-25T08:16:55.296714,gateio,0.005588,0.005595,481.0,63.0
2025-07-25T08:16:55.312906,gateio,0.005588,0.005594,481.0,2.0
2025-07-25T08:16:55.334169,lbank,0.005573,0.005579,24379.0,218.0
2025-07-25T08:16:55.366165,bybit,0.0,0.005592,0.0,85170.0
2025-07-25T08:16:55.562393,blofin,0.005594,0.005599,280.0,110.0
2025-07-25T08:16:55.577544,bitget,0.005588,0.005594,11230.0,22000.0
2025-07-25T08:16:55.650384,bitmart,0.00558,0.00562,6601.0,13686.0
2025-07-25T08:16:55.663543,lbank,0.005573,0.005586,24379.0,83038.0
2025-07-25T08:16:55.666422,bingx,0.00538,0.00587,2081.0,2708.0
2025-07-25T08:16:55.717113,gateio,0.00559,0.005594,1209.0,2.0
2025-07-25T08:16:55.766296,bybit,0.0,0.005592,0.0,76830.0
2025-07-25T08:16:55.796594,gateio,0.005588,0.005597,481.0,349.0
2025-07-25T08:16:55.866076,bybit,0.00559,0.0,38170.0,0.0
2025-07-25T08:16:55.878289,bitget,0.005588,0.005594,11230.0,33288.0
2025-07-25T08:16:56.016866,gateio,0.005588,0.005596,481.0,61.0
2025-07-25T08:16:56.056562,blofin,0.005594,0.005599,280.0,110.0
2025-07-25T08:16:56.066059,bybit,0.005588,0.00559,17890.0,8340.0
2025-07-25T08:16:56.094430,gateio,0.005588,0.005596,349.0,61.0
2025-07-25T08:16:56.112637,gateio,0.005588,0.005595,415.0,2.0
2025-07-25T08:16:56.156820,gateio,0.005588,0.005595,415.0,65.0
2025-07-25T08:16:56.161712,lbank,0.005573,0.005586,24379.0,83038.0
2025-07-25T08:16:56.166491,bybit,0.005589,0.0,1980.0,0.0
2025-07-25T08:16:56.177469,bitget,0.005587,0.005593,36186.0,11288.0
2025-07-25T08:16:56.197472,gateio,0.005588,0.005595,349.0,63.0
2025-07-25T08:16:56.214833,gateio,0.005588,0.005594,349.0,2.0
2025-07-25T08:16:56.329259,bitget,0.005587,0.005593,36186.0,31288.0
2025-07-25T08:16:56.545545,blofin,0.005593,0.005598,48.0,559.0
2025-07-25T08:16:56.573705,bingx,0.00538,0.00587,2081.0,2708.0
2025-07-25T08:16:56.614727,bitmart,0.00558,0.00562,6601.0,13686.0
2025-07-25T08:16:56.662507,lbank,0.005573,0.005586,24379.0,83038.0
2025-07-25T08:16:56.765929,bybit,0.0,0.005592,0.0,80150.0
2025-07-25T08:16:56.778911,bitget,0.005587,0.005592,36186.0,11288.0
2025-07-25T08:16:56.871653,bingx,0.00538,0.00587,2081.0,2708.0
2025-07-25T08:16:56.880885,gateio,0.005588,0.005594,415.0,2.0
2025-07-25T08:16:56.929432,bitget,0.005587,0.005592,36186.0,11288.0
2025-07-25T08:16:56.966123,bybit,0.0,0.00559,0.0,8340.0
2025-07-25T08:16:57.022029,gateio,0.005588,0.005594,349.0,2.0
2025-07-25T08:16:57.043293,gateio,0.005588,0.005594,415.0,2.0
2025-07-25T08:16:57.050926,blofin,0.005593,0.005598,48.0,559.0
2025-07-25T08:16:57.066232,bybit,0.0,0.005592,0.0,80150.0
2025-07-25T08:16:57.079166,bitget,0.005587,0.005592,36186.0,13288.0
2025-07-25T08:16:57.131291,gateio,0.005588,0.005594,415.0,61.0
2025-07-25T08:16:57.162359,lbank,0.005573,0.005586,24379.0,83038.0
2025-07-25T08:16:57.204843,gateio,0.005588,0.005593,415.0,2.0
2025-07-25T08:16:57.230876,bitget,0.005587,0.005592,36186.0,13288.0
2025-07-25T08:16:57.266989,bybit,0.0,0.005592,0.0,76830.0
2025-07-25T08:16:57.361854,gateio,0.005588,0.005594,415.0,2.0
2025-07-25T08:16:57.366443,bybit,0.0,0.005592,0.0,80150.0
2025-07-25T08:16:57.380973,bitget,0.005587,0.005592,36186.0,2000.0
2025-07-25T08:16:57.549649,blofin,0.005593,0.005596,3.0,185.0
2025-07-25T08:16:57.562362,bitmart,0.00558,0.00562,6601.0,13686.0
2025-07-25T08:16:57.592393,mexc,0.00559,0.0056,1016530.0,1016530.0
2025-07-25T08:16:57.664024,lbank,0.005573,0.005586,24379.0,83038.0
2025-07-25T08:16:57.782166,bingx,0.00538,0.00587,2081.0,2708.0
2025-07-25T08:16:57.797001,gateio,0.005588,0.005596,415.0,349.0
2025-07-25T08:16:57.814720,gateio,0.005588,0.005595,415.0,61.0
2025-07-25T08:16:57.866840,gateio,0.005588,0.005595,415.0,124.0
2025-07-25T08:16:57.900521,gateio,0.005588,0.005595,415.0,122.0
2025-07-25T08:16:57.912607,gateio,0.005588,0.005594,415.0,2.0
2025-07-25T08:16:57.965995,bybit,0.0,0.005592,0.0,76830.0
2025-07-25T08:16:57.991378,bitget,0.005587,0.005592,36186.0,2000.0
2025-07-25T08:16:58.064072,blofin,0.005593,0.005596,3.0,185.0
2025-07-25T08:16:58.066033,bybit,0.005589,0.0,5300.0,0.0
2025-07-25T08:16:58.112931,gateio,0.005588,0.005596,415.0,2.0
2025-07-25T08:16:58.162081,lbank,0.005573,0.005586,24379.0,83038.0
2025-07-25T08:16:58.166689,bybit,0.00559,0.0,34850.0,0.0
2025-07-25T08:16:58.558673,blofin,0.005593,0.005596,3.0,39.0
2025-07-25T08:16:58.659620,bitmart,0.00558,0.00562,6601.0,13686.0
2025-07-25T08:16:58.666476,lbank,0.005573,0.005586,24379.0,83038.0
2025-07-25T08:16:58.675009,bingx,0.00538,0.00587,2081.0,2708.0
2025-07-25T08:16:58.716708,gateio,0.005591,0.005596,1270.0,2.0
2025-07-25T08:16:59.052230,blofin,0.005593,0.005596,3.0,39.0
2025-07-25T08:16:59.066568,bybit,0.00559,0.0,38170.0,0.0
2025-07-25T08:16:59.138915,gateio,0.005588,0.005596,415.0,2.0
2025-07-25T08:16:59.162701,lbank,0.005573,0.005586,24379.0,83038.0
2025-07-25T08:16:59.166063,bybit,0.00559,0.0,34850.0,0.0
2025-07-25T08:16:59.183474,bitget,0.005587,0.005592,36186.0,2000.0
2025-07-25T08:16:59.265931,bybit,0.0,0.005591,0.0,8340.0
2025-07-25T08:16:59.366006,bybit,0.005589,0.00559,1980.0,8340.0
2025-07-25T08:16:59.482354,bitget,0.005587,0.005592,36186.0,13288.0
2025-07-25T08:16:59.531262,blofin,0.005593,0.005596,3.0,39.0
2025-07-25T08:16:59.583319,bingx,0.00538,0.00587,2081.0,2708.0
2025-07-25T08:16:59.631694,bitget,0.005587,0.005592,36186.0,13288.0
2025-07-25T08:16:59.663025,lbank,0.005573,0.005586,24379.0,83038.0
2025-07-25T08:16:59.681347,bitmart,0.00558,0.00562,6601.0,13686.0
2025-07-25T08:16:59.876596,bingx,0.00538,0.00587,2081.0,2708.0
2025-07-25T08:16:59.930105,bitget,0.005587,0.005592,36186.0,13288.0
2025-07-25T08:16:59.989007,mexc,0.00559,0.0056,1016530.0,1016530.0
2025-07-25T08:17:00.001462,gateio,0.005588,0.005596,415.0,351.0
2025-07-25T08:17:00.079588,blofin,0.005593,0.005597,61.0,398.0
2025-07-25T08:17:00.112930,gateio,0.005588,0.005595,415.0,2.0
2025-07-25T08:17:00.188838,gateio,0.005588,0.005595,415.0,68.0
2025-07-25T08:17:00.227089,gateio,0.005588,0.005595,415.0,2.0
2025-07-25T08:17:00.230061,bitget,0.005587,0.005592,36186.0,2000.0
2025-07-25T08:17:00.265948,bybit,0.00559,0.005592,34850.0,76830.0
2025-07-25T08:17:00.290907,lbank,0.005573,0.005586,24379.0,83038.0
2025-07-25T08:17:00.297711,gateio,0.005588,0.005595,415.0,68.0
2025-07-25T08:17:00.366148,bybit,0.005582,0.005587,15440.0,12510.0
2025-07-25T08:17:00.380974,bitget,0.005586,0.005592,59008.0,2000.0
2025-07-25T08:17:00.381031,gateio,0.005585,0.005595,100.0,129.0
2025-07-25T08:17:00.392676,gateio,0.005585,0.005595,22.0,129.0
2025-07-25T08:17:00.403498,gateio,0.005585,0.005591,22.0,349.0
2025-07-25T08:17:00.464632,gateio,0.005583,0.005591,100.0,415.0
2025-07-25T08:17:00.466566,bybit,0.005583,0.005585,2290.0,8340.0
2025-07-25T08:17:00.474578,gateio,0.005584,0.005591,415.0,415.0
2025-07-25T08:17:00.485515,gateio,0.005584,0.005591,66.0,415.0
2025-07-25T08:17:00.499344,gateio,0.005582,0.00559,4.0,349.0
2025-07-25T08:17:00.512248,gateio,0.00558,0.005589,2.0,2.0
2025-07-25T08:17:00.525181,gateio,0.00558,0.005586,2.0,349.0
2025-07-25T08:17:00.534214,bitget,0.00558,0.005585,100329.0,11288.0
2025-07-25T08:17:00.536915,gateio,0.00558,0.005585,2.0,349.0
2025-07-25T08:17:00.543648,blofin,0.005593,0.005597,61.0,398.0
2025-07-25T08:17:00.566438,bybit,0.005579,0.00558,1040.0,11660.0
2025-07-25T08:17:00.613224,gateio,0.00558,0.005584,2.0,2.0
2025-07-25T08:17:00.626868,gateio,0.00558,0.005584,2.0,68.0
2025-07-25T08:17:00.666602,bybit,0.005576,0.005579,4870.0,8340.0
2025-07-25T08:17:00.666651,lbank,0.00557,0.005586,50993.0,83038.0
2025-07-25T08:17:00.669831,bitmart,0.005554,0.00562,164431.0,13686.0
2025-07-25T08:17:00.681135,bitget,0.005579,0.005583,255.0,191594.0
2025-07-25T08:17:00.696600,gateio,0.00558,0.005584,2.0,131.0
2025-07-25T08:17:00.766086,bybit,0.005576,0.005578,8190.0,8340.0
2025-07-25T08:17:00.805654,gateio,0.00558,0.005584,2.0,129.0
2025-07-25T08:17:00.830693,bitget,0.005579,0.005582,255.0,11288.0
2025-07-25T08:17:00.832816,bingx,0.00538,0.00587,2081.0,2708.0
2025-07-25T08:17:00.984727,bitget,0.005579,0.005581,255.0,11288.0
2025-07-25T08:17:01.074916,blofin,0.005593,0.005597,172.0,49.0
2025-07-25T08:17:01.130732,bitget,0.005579,0.005581,255.0,11288.0
2025-07-25T08:17:01.172096,lbank,0.00557,0.005586,50993.0,83038.0
2025-07-25T08:17:01.232650,gateio,0.00558,0.005582,2.0,349.0
2025-07-25T08:17:01.266549,bybit,0.005574,0.005579,52780.0,8750.0
2025-07-25T08:17:01.282300,bitget,0.005579,0.005581,255.0,11288.0
2025-07-25T08:17:01.366238,bybit,0.005576,0.005579,1800.0,3320.0
2025-07-25T08:17:01.431593,bitget,0.005579,0.00558,204.0,11288.0
2025-07-25T08:17:01.466732,bybit,0.0,0.00558,0.0,8700.0
2025-07-25T08:17:01.566228,blofin,0.005593,0.005597,172.0,49.0
2025-07-25T08:17:01.567356,bybit,0.0,0.005577,0.0,8340.0
2025-07-25T08:17:01.580880,bitget,0.005579,0.00558,204.0,11288.0
2025-07-25T08:17:01.664439,lbank,0.005553,0.005581,71959.0,95878.0
2025-07-25T08:17:01.667084,bybit,0.005576,0.00558,16760.0,8870.0
2025-07-25T08:17:01.676695,bitmart,0.005553,0.005612,673646.0,299791.0
2025-07-25T08:17:01.682712,gateio,0.00558,0.005584,2.0,129.0
2025-07-25T08:17:01.687910,bingx,0.00538,0.00587,2081.0,2708.0
2025-07-25T08:17:01.716444,gateio,0.005581,0.005584,1112.0,129.0
2025-07-25T08:17:01.726563,gateio,0.00558,0.005584,2.0,129.0
2025-07-25T08:17:01.733852,bitget,0.005579,0.00558,204.0,2000.0
2025-07-25T08:17:01.881234,bitget,0.005579,0.00558,204.0,2000.0
2025-07-25T08:17:02.031199,bitget,0.005579,0.00558,204.0,2000.0
2025-07-25T08:17:02.061006,blofin,0.005583,0.005585,387.0,73.0
2025-07-25T08:17:02.066805,bybit,0.005576,0.00558,1800.0,123510.0
2025-07-25T08:17:02.166302,bybit,0.005572,0.005577,19680.0,8340.0
2025-07-25T08:17:02.181938,bitget,0.005579,0.00558,204.0,2000.0
2025-07-25T08:17:02.197546,gateio,0.00558,0.005582,2.0,349.0
2025-07-25T08:17:02.266066,bybit,0.005572,0.005576,7820.0,8340.0
2025-07-25T08:17:02.335881,bitget,0.005579,0.00558,204.0,2000.0
2025-07-25T08:17:02.386368,mexc,0.00559,0.0056,1016530.0,1016530.0
2025-07-25T08:17:02.466022,bybit,0.005572,0.0,67420.0,0.0
2025-07-25T08:17:02.482797,bitget,0.005579,0.00558,204.0,11288.0
2025-07-25T08:17:02.544821,blofin,0.005583,0.005585,387.0,73.0
2025-07-25T08:17:02.591315,bingx,0.00538,0.00587,2081.0,2708.0
2025-07-25T08:17:02.636010,bitget,0.005579,0.00558,204.0,11288.0
2025-07-25T08:17:02.672608,lbank,0.005553,0.005577,71959.0,34973.0
2025-07-25T08:17:02.672677,bybit,0.0,0.005579,0.0,56900.0
2025-07-25T08:17:02.679231,bitmart,0.005553,0.005612,673646.0,299791.0
2025-07-25T08:17:02.766199,bybit,0.0,0.005579,0.0,17620.0
2025-07-25T08:17:02.782049,bitget,0.005579,0.00558,204.0,11288.0
2025-07-25T08:17:02.934833,bitget,0.005579,0.00558,204.0,13288.0
2025-07-25T08:17:02.965974,bybit,0.005573,0.005579,52780.0,13190.0
2025-07-25T08:17:03.066025,bybit,0.005574,0.00558,53130.0,116790.0
2025-07-25T08:17:03.069561,gateio,0.00558,0.005585,2.0,349.0
2025-07-25T08:17:03.072180,blofin,0.005583,0.005585,387.0,73.0
2025-07-25T08:17:03.082956,bitget,0.005579,0.005582,204.0,67474.0
2025-07-25T08:17:03.123405,gateio,0.00558,0.005584,2.0,2.0
2025-07-25T08:17:03.147724,gateio,0.00558,0.00559,2.0,349.0
2025-07-25T08:17:03.164820,lbank,0.005553,0.005577,71959.0,34973.0
2025-07-25T08:17:03.166859,bybit,0.005578,0.005586,34850.0,52460.0
2025-07-25T08:17:03.171585,gateio,0.005581,0.00559,100.0,412.0
2025-07-25T08:17:03.204594,gateio,0.005582,0.00559,1.0,350.0
2025-07-25T08:17:03.231696,bitget,0.005579,0.005581,204.0,2000.0
2025-07-25T08:17:03.236872,gateio,0.005582,0.00559,67.0,350.0
2025-07-25T08:17:03.265995,bybit,0.005579,0.005587,4240.0,4860.0
2025-07-25T08:17:03.295327,gateio,0.005582,0.00559,67.0,416.0
2025-07-25T08:17:03.312459,gateio,0.005583,0.00559,1.0,415.0
2025-07-25T08:17:03.366115,bybit,0.005579,0.0,3320.0,0.0
2025-07-25T08:17:03.381967,bitget,0.005582,0.005586,67474.0,36186.0
2025-07-25T08:17:03.491067,bingx,0.00538,0.00587,2081.0,2708.0
2025-07-25T08:17:03.535384,bitget,0.005582,0.005586,67474.0,36186.0
2025-07-25T08:17:03.557644,blofin,0.005582,0.005585,2094.0,29.0
2025-07-25T08:17:03.566461,bybit,0.005579,0.0,47960.0,0.0
2025-07-25T08:17:03.640566,bitmart,0.005561,0.00562,598792.0,483453.0
2025-07-25T08:17:03.665805,lbank,0.005553,0.005576,71959.0,95878.0
2025-07-25T08:17:03.666367,bybit,0.005579,0.0,82810.0,0.0
2025-07-25T08:17:03.791867,bingx,0.00538,0.00587,2081.0,2708.0
2025-07-25T08:17:03.832092,bitget,0.005582,0.005586,67474.0,36186.0
2025-07-25T08:17:03.986597,bitget,0.005582,0.005586,67474.0,36186.0
2025-07-25T08:17:04.059380,blofin,0.005582,0.005585,2094.0,29.0
2025-07-25T08:17:04.066132,bybit,0.005582,0.005587,23060.0,5760.0
2025-07-25T08:17:04.132765,bitget,0.005582,0.005589,67474.0,47474.0
2025-07-25T08:17:04.163453,lbank,0.005553,0.005576,71959.0,95878.0
2025-07-25T08:17:04.166418,bybit,0.005582,0.0,19740.0,0.0
2025-07-25T08:17:04.282256,bitget,0.005582,0.005589,67474.0,69474.0
2025-07-25T08:17:04.432761,bitget,0.005582,0.005589,67474.0,69474.0
2025-07-25T08:17:04.548508,blofin,0.005586,0.005588,51.0,3.0
2025-07-25T08:17:04.566477,bybit,0.005582,0.0,67700.0,0.0
2025-07-25T08:17:04.586627,bitget,0.005582,0.005589,67474.0,69474.0
2025-07-25T08:17:04.652454,bitmart,0.005561,0.00561,598792.0,13711.0
2025-07-25T08:17:04.664600,lbank,0.005553,0.005576,71959.0,95878.0
2025-07-25T08:17:04.695191,bingx,0.00538,0.00587,2081.0,2708.0
2025-07-25T08:17:04.716981,gateio,0.005585,0.00559,1082.0,415.0
2025-07-25T08:17:04.732448,bitget,0.005581,0.005589,11288.0,69474.0
2025-07-25T08:17:04.752460,gateio,0.005583,0.00559,1.0,415.0
2025-07-25T08:17:04.763145,mexc,0.00558,0.00559,1016530.0,1016530.0
2025-07-25T08:17:04.766008,bybit,0.005582,0.005585,44640.0,8340.0
2025-07-25T08:17:04.796709,gateio,0.005581,0.00559,100.0,415.0
2025-07-25T08:17:04.884026,bitget,0.005581,0.005588,11288.0,11502.0
2025-07-25T08:17:04.965892,bybit,0.005579,0.005583,17920.0,9590.0
2025-07-25T08:17:05.004555,gateio,0.005582,0.00559,1.0,415.0
2025-07-25T08:17:05.032948,bitget,0.005581,0.005588,11288.0,31502.0
2025-07-25T08:17:05.058307,blofin,0.005586,0.005588,51.0,3.0
2025-07-25T08:17:05.065960,bybit,0.005579,0.0,21240.0,0.0
2025-07-25T08:17:05.166484,bybit,0.0,0.0,0.0,0.0
2025-07-25T08:17:05.189907,bitget,0.005581,0.005587,11288.0,11502.0
2025-07-25T08:17:05.266269,bybit,0.005579,0.005583,65880.0,1250.0
2025-07-25T08:17:05.268152,lbank,0.005553,0.005576,71959.0,95878.0
2025-07-25T08:17:05.298715,gateio,0.005582,0.00559,67.0,415.0
2025-07-25T08:17:05.332655,bitget,0.00558,0.005587,11502.0,31502.0
2025-07-25T08:17:05.366511,bybit,0.005579,0.0,100730.0,0.0
2025-07-25T08:17:05.398751,gateio,0.005582,0.00559,66.0,415.0
2025-07-25T08:17:05.476707,gateio,0.005583,0.00559,1.0,415.0
2025-07-25T08:17:05.490177,bitget,0.00558,0.005587,11502.0,33502.0
2025-07-25T08:17:05.544777,blofin,0.005588,0.005592,330.0,511.0
2025-07-25T08:17:05.600955,bingx,0.00538,0.00587,2081.0,2708.0
2025-07-25T08:17:05.635934,bitmart,0.00557,0.00561,12726.0,13711.0
2025-07-25T08:17:05.672533,lbank,0.005553,0.005576,71959.0,95878.0
2025-07-25T08:17:05.783748,bitget,0.00558,0.005587,11502.0,33502.0
2025-07-25T08:17:05.865747,bybit,0.0,0.005583,0.0,2880.0
2025-07-25T08:17:05.933683,bitget,0.00558,0.005587,11502.0,33502.0
2025-07-25T08:17:05.966259,bybit,0.0,0.005583,0.0,1250.0
2025-07-25T08:17:06.053049,blofin,0.005588,0.005592,330.0,511.0
2025-07-25T08:17:06.085071,bitget,0.00558,0.005587,11502.0,33502.0
2025-07-25T08:17:06.165680,lbank,0.005553,0.005576,71959.0,95878.0
2025-07-25T08:17:06.166479,bybit,0.0,0.005583,0.0,2880.0
2025-07-25T08:17:06.365917,bybit,0.0,0.005583,0.0,1250.0
2025-07-25T08:17:06.466556,bybit,0.0,0.005583,0.0,2880.0
2025-07-25T08:17:06.500413,bingx,0.00538,0.00587,2081.0,2708.0
2025-07-25T08:17:06.546929,blofin,0.005586,0.005591,603.0,61.0
2025-07-25T08:17:06.634744,bitmart,0.00557,0.00561,12726.0,13711.0
2025-07-25T08:17:06.664052,lbank,0.005553,0.005576,71959.0,95878.0
2025-07-25T08:17:06.766000,bybit,0.005579,0.005582,65880.0,8340.0
2025-07-25T08:17:06.808229,bingx,0.00538,0.00587,2081.0,2708.0
2025-07-25T08:17:06.836078,bitget,0.005579,0.005587,63414.0,33502.0
2025-07-25T08:17:06.866018,bybit,0.0,0.005583,0.0,1250.0
2025-07-25T08:17:06.965998,bybit,0.0,0.005583,0.0,2880.0
2025-07-25T08:17:06.984171,bitget,0.005579,0.005586,63414.0,31502.0
2025-07-25T08:17:07.010611,gateio,0.00558,0.00559,68.0,415.0
2025-07-25T08:17:07.056487,blofin,0.005586,0.005591,603.0,61.0
2025-07-25T08:17:07.082594,gateio,0.005581,0.00559,67.0,415.0
2025-07-25T08:17:07.099332,gateio,0.005582,0.00559,1.0,415.0
2025-07-25T08:17:07.130166,mexc,0.00558,0.00559,1016530.0,1016530.0
2025-07-25T08:17:07.134848,bitget,0.005579,0.005586,27228.0,31502.0
2025-07-25T08:17:07.164479,lbank,0.005553,0.005576,71959.0,95878.0
2025-07-25T08:17:07.283860,bitget,0.00558,0.005586,11502.0,33502.0
2025-07-25T08:17:07.549496,blofin,0.005587,0.005591,163.0,13.0
2025-07-25T08:17:07.653074,bitmart,0.00557,0.00561,12726.0,13711.0
2025-07-25T08:17:07.716722,gateio,0.005585,0.00559,1199.0,415.0
2025-07-25T08:17:07.717581,bingx,0.00538,0.00587,2081.0,2708.0
2025-07-25T08:17:07.802774,gateio,0.005582,0.00559,1.0,415.0
2025-07-25T08:17:07.868005,bybit,0.005581,0.0,2310.0,0.0
2025-07-25T08:17:07.971247,bybit,0.0,0.005583,0.0,1250.0
2025-07-25T08:17:08.034858,bitget,0.00558,0.005586,11502.0,33502.0
2025-07-25T08:17:08.049623,blofin,0.005587,0.005591,163.0,13.0
2025-07-25T08:17:08.165026,lbank,0.005553,0.005576,71959.0,95878.0
2025-07-25T08:17:08.166307,bybit,0.0,0.005583,0.0,2880.0
2025-07-25T08:17:08.266193,bybit,0.0,0.005583,0.0,4510.0
2025-07-25T08:17:08.334682,bitget,0.00558,0.005586,11502.0,33502.0
2025-07-25T08:17:08.372920,bybit,0.0,0.005583,0.0,2880.0
2025-07-25T08:17:08.466270,bybit,0.0,0.005583,0.0,4510.0
2025-07-25T08:17:08.557024,blofin,0.005586,0.005591,221.0,243.0
2025-07-25T08:17:08.606979,bingx,0.00538,0.00587,2081.0,2708.0
2025-07-25T08:17:08.652474,bitmart,0.00557,0.00561,12726.0,13711.0
2025-07-25T08:17:08.766768,bybit,0.0,0.005583,0.0,2880.0
2025-07-25T08:17:09.044733,blofin,0.005586,0.005591,221.0,243.0
2025-07-25T08:17:09.065924,bybit,0.0,0.0,0.0,0.0
2025-07-25T08:17:09.085612,bitget,0.00558,0.005586,11502.0,33502.0
2025-07-25T08:17:09.166258,bybit,0.005581,0.0,5630.0,0.0
2025-07-25T08:17:09.374166,bybit,0.0,0.0,0.0,0.0
2025-07-25T08:17:09.385490,bitget,0.00558,0.005586,11502.0,22000.0
2025-07-25T08:17:09.470473,bybit,0.0,0.005583,0.0,4510.0
2025-07-25T08:17:09.513038,bingx,0.00538,0.00587,2081.0,2708.0
2025-07-25T08:17:09.514115,mexc,0.00558,0.00559,1016530.0,1016530.0
2025-07-25T08:17:09.536022,bitget,0.00558,0.005586,11502.0,22000.0
2025-07-25T08:17:09.551511,blofin,0.005586,0.005591,221.0,243.0
2025-07-25T08:17:09.558445,bitmart,0.00557,0.00561,12726.0,13711.0
2025-07-25T08:17:09.765976,bybit,0.0,0.005583,0.0,2880.0
2025-07-25T08:17:09.820250,bingx,0.00538,0.00587,2081.0,2708.0
2025-07-25T08:17:09.866042,bybit,0.0,0.005583,0.0,1250.0
2025-07-25T08:17:10.064214,blofin,0.005586,0.005591,157.0,65.0
2025-07-25T08:17:10.069338,bybit,0.005581,0.005587,23540.0,13610.0
2025-07-25T08:17:10.136995,bitget,0.00558,0.005586,11502.0,2000.0
2025-07-25T08:17:10.166222,bybit,0.005582,0.0,34850.0,0.0
2025-07-25T08:17:10.266974,bybit,0.0,0.005587,0.0,15240.0
2025-07-25T08:17:10.280931,lbank,0.005553,0.005576,71959.0,95878.0
2025-07-25T08:17:10.286525,bitget,0.00558,0.005586,11502.0,2000.0
2025-07-25T08:17:10.366205,bybit,0.0,0.005587,0.0,4860.0
2025-07-25T08:17:10.436175,bitget,0.00558,0.005586,11502.0,2000.0
2025-07-25T08:17:10.466135,bybit,0.005582,0.005587,79510.0,9180.0
2025-07-25T08:17:10.560014,blofin,0.005586,0.005591,157.0,65.0
2025-07-25T08:17:10.565883,bybit,0.0,0.005587,0.0,6490.0
2025-07-25T08:17:10.654963,bitmart,0.00557,0.00561,12726.0,13711.0
2025-07-25T08:17:10.716729,gateio,0.005586,0.00559,936.0,415.0
2025-07-25T08:17:10.720993,bingx,0.00538,0.00587,2081.0,2708.0
2025-07-25T08:17:10.736647,bitget,0.00558,0.005586,11502.0,2000.0
2025-07-25T08:17:10.766214,bybit,0.005582,0.0,82830.0,0.0
2025-07-25T08:17:10.796603,gateio,0.00558,0.00559,2.0,415.0
2025-07-25T08:17:10.856100,gateio,0.005581,0.00559,1.0,415.0
2025-07-25T08:17:10.866015,bybit,0.005582,0.005587,38170.0,4860.0
2025-07-25T08:17:10.887179,bitget,0.00558,0.005586,11502.0,2000.0
2025-07-25T08:17:10.966149,bybit,0.0,0.005587,0.0,6490.0
2025-07-25T08:17:11.040550,bitget,0.00558,0.005586,11502.0,2000.0
2025-07-25T08:17:11.054246,blofin,0.005586,0.005591,158.0,173.0
2025-07-25T08:17:11.065870,bybit,0.005581,0.005586,2310.0,8340.0
2025-07-25T08:17:11.166470,bybit,0.0,0.005584,0.0,11030.0
2025-07-25T08:17:11.266224,bybit,0.0,0.005584,0.0,9970.0
2025-07-25T08:17:11.340103,bitget,0.00558,0.005587,11502.0,33502.0
2025-07-25T08:17:11.366907,bybit,0.0,0.005584,0.0,8340.0
2025-07-25T08:17:11.466142,bybit,0.0,0.005584,0.0,12660.0
2025-07-25T08:17:11.559241,blofin,0.005586,0.005591,158.0,173.0
2025-07-25T08:17:11.566382,bybit,0.0,0.005584,0.0,9970.0
2025-07-25T08:17:11.623957,bingx,0.00538,0.00587,2081.0,2708.0
2025-07-25T08:17:11.661984,bitmart,0.00557,0.00561,12726.0,13711.0
2025-07-25T08:17:11.765713,bybit,0.0,0.005584,0.0,8340.0
2025-07-25T08:17:11.788633,gateio,0.005582,0.00559,349.0,415.0
2025-07-25T08:17:11.800878,gateio,0.005583,0.005595,1.0,101.0
2025-07-25T08:17:11.865949,bybit,0.005582,0.005587,38170.0,5760.0
2025-07-25T08:17:11.892528,mexc,0.00558,0.0056,1016530.0,1016530.0
2025-07-25T08:17:11.898952,gateio,0.005583,0.005591,1.0,349.0
2025-07-25T08:17:11.937064,bitget,0.00558,0.005587,47688.0,22000.0
2025-07-25T08:17:11.966222,bybit,0.005582,0.0,82830.0,0.0
2025-07-25T08:17:12.046015,blofin,0.005589,0.005591,2.0,505.0
2025-07-25T08:17:12.091851,bitget,0.005581,0.005587,11502.0,22000.0
2025-07-25T08:17:12.215101,gateio,0.005583,0.005591,1.0,412.0
2025-07-25T08:17:12.238456,bitget,0.005581,0.005587,11502.0,22000.0
2025-07-25T08:17:12.401234,lbank,0.005564,0.005576,24379.0,83038.0
2025-07-25T08:17:12.460772,gateio,0.005583,0.005591,1.0,478.0
2025-07-25T08:17:12.525728,bingx,0.00538,0.00587,2081.0,2708.0
2025-07-25T08:17:12.540737,blofin,0.005589,0.005591,2.0,505.0
2025-07-25T08:17:12.634468,bitmart,0.00557,0.00561,12726.0,13711.0
2025-07-25T08:17:12.663086,lbank,0.005564,0.005576,24379.0,83038.0
2025-07-25T08:17:12.667553,bybit,0.0,0.005587,0.0,7390.0
2025-07-25T08:17:12.766001,bybit,0.0,0.005587,0.0,5760.0
2025-07-25T08:17:12.824010,bingx,0.00538,0.00587,2081.0,2708.0
2025-07-25T08:17:13.057995,blofin,0.005589,0.005591,2.0,5.0
2025-07-25T08:17:13.065948,bybit,0.0,0.005587,0.0,4860.0
2025-07-25T08:17:13.163233,lbank,0.005564,0.005581,24379.0,83038.0
2025-07-25T08:17:13.166174,bybit,0.005582,0.0,100740.0,0.0
2025-07-25T08:17:13.366576,bybit,0.0,0.005585,0.0,360.0
2025-07-25T08:17:13.548815,blofin,0.005589,0.005591,2.0,5.0
2025-07-25T08:17:13.588507,bitget,0.005581,0.005587,11502.0,22000.0
2025-07-25T08:17:13.653044,bitmart,0.00557,0.00561,12726.0,13711.0
2025-07-25T08:17:13.664547,lbank,0.005564,0.005581,24379.0,83038.0
2025-07-25T08:17:13.719290,gateio,0.005586,0.005591,1290.0,478.0
2025-07-25T08:17:13.724944,bingx,0.00538,0.00587,2081.0,2708.0
2025-07-25T08:17:13.814626,gateio,0.005583,0.005591,1.0,478.0
2025-07-25T08:17:13.889079,bitget,0.005581,0.005587,11502.0,22000.0
2025-07-25T08:17:14.063941,blofin,0.005588,0.005593,55.0,130.0
2025-07-25T08:17:14.163821,lbank,0.005564,0.005581,24379.0,83038.0
2025-07-25T08:17:14.301545,mexc,0.00558,0.0056,1016530.0,1016530.0
2025-07-25T08:17:14.365746,bybit,0.005582,0.0,82830.0,0.0
2025-07-25T08:17:14.465983,bybit,0.005582,0.0,38170.0,0.0
2025-07-25T08:17:14.488698,bitget,0.005581,0.005587,11502.0,33502.0
2025-07-25T08:17:14.534219,blofin,0.005588,0.005593,55.0,130.0
2025-07-25T08:17:14.581647,bitmart,0.00557,0.00561,12726.0,13711.0
2025-07-25T08:17:14.637179,bingx,0.00538,0.00587,2081.0,2708.0
2025-07-25T08:17:14.663089,lbank,0.005564,0.005581,24379.0,83038.0
2025-07-25T08:17:14.765965,bybit,0.0,0.0,0.0,0.0
2025-07-25T08:17:14.788828,bitget,0.005581,0.005587,11502.0,33502.0
2025-07-25T08:17:15.046448,blofin,0.005588,0.005593,55.0,130.0
2025-07-25T08:17:15.067284,bybit,0.0,0.0,0.0,0.0
2025-07-25T08:17:15.269138,lbank,0.005564,0.005581,24379.0,83038.0
2025-07-25T08:17:15.389053,bitget,0.005581,0.005587,11502.0,33502.0
2025-07-25T08:17:15.466282,bybit,0.005582,0.0,56080.0,0.0
2025-07-25T08:17:15.536193,bingx,0.00538,0.00587,2081.0,2708.0
2025-07-25T08:17:15.539871,bitget,0.005581,0.005587,11502.0,22000.0
2025-07-25T08:17:15.540120,blofin,0.005588,0.005593,54.0,127.0
2025-07-25T08:17:15.625389,bitmart,0.00557,0.00561,12726.0,13711.0
2025-07-25T08:17:15.662936,lbank,0.005564,0.005581,24379.0,83038.0
2025-07-25T08:17:15.666181,bybit,0.005582,0.0,100740.0,0.0
2025-07-25T08:17:15.690454,bitget,0.005581,0.005587,11502.0,22000.0
2025-07-25T08:17:15.830154,bingx,0.00538,0.00587,2081.0,2708.0
2025-07-25T08:17:15.989470,bitget,0.005581,0.005587,11502.0,22000.0
2025-07-25T08:17:16.048273,blofin,0.005588,0.005593,54.0,127.0
2025-07-25T08:17:16.092651,gateio,0.005583,0.005591,1.0,415.0
2025-07-25T08:17:16.163369,lbank,0.005564,0.005581,24379.0,83038.0
2025-07-25T08:17:16.544620,blofin,0.005588,0.005592,11.0,84.0
2025-07-25T08:17:16.590757,bitget,0.005581,0.005587,11502.0,22000.0
2025-07-25T08:17:16.657167,mexc,0.00558,0.0056,1016530.0,1016530.0
2025-07-25T08:17:16.666500,lbank,0.005564,0.005581,24379.0,83038.0
2025-07-25T08:17:16.682463,bitmart,0.00557,0.00561,12726.0,13711.0
2025-07-25T08:17:16.739288,bingx,0.00538,0.00587,2081.0,2708.0
2025-07-25T08:17:16.742350,bitget,0.005587,0.005588,48972.0,31502.0
2025-07-25T08:17:16.890656,bitget,0.005581,0.005587,31502.0,48972.0
2025-07-25T08:17:17.041157,bitget,0.005581,0.005587,31502.0,48972.0
2025-07-25T08:17:17.054209,blofin,0.005588,0.005592,11.0,84.0
2025-07-25T08:17:17.163590,lbank,0.005564,0.005581,24379.0,83038.0
2025-07-25T08:17:17.191603,bitget,0.005582,0.005587,11528.0,48972.0
2025-07-25T08:17:17.350740,bitget,0.005582,0.005587,11528.0,50972.0
2025-07-25T08:17:17.546401,blofin,0.005589,0.005592,40.0,1.0
2025-07-25T08:17:17.565886,bitmart,0.00557,0.00561,12726.0,13711.0
2025-07-25T08:17:17.639838,bingx,0.00538,0.00587,2081.0,2708.0
2025-07-25T08:17:17.664084,lbank,0.005564,0.005581,24379.0,83038.0
2025-07-25T08:17:17.762017,gateio,0.005583,0.005591,1.0,349.0
2025-07-25T08:17:17.765849,bybit,0.005582,0.005583,82830.0,8340.0
2025-07-25T08:17:17.867204,bybit,0.005582,0.005585,38170.0,360.0
2025-07-25T08:17:17.940513,bitget,0.005581,0.005587,11528.0,50972.0
2025-07-25T08:17:18.045388,blofin,0.005589,0.005592,40.0,1.0
2025-07-25T08:17:18.168070,lbank,0.005564,0.005581,24379.0,83038.0
2025-07-25T08:17:18.366049,bybit,0.0,0.0,0.0,0.0
2025-07-25T08:17:18.541683,bitget,0.005581,0.005587,11528.0,50972.0
2025-07-25T08:17:18.542431,bingx,0.00538,0.00587,2081.0,2708.0
2025-07-25T08:17:18.561850,bitmart,0.00557,0.00561,12726.0,13711.0
2025-07-25T08:17:18.567843,blofin,0.005589,0.005592,40.0,1.0
2025-07-25T08:17:18.663764,lbank,0.005564,0.005581,24379.0,83038.0
2025-07-25T08:17:18.666496,bybit,0.005582,0.0,82830.0,0.0
2025-07-25T08:17:18.691177,bitget,0.005581,0.005587,11528.0,50972.0
2025-07-25T08:17:18.851946,bingx,0.00538,0.00587,2081.0,2708.0
2025-07-25T08:17:18.966344,bybit,0.0,0.0,0.0,0.0
2025-07-25T08:17:18.991566,bitget,0.005581,0.005587,11528.0,50972.0
2025-07-25T08:17:19.049284,blofin,0.00559,0.005592,37.0,1.0
2025-07-25T08:17:19.058375,mexc,0.00558,0.0056,1016530.0,1016530.0
2025-07-25T08:17:19.165747,lbank,0.005564,0.005581,24379.0,83038.0
2025-07-25T08:17:19.166170,bybit,0.005582,0.0,100740.0,0.0
2025-07-25T08:17:19.291378,bitget,0.005581,0.005587,11528.0,50972.0
2025-07-25T08:17:19.366230,bybit,0.005582,0.0,82830.0,0.0
2025-07-25T08:17:19.465682,bybit,0.005582,0.0,38170.0,0.0
2025-07-25T08:17:19.553656,blofin,0.00559,0.005592,37.0,1.0
2025-07-25T08:17:19.592643,bitget,0.005581,0.005587,11528.0,50972.0
2025-07-25T08:17:19.627188,bitmart,0.00557,0.00561,12726.0,13711.0
2025-07-25T08:17:19.663163,lbank,0.005564,0.005581,24379.0,83038.0
2025-07-25T08:17:19.716548,gateio,0.005585,0.005591,1119.0,349.0
2025-07-25T08:17:19.742672,bitget,0.005581,0.005587,11528.0,2000.0
2025-07-25T08:17:19.751141,bingx,0.00538,0.00587,2081.0,2708.0
2025-07-25T08:17:19.892268,bitget,0.005581,0.005587,11528.0,2000.0
2025-07-25T08:17:19.966048,bybit,0.005582,0.0,82830.0,0.0
2025-07-25T08:17:20.041625,bitget,0.005581,0.005588,11528.0,3608.0
2025-07-25T08:17:20.062454,blofin,0.00559,0.005593,2.0,56.0
2025-07-25T08:17:20.166484,bybit,0.005582,0.0,100740.0,0.0
2025-07-25T08:17:20.183258,gateio,0.005583,0.005591,1.0,349.0
2025-07-25T08:17:20.283990,lbank,0.005564,0.005581,24379.0,83038.0
2025-07-25T08:17:20.558384,blofin,0.00559,0.005593,2.0,56.0
2025-07-25T08:17:20.650745,bitmart,0.00557,0.00561,12726.0,13711.0
2025-07-25T08:17:20.663046,bingx,0.00538,0.00587,2081.0,2708.0
2025-07-25T08:17:20.664184,lbank,0.005564,0.005581,24379.0,83038.0
2025-07-25T08:17:21.058190,blofin,0.005588,0.005593,312.0,60.0
2025-07-25T08:17:21.243340,bitget,0.005581,0.005588,11528.0,3608.0
2025-07-25T08:17:21.453024,mexc,0.00558,0.0056,1016530.0,1016530.0
2025-07-25T08:17:21.549808,blofin,0.005588,0.005593,312.0,60.0
2025-07-25T08:17:21.555125,bingx,0.00538,0.00587,2081.0,2708.0
2025-07-25T08:17:21.635287,bitmart,0.00557,0.00561,12726.0,13711.0
2025-07-25T08:17:21.692559,bitget,0.005581,0.005588,11528.0,3608.0
2025-07-25T08:17:21.864077,bingx,0.00538,0.00587,2081.0,2708.0
2025-07-25T08:17:22.062626,blofin,0.005588,0.005593,67.0,10.0
2025-07-25T08:17:22.073278,gateio,0.005586,0.005595,349.0,101.0
2025-07-25T08:17:22.093714,gateio,0.00559,0.005595,349.0,1.0
2025-07-25T08:17:22.106543,gateio,0.005591,0.005603,1.0,349.0
2025-07-25T08:17:22.116602,gateio,0.005591,0.005598,133.0,349.0
2025-07-25T08:17:22.132593,gateio,0.005591,0.0056,133.0,349.0
2025-07-25T08:17:22.144532,bitget,0.005581,0.005588,11528.0,3608.0
2025-07-25T08:17:22.144687,gateio,0.005591,0.005602,133.0,100.0
2025-07-25T08:17:22.165282,lbank,0.005564,0.005581,24379.0,83038.0
2025-07-25T08:17:22.166111,bybit,0.00559,0.005598,57630.0,4420.0
2025-07-25T08:17:22.204438,gateio,0.005592,0.005602,1.0,100.0
2025-07-25T08:17:22.265831,bybit,0.005591,0.0,27180.0,0.0
2025-07-25T08:17:22.293388,bitget,0.005591,0.005597,26393.0,36186.0
2025-07-25T08:17:22.294389,gateio,0.005594,0.005602,349.0,100.0
2025-07-25T08:17:22.304596,gateio,0.005595,0.005602,1.0,100.0
2025-07-25T08:17:22.363642,gateio,0.005595,0.005602,1.0,166.0
2025-07-25T08:17:22.365724,bybit,0.005594,0.005599,38170.0,4860.0
2025-07-25T08:17:22.421988,gateio,0.005595,0.005602,67.0,166.0
2025-07-25T08:17:22.444086,bitget,0.005592,0.005599,11528.0,11230.0
2025-07-25T08:17:22.466079,bybit,0.005595,0.0,17870.0,0.0
2025-07-25T08:17:22.547609,blofin,0.005588,0.005593,67.0,10.0
2025-07-25T08:17:22.566671,bybit,0.005594,0.0,82830.0,0.0
2025-07-25T08:17:22.588973,gateio,0.005596,0.005602,1.0,166.0
2025-07-25T08:17:22.593907,bitget,0.005592,0.0056,11528.0,11235.0
2025-07-25T08:17:22.660717,bitmart,0.005572,0.00561,286529.0,13711.0
2025-07-25T08:17:22.664009,lbank,0.005563,0.005586,82690.0,12377.0
2025-07-25T08:17:22.666890,bybit,0.005594,0.0,55360.0,0.0
2025-07-25T08:17:22.716577,gateio,0.005599,0.005602,964.0,166.0
2025-07-25T08:17:22.734618,gateio,0.005596,0.005602,1.0,66.0
2025-07-25T08:17:22.743337,bitget,0.005592,0.005601,11528.0,56207.0
2025-07-25T08:17:22.756833,bingx,0.00538,0.00587,2081.0,2708.0
2025-07-25T08:17:22.766227,bybit,0.005594,0.0,38170.0,0.0
2025-07-25T08:17:22.866006,bybit,0.005594,0.0,40600.0,0.0
2025-07-25T08:17:22.894054,bitget,0.005593,0.005601,36186.0,56207.0
2025-07-25T08:17:22.966304,bybit,0.005595,0.0,17870.0,0.0
2025-07-25T08:17:23.044545,bitget,0.005594,0.005601,11528.0,58207.0
2025-07-25T08:17:23.053509,blofin,0.005588,0.005593,72.0,206.0
2025-07-25T08:17:23.065814,bybit,0.005594,0.005598,38170.0,8340.0
2025-07-25T08:17:23.165013,lbank,0.005563,0.005591,82690.0,14389.0
2025-07-25T08:17:23.166074,bybit,0.005594,0.005597,34850.0,8340.0
2025-07-25T08:17:23.198305,bitget,0.005594,0.005601,11528.0,58207.0
2025-07-25T08:17:23.265970,bybit,0.005594,0.0,79510.0,0.0
2025-07-25T08:17:23.280475,gateio,0.005595,0.005602,1.0,66.0
2025-07-25T08:17:23.343805,bitget,0.005594,0.0056,11528.0,11528.0
2025-07-25T08:17:23.495309,bitget,0.005594,0.0056,11528.0,31528.0
2025-07-25T08:17:23.556627,blofin,0.005588,0.005593,72.0,206.0
2025-07-25T08:17:23.644021,bitget,0.005594,0.0056,11528.0,33528.0
2025-07-25T08:17:23.648710,bitmart,0.005572,0.00561,286529.0,13711.0
2025-07-25T08:17:23.660124,bingx,0.00538,0.00587,2081.0,2708.0
2025-07-25T08:17:23.665560,lbank,0.005574,0.005595,144146.0,17048.0
2025-07-25T08:17:23.833943,mexc,0.0056,0.00561,1016530.0,1016530.0
2025-07-25T08:17:24.039314,blofin,0.005588,0.005593,72.0,206.0
2025-07-25T08:17:24.556833,blofin,0.0056,0.005603,125.0,985.0
2025-07-25T08:17:24.567300,bingx,0.00538,0.00587,2081.0,2708.0
2025-07-25T08:17:24.660744,bitmart,0.005572,0.00561,286529.0,13711.0
2025-07-25T08:17:24.904738,bingx,0.00538,0.00587,2081.0,2708.0
2025-07-25T08:17:24.995890,bitget,0.005594,0.0056,11528.0,33528.0
2025-07-25T08:17:25.047431,blofin,0.0056,0.005603,125.0,985.0
2025-07-25T08:17:25.278978,lbank,0.005574,0.005595,144146.0,17048.0
2025-07-25T08:17:25.295361,bitget,0.005594,0.0056,11528.0,33528.0
2025-07-25T08:17:25.445379,bitget,0.005594,0.0056,11528.0,33528.0
2025-07-25T08:17:25.554108,blofin,0.0056,0.005603,29.0,973.0
2025-07-25T08:17:25.565626,bitmart,0.005572,0.00561,286529.0,13711.0
2025-07-25T08:17:25.661130,lbank,0.005574,0.005595,144146.0,17048.0
2025-07-25T08:17:25.716605,gateio,0.005597,0.005602,1034.0,66.0
2025-07-25T08:17:25.771001,bingx,0.00538,0.00587,2081.0,2708.0
2025-07-25T08:17:25.866123,bybit,0.005594,0.0,82830.0,0.0
2025-07-25T08:17:25.974808,gateio,0.005595,0.005602,1.0,66.0
2025-07-25T08:17:26.057828,blofin,0.0056,0.005603,29.0,973.0
2025-07-25T08:17:26.169232,lbank,0.005574,0.005595,144146.0,17048.0
2025-07-25T08:17:26.201169,mexc,0.0056,0.00561,1016530.0,1016530.0
2025-07-25T08:17:26.265732,bybit,0.005594,0.0,100700.0,0.0
2025-07-25T08:17:26.366264,bybit,0.005594,0.005596,79970.0,8340.0
2025-07-25T08:17:26.466371,bybit,0.0,0.0,0.0,0.0
2025-07-25T08:17:26.496560,bitget,0.005593,0.0056,36186.0,33528.0
2025-07-25T08:17:26.533543,blofin,0.0056,0.005603,28.0,974.0
2025-07-25T08:17:26.565890,bybit,0.005594,0.0,83290.0,0.0
2025-07-25T08:17:26.620118,bitmart,0.005572,0.00561,286529.0,13711.0
2025-07-25T08:17:26.645613,bitget,0.005593,0.0056,36186.0,33528.0
2025-07-25T08:17:26.664821,lbank,0.005574,0.005595,144146.0,17048.0
2025-07-25T08:17:26.670140,bingx,0.00538,0.00587,2081.0,2708.0
2025-07-25T08:17:26.766102,bybit,0.005594,0.0,79970.0,0.0
2025-07-25T08:17:26.796092,bitget,0.005593,0.0056,36186.0,33528.0
2025-07-25T08:17:26.966836,bybit,0.005594,0.0,83290.0,0.0
2025-07-25T08:17:27.044941,blofin,0.0056,0.005603,28.0,974.0
2025-07-25T08:17:27.466029,bybit,0.0,0.005599,0.0,13690.0
2025-07-25T08:17:27.542773,blofin,0.0056,0.005603,10.0,996.0
2025-07-25T08:17:27.573145,bingx,0.00538,0.00587,2081.0,2708.0
2025-07-25T08:17:27.632862,bitmart,0.005572,0.00561,286529.0,13711.0
2025-07-25T08:17:27.754694,gateio,0.005595,0.005602,67.0,66.0
2025-07-25T08:17:27.799174,gateio,0.005595,0.005602,66.0,66.0
2025-07-25T08:17:27.836292,gateio,0.005596,0.005602,1.0,66.0
2025-07-25T08:17:27.847724,bitget,0.005594,0.0056,11315.0,22000.0
2025-07-25T08:17:27.871866,bingx,0.00538,0.00587,2081.0,2708.0
2025-07-25T08:17:27.966253,bybit,0.005594,0.0,98250.0,0.0
2025-07-25T08:17:27.997247,bitget,0.005594,0.0056,11315.0,22000.0
2025-07-25T08:17:28.053389,blofin,0.0056,0.005603,10.0,996.0
2025-07-25T08:17:28.066289,bybit,0.005594,0.0,83290.0,0.0
2025-07-25T08:17:28.147134,bitget,0.005594,0.0056,11315.0,22000.0
2025-07-25T08:17:28.166341,bybit,0.005594,0.005599,79970.0,17010.0
2025-07-25T08:17:28.169714,lbank,0.005574,0.005595,144146.0,17048.0
2025-07-25T08:17:28.298434,bitget,0.005594,0.0056,11315.0,22000.0
2025-07-25T08:17:28.465770,bybit,0.005594,0.005599,83290.0,15320.0
2025-07-25T08:17:28.558894,blofin,0.0056,0.005603,85.0,1125.0
2025-07-25T08:17:28.566450,bybit,0.0,0.005599,0.0,13690.0
2025-07-25T08:17:28.600052,mexc,0.0056,0.00561,1016530.0,1016530.0
2025-07-25T08:17:28.620733,bitmart,0.005574,0.00561,397799.0,13711.0
2025-07-25T08:17:28.717287,gateio,0.005598,0.005602,1223.0,66.0
2025-07-25T08:17:28.778054,bingx,0.00538,0.00587,2081.0,2708.0
2025-07-25T08:17:28.930734,gateio,0.005596,0.005602,1.0,66.0
2025-07-25T08:17:28.965976,bybit,0.005594,0.0,79970.0,0.0
2025-07-25T08:17:29.049057,bitget,0.005594,0.0056,11315.0,22000.0
2025-07-25T08:17:29.067437,blofin,0.0056,0.005603,85.0,1125.0
2025-07-25T08:17:29.166291,lbank,0.005574,0.005595,144146.0,17048.0
2025-07-25T08:17:29.265931,bybit,0.005594,0.0,83290.0,0.0
2025-07-25T08:17:29.366165,bybit,0.005594,0.0,83000.0,0.0
2025-07-25T08:17:29.548469,gateio,0.005596,0.005603,1.0,66.0
2025-07-25T08:17:29.556173,blofin,0.0056,0.005603,146.0,490.0
2025-07-25T08:17:29.566810,bybit,0.005594,0.005599,86320.0,4860.0
2025-07-25T08:17:29.594884,gateio,0.005596,0.005603,67.0,132.0
2025-07-25T08:17:29.623775,gateio,0.005597,0.005603,1.0,132.0
2025-07-25T08:17:29.632941,bitmart,0.005574,0.00561,397799.0,13711.0
2025-07-25T08:17:29.647913,bitget,0.005594,0.0056,11315.0,22000.0
2025-07-25T08:17:29.662445,lbank,0.005574,0.005595,144146.0,17048.0
2025-07-25T08:17:29.679669,bingx,0.00538,0.00587,2081.0,2708.0
2025-07-25T08:17:29.712986,gateio,0.005598,0.005607,349.0,1.0
2025-07-25T08:17:29.766368,bybit,0.005598,0.005603,38170.0,6910.0
2025-07-25T08:17:29.799156,bitget,0.0056,0.005601,20000.0,8786.0
2025-07-25T08:17:29.812736,gateio,0.005599,0.005608,1.0,349.0
2025-07-25T08:17:29.866160,bybit,0.0,0.0,0.0,0.0
2025-07-25T08:17:29.948562,bitget,0.0056,0.005601,20000.0,8786.0
2025-07-25T08:17:30.050086,blofin,0.0056,0.005603,146.0,490.0
2025-07-25T08:17:30.065615,bybit,0.005598,0.0,82830.0,0.0
2025-07-25T08:17:30.099232,bitget,0.005599,0.005605,20000.0,36186.0
2025-07-25T08:17:30.247823,bitget,0.0056,0.005605,11315.0,36186.0
2025-07-25T08:17:30.270725,lbank,0.005574,0.005595,144146.0,17048.0
2025-07-25T08:17:30.545292,blofin,0.005601,0.005603,84.0,490.0
2025-07-25T08:17:30.548953,bitget,0.0056,0.005605,11315.0,38186.0
2025-07-25T08:17:30.584257,bingx,0.00538,0.00587,2081.0,2708.0
2025-07-25T08:17:30.635250,bitmart,0.00558,0.005636,12703.0,611023.0
2025-07-25T08:17:30.662987,lbank,0.005574,0.005595,144146.0,17048.0
2025-07-25T08:17:30.848611,bitget,0.0056,0.005605,11315.0,38186.0
2025-07-25T08:17:30.881938,bingx,0.00538,0.00587,2081.0,2708.0
2025-07-25T08:17:30.955442,mexc,0.0056,0.00561,1016530.0,1016530.0
2025-07-25T08:17:30.965755,bybit,0.0,0.0,0.0,0.0
2025-07-25T08:17:31.060374,blofin,0.005601,0.005603,84.0,490.0
2025-07-25T08:17:31.066353,bybit,0.005599,0.0,17850.0,0.0
2025-07-25T08:17:31.165714,lbank,0.005574,0.005595,144146.0,17048.0
2025-07-25T08:17:31.167295,bybit,0.005599,0.0,62510.0,0.0
2025-07-25T08:17:31.301157,bitget,0.0056,0.005605,11315.0,38186.0
2025-07-25T08:17:31.365974,bybit,0.005599,0.0,97360.0,0.0
2025-07-25T08:17:31.448622,bitget,0.005601,0.005608,20000.0,36186.0
2025-07-25T08:17:31.466696,bybit,0.005599,0.0,112450.0,0.0
2025-07-25T08:17:31.552416,blofin,0.005605,0.005608,108.0,752.0
2025-07-25T08:17:31.600775,bitget,0.005602,0.005608,11315.0,36186.0
2025-07-25T08:17:31.668218,bitmart,0.00558,0.00563,12703.0,13662.0
2025-07-25T08:17:31.743319,gateio,0.005602,0.005608,924.0,349.0
2025-07-25T08:17:31.750114,bitget,0.005602,0.005608,11315.0,24877.0
2025-07-25T08:17:31.765874,bybit,0.005599,0.0,97360.0,0.0
2025-07-25T08:17:31.788700,bingx,0.00538,0.00587,2081.0,2708.0
2025-07-25T08:17:31.877071,gateio,0.005599,0.005608,1.0,349.0
2025-07-25T08:17:31.901136,bitget,0.005602,0.005608,11315.0,36192.0
2025-07-25T08:17:32.049551,bitget,0.005602,0.005608,11315.0,37121.0
2025-07-25T08:17:32.051608,blofin,0.005605,0.005608,108.0,752.0
2025-07-25T08:17:32.166267,bybit,0.0,0.0,0.0,0.0
2025-07-25T08:17:32.265854,bybit,0.005599,0.0,112450.0,0.0
2025-07-25T08:17:32.349769,bitget,0.005602,0.005608,11315.0,25806.0
2025-07-25T08:17:32.457292,gateio,0.005599,0.005611,1.0,350.0
2025-07-25T08:17:32.478529,gateio,0.005599,0.005611,101.0,350.0
2025-07-25T08:17:32.494249,gateio,0.005602,0.005611,349.0,350.0
2025-07-25T08:17:32.552962,blofin,0.005607,0.005608,58.0,565.0
2025-07-25T08:17:32.560544,gateio,0.005602,0.005611,349.0,349.0
2025-07-25T08:17:32.612914,bitmart,0.00558,0.00563,12703.0,13662.0
2025-07-25T08:17:32.650186,bitget,0.005602,0.005608,11315.0,25806.0
2025-07-25T08:17:32.669978,bybit,0.005599,0.0,114980.0,0.0
2025-07-25T08:17:32.689138,bingx,0.00538,0.00587,2081.0,2708.0
2025-07-25T08:17:32.696640,gateio,0.005603,0.005611,1.0,349.0
2025-07-25T08:17:32.766105,bybit,0.005599,0.0,112450.0,0.0
2025-07-25T08:17:32.800603,bitget,0.005602,0.005608,31315.0,23806.0
2025-07-25T08:17:32.866186,bybit,0.005599,0.0,129790.0,0.0
2025-07-25T08:17:32.954162,bitget,0.005603,0.005608,11315.0,23806.0
2025-07-25T08:17:32.962665,gateio,0.005603,0.005612,1.0,349.0
2025-07-25T08:17:32.970985,bybit,0.005602,0.005607,34850.0,140.0
2025-07-25T08:17:33.041211,blofin,0.005607,0.005608,58.0,565.0
2025-07-25T08:17:33.066037,bybit,0.005602,0.0,79510.0,0.0
2025-07-25T08:17:33.107026,bitget,0.005603,0.005609,11315.0,2000.0
2025-07-25T08:17:33.166454,lbank,0.005574,0.005606,72073.0,103485.0
2025-07-25T08:17:33.251015,bitget,0.005603,0.005608,11315.0,2000.0
2025-07-25T08:17:33.341008,mexc,0.0056,0.00561,1016530.0,1016530.0
2025-07-25T08:17:33.365936,bybit,0.0,0.005607,0.0,3460.0
2025-07-25T08:17:33.565904,bybit,0.0,0.005607,0.0,140.0
2025-07-25T08:17:33.569824,blofin,0.005607,0.005608,58.0,565.0
2025-07-25T08:17:33.601720,bingx,0.00538,0.00587,2081.0,2708.0
2025-07-25T08:17:33.629157,bitmart,0.00558,0.00563,222050.0,13662.0
2025-07-25T08:17:33.663398,lbank,0.005574,0.005603,72073.0,34920.0
2025-07-25T08:17:33.705285,bitget,0.005603,0.005608,11315.0,2000.0
2025-07-25T08:17:33.900674,bingx,0.00538,0.00587,2081.0,2708.0
2025-07-25T08:17:33.965869,bybit,0.0,0.0,0.0,0.0
2025-07-25T08:17:34.016581,gateio,0.005603,0.005611,1.0,349.0
2025-07-25T08:17:34.067425,blofin,0.005608,0.005609,185.0,1407.0
2025-07-25T08:17:34.096496,gateio,0.005603,0.005611,1.0,481.0
2025-07-25T08:17:34.150373,bitget,0.005603,0.005608,11315.0,2000.0
2025-07-25T08:17:34.163612,lbank,0.005582,0.005604,55878.0,82544.0
2025-07-25T08:17:34.536480,blofin,0.005608,0.005609,185.0,1407.0
2025-07-25T08:17:34.568419,gateio,0.005603,0.005611,1.0,132.0
2025-07-25T08:17:34.610948,bitmart,0.00558,0.00563,222050.0,13662.0
2025-07-25T08:17:34.716713,gateio,0.005605,0.005611,1169.0,132.0
2025-07-25T08:17:34.751221,bitget,0.005603,0.005608,11315.0,2000.0
2025-07-25T08:17:34.780978,gateio,0.005603,0.005611,67.0,132.0
2025-07-25T08:17:34.798845,bingx,0.00538,0.00587,2081.0,2708.0
2025-07-25T08:17:34.822311,gateio,0.005604,0.005611,1.0,132.0
2025-07-25T08:17:34.865912,bybit,0.005602,0.005605,97350.0,8340.0
2025-07-25T08:17:34.898693,gateio,0.005602,0.005611,349.0,132.0
2025-07-25T08:17:34.901857,bitget,0.005603,0.005608,11315.0,2000.0
2025-07-25T08:17:34.965837,bybit,0.005602,0.005607,34850.0,3460.0
2025-07-25T08:17:34.991002,gateio,0.005603,0.005611,1.0,132.0
2025-07-25T08:17:35.045442,blofin,0.005608,0.005609,68.0,1407.0
2025-07-25T08:17:35.050967,bitget,0.005602,0.005608,31315.0,2000.0
2025-07-25T08:17:35.065618,bybit,0.0,0.005605,0.0,8340.0
2025-07-25T08:17:35.166429,bybit,0.0,0.0,0.0,0.0
2025-07-25T08:17:35.201623,bitget,0.005602,0.005608,31315.0,2000.0
2025-07-25T08:17:35.265591,bybit,0.005602,0.0,79510.0,0.0
2025-07-25T08:17:35.280841,lbank,0.005585,0.005603,50966.0,8524.0
2025-07-25T08:17:35.355672,bitget,0.005602,0.005608,31315.0,2000.0
2025-07-25T08:17:35.466076,bybit,0.0,0.005607,0.0,140.0
2025-07-25T08:17:35.502892,bitget,0.005603,0.005608,11370.0,2000.0
2025-07-25T08:17:35.526458,gateio,0.005603,0.005611,67.0,132.0
2025-07-25T08:17:35.544896,blofin,0.005608,0.005609,68.0,1407.0
2025-07-25T08:17:35.565713,bybit,0.005602,0.0,96720.0,0.0
2025-07-25T08:17:35.596480,gateio,0.005604,0.005611,1.0,132.0
2025-07-25T08:17:35.634902,bitmart,0.00558,0.00563,222050.0,13662.0
2025-07-25T08:17:35.662002,lbank,0.005584,0.005601,71926.0,8524.0
2025-07-25T08:17:35.666286,bybit,0.0,0.0,0.0,0.0
2025-07-25T08:17:35.710512,bingx,0.00538,0.00587,2081.0,2708.0
2025-07-25T08:17:35.710843,mexc,0.0056,0.00561,1016530.0,1016530.0
2025-07-25T08:17:36.053057,blofin,0.005608,0.005609,70.0,1407.0
2025-07-25T08:17:36.171052,lbank,0.005584,0.005601,71926.0,8524.0
2025-07-25T08:17:36.197150,gateio,0.005602,0.005611,349.0,132.0
2025-07-25T08:17:36.514524,gateio,0.005603,0.005611,67.0,132.0
2025-07-25T08:17:36.540078,blofin,0.005608,0.005609,70.0,1407.0
2025-07-25T08:17:36.596411,gateio,0.005603,0.005611,66.0,132.0
2025-07-25T08:17:36.603303,bingx,0.00538,0.00587,2081.0,2708.0
2025-07-25T08:17:36.614982,bitmart,0.00558,0.00563,222050.0,13662.0
2025-07-25T08:17:36.664173,lbank,0.005584,0.005601,71926.0,8524.0
2025-07-25T08:17:36.909865,bingx,0.00538,0.00587,2081.0,2708.0
2025-07-25T08:17:37.014135,gateio,0.005604,0.005611,1.0,132.0
2025-07-25T08:17:37.052364,blofin,0.005608,0.005609,138.0,1407.0
2025-07-25T08:17:37.096663,gateio,0.005602,0.005611,349.0,132.0
2025-07-25T08:17:37.161672,lbank,0.005584,0.005603,71926.0,8524.0
2025-07-25T08:17:37.266387,bybit,0.0,0.005607,0.0,2850.0
2025-07-25T08:17:37.465855,bybit,0.0,0.005607,0.0,140.0
2025-07-25T08:17:37.517428,gateio,0.005603,0.005611,67.0,132.0
2025-07-25T08:17:37.547688,blofin,0.005608,0.005609,138.0,1407.0
2025-07-25T08:17:37.596428,gateio,0.005603,0.005611,66.0,132.0
2025-07-25T08:17:37.612637,gateio,0.005604,0.005611,1.0,132.0
2025-07-25T08:17:37.628703,bitmart,0.00558,0.00563,511401.0,13662.0
2025-07-25T08:17:37.674109,lbank,0.005584,0.005603,71926.0,8524.0
2025-07-25T08:17:37.763895,bitget,0.005603,0.005608,31370.0,2000.0
2025-07-25T08:17:37.766008,bybit,0.005602,0.005605,78880.0,8340.0
2025-07-25T08:17:37.799181,gateio,0.005603,0.005611,1.0,132.0
2025-07-25T08:17:37.808136,bingx,0.00538,0.00587,2081.0,2708.0
2025-07-25T08:17:37.865653,bybit,0.005602,0.0,34220.0,0.0
2025-07-25T08:17:37.903341,bitget,0.005602,0.005608,31315.0,13370.0
2025-07-25T08:17:38.053119,blofin,0.005608,0.005609,138.0,1407.0
2025-07-25T08:17:38.054839,bitget,0.005602,0.005608,31315.0,13370.0
2025-07-25T08:17:38.062713,gateio,0.005603,0.00561,1.0,349.0
2025-07-25T08:17:38.098345,gateio,0.005599,0.00561,100.0,349.0
2025-07-25T08:17:38.113715,mexc,0.0056,0.00561,1016530.0,1016530.0
2025-07-25T08:17:38.166952,lbank,0.005585,0.005603,50966.0,8524.0
2025-07-25T08:17:38.203055,bitget,0.005602,0.005608,20000.0,13370.0
2025-07-25T08:17:38.208432,gateio,0.0056,0.00561,1.0,349.0
2025-07-25T08:17:38.352759,bitget,0.005602,0.005608,20000.0,13370.0
2025-07-25T08:17:38.366547,bybit,0.0,0.005605,0.0,11050.0
2025-07-25T08:17:38.452461,gateio,0.0056,0.005608,1.0,349.0
2025-07-25T08:17:38.465912,bybit,0.0,0.005605,0.0,8340.0
2025-07-25T08:17:38.496646,gateio,0.0056,0.005608,1.0,415.0
2025-07-25T08:17:38.512004,bitget,0.005602,0.005608,20000.0,13370.0
2025-07-25T08:17:38.514435,gateio,0.0056,0.005608,67.0,415.0
2025-07-25T08:17:38.552758,blofin,0.005608,0.005609,138.0,1407.0
2025-07-25T08:17:38.566265,bybit,0.005602,0.005607,37540.0,140.0
2025-07-25T08:17:38.598373,gateio,0.0056,0.005608,66.0,415.0
2025-07-25T08:17:38.612875,gateio,0.005601,0.005608,1.0,415.0
2025-07-25T08:17:38.624271,gateio,0.005601,0.005608,67.0,349.0
2025-07-25T08:17:38.650882,bitmart,0.00558,0.00563,12703.0,13662.0
2025-07-25T08:17:38.653988,bitget,0.005602,0.005608,20000.0,13370.0
2025-07-25T08:17:38.665561,bybit,0.005602,0.0,55380.0,0.0
2025-07-25T08:17:38.714541,bingx,0.00538,0.00587,2081.0,2708.0
2025-07-25T08:17:38.804042,bitget,0.005602,0.005608,31370.0,13370.0
2025-07-25T08:17:38.954769,bitget,0.005602,0.005608,31370.0,13370.0
2025-07-25T08:17:39.017458,gateio,0.005602,0.005611,1.0,66.0
2025-07-25T08:17:39.036360,blofin,0.005608,0.005609,138.0,1407.0
2025-07-25T08:17:39.064412,gateio,0.005603,0.005611,349.0,66.0
2025-07-25T08:17:39.099205,gateio,0.005603,0.005611,349.0,132.0
2025-07-25T08:17:39.104156,bitget,0.005602,0.005608,31370.0,13370.0
2025-07-25T08:17:39.110476,gateio,0.005604,0.005611,1.0,132.0
2025-07-25T08:17:39.166449,bybit,0.0,0.005607,0.0,2850.0
2025-07-25T08:17:39.253932,bitget,0.005603,0.005608,31370.0,2000.0
2025-07-25T08:17:39.465744,bybit,0.005602,0.005607,100040.0,4480.0
2025-07-25T08:17:39.558225,blofin,0.005607,0.005609,67.0,1407.0
2025-07-25T08:17:39.565905,bybit,0.0,0.005607,0.0,140.0
2025-07-25T08:17:39.626368,bingx,0.00538,0.00587,2081.0,2708.0
2025-07-25T08:17:39.648509,bitmart,0.00558,0.00563,352401.0,13662.0
2025-07-25T08:17:39.766855,bybit,0.005602,0.0,55380.0,0.0
2025-07-25T08:17:39.853995,bitget,0.005603,0.005608,31370.0,2000.0
2025-07-25T08:17:39.913816,bingx,0.00538,0.00587,2081.0,2708.0
2025-07-25T08:17:40.061771,blofin,0.005607,0.005609,67.0,1407.0
2025-07-25T08:17:40.066168,bybit,0.0,0.005607,0.0,2850.0
2025-07-25T08:17:40.097240,gateio,0.005601,0.005611,66.0,132.0
2025-07-25T08:17:40.158595,gateio,0.005602,0.005611,1.0,132.0
2025-07-25T08:17:40.166054,bybit,0.0,0.005607,0.0,4480.0
2025-07-25T08:17:40.365747,bybit,0.0,0.005607,0.0,2850.0
2025-07-25T08:17:40.456486,bitget,0.005604,0.005608,11370.0,2000.0
2025-07-25T08:17:40.466909,bybit,0.0,0.005607,0.0,140.0
2025-07-25T08:17:40.476451,lbank,0.005585,0.005603,50966.0,8524.0
2025-07-25T08:17:40.491267,mexc,0.00561,0.00562,1016530.0,1016530.0
2025-07-25T08:17:40.544569,blofin,0.005608,0.005609,126.0,1407.0
2025-07-25T08:17:40.660835,bitmart,0.00558,0.00563,352401.0,13662.0
2025-07-25T08:17:40.734447,gateio,0.005605,0.005611,1342.0,132.0
2025-07-25T08:17:40.819719,bingx,0.00538,0.00587,2081.0,2708.0
2025-07-25T08:17:41.000492,gateio,0.005603,0.005611,349.0,132.0
2025-07-25T08:17:41.055623,bitget,0.005604,0.005608,11370.0,2000.0
2025-07-25T08:17:41.056187,blofin,0.005608,0.005609,126.0,1407.0
2025-07-25T08:17:41.109926,gateio,0.005604,0.005611,1.0,132.0
2025-07-25T08:17:41.162560,lbank,0.005585,0.005603,50966.0,8524.0
2025-07-25T08:17:41.166184,bybit,0.0,0.005607,0.0,2830.0
2025-07-25T08:17:41.265526,bybit,0.005602,0.0,100040.0,0.0
2025-07-25T08:17:41.359538,bitget,0.005604,0.005609,11370.0,2000.0
2025-07-25T08:17:41.505138,bitget,0.005604,0.005609,11370.0,38186.0
2025-07-25T08:17:41.554028,blofin,0.005607,0.005609,91.0,1407.0
2025-07-25T08:17:41.566336,bybit,0.0,0.005607,0.0,140.0
2025-07-25T08:17:41.626928,bitmart,0.00558,0.00563,551695.0,13662.0
2025-07-25T08:17:41.654946,bitget,0.005604,0.005609,11370.0,2000.0
2025-07-25T08:17:41.665023,lbank,0.005585,0.005603,50966.0,8524.0
2025-07-25T08:17:41.665751,bybit,0.0,0.005605,0.0,100.0
2025-07-25T08:17:41.688494,gateio,0.005604,0.005611,67.0,132.0
2025-07-25T08:17:41.698855,gateio,0.005605,0.005611,1.0,132.0
2025-07-25T08:17:41.721589,bingx,0.00538,0.00587,2081.0,2708.0
2025-07-25T08:17:41.805233,bitget,0.005604,0.005609,11370.0,2000.0
2025-07-25T08:17:41.956317,bitget,0.005604,0.00561,11370.0,2000.0
2025-07-25T08:17:42.054499,blofin,0.005607,0.005609,91.0,1407.0
2025-07-25T08:17:42.104449,gateio,0.0056,0.005611,1.0,132.0
2025-07-25T08:17:42.105647,bitget,0.005603,0.00561,31370.0,13370.0
2025-07-25T08:17:42.158938,gateio,0.005602,0.005611,349.0,66.0
2025-07-25T08:17:42.166955,lbank,0.005585,0.005603,50966.0,8524.0
2025-07-25T08:17:42.212640,gateio,0.005603,0.005612,1.0,349.0
2025-07-25T08:17:42.256929,bitget,0.005604,0.00561,11370.0,2000.0
2025-07-25T08:17:42.298921,gateio,0.005603,0.005612,66.0,349.0
2025-07-25T08:17:42.354318,gateio,0.005604,0.005612,1.0,349.0
2025-07-25T08:17:42.366008,bybit,0.0,0.005607,0.0,140.0
2025-07-25T08:17:42.405372,bitget,0.005604,0.00561,11370.0,2000.0
2025-07-25T08:17:42.465718,bybit,0.0,0.0,0.0,0.0
2025-07-25T08:17:42.538302,blofin,0.005607,0.005609,91.0,1407.0
2025-07-25T08:17:42.558907,bitget,0.005604,0.005612,11370.0,8768.0
2025-07-25T08:17:42.566133,bybit,0.005602,0.0,102730.0,0.0
2025-07-25T08:17:42.623015,bitmart,0.005584,0.00563,423311.0,13662.0
2025-07-25T08:17:42.624948,bingx,0.00538,0.00587,2081.0,2708.0
2025-07-25T08:17:42.663298,lbank,0.005585,0.005603,50966.0,8524.0
2025-07-25T08:17:42.666043,bybit,0.005602,0.0,120010.0,0.0
2025-07-25T08:17:42.705650,bitget,0.005604,0.005611,31370.0,2000.0
2025-07-25T08:17:42.856096,bitget,0.005605,0.005611,11370.0,2000.0
2025-07-25T08:17:42.870442,mexc,0.00561,0.00562,1016530.0,1016530.0
2025-07-25T08:17:42.920148,bingx,0.00538,0.00587,2081.0,2708.0
2025-07-25T08:17:43.006088,bitget,0.005605,0.005611,31370.0,2000.0
2025-07-25T08:17:43.041265,gateio,0.005604,0.005615,1.0,100.0
2025-07-25T08:17:43.053218,gateio,0.005606,0.005615,349.0,100.0
2025-07-25T08:17:43.065671,bybit,0.005602,0.005607,117460.0,2840.0
2025-07-25T08:17:43.067326,blofin,0.005609,0.005611,42.0,5.0
2025-07-25T08:17:43.094289,gateio,0.005606,0.005615,415.0,100.0
2025-07-25T08:17:43.158996,bitget,0.005606,0.005611,11370.0,2000.0
2025-07-25T08:17:43.166504,bybit,0.005602,0.00561,100040.0,14570.0
2025-07-25T08:17:43.168915,lbank,0.005585,0.005603,50966.0,8524.0
2025-07-25T08:17:43.264206,gateio,0.005607,0.005615,1.0,166.0
2025-07-25T08:17:43.266138,bybit,0.005606,0.00561,38170.0,12880.0
2025-07-25T08:17:43.372362,gateio,0.005607,0.005615,67.0,166.0
2025-07-25T08:17:43.396371,gateio,0.005607,0.005615,66.0,166.0
2025-07-25T08:17:43.412663,gateio,0.005608,0.005615,1.0,166.0
2025-07-25T08:17:43.466449,bitget,0.005606,0.005611,11370.0,2000.0
2025-07-25T08:17:43.466836,bybit,0.005606,0.00561,82820.0,10170.0
2025-07-25T08:17:43.553102,blofin,0.005609,0.005611,42.0,5.0
2025-07-25T08:17:43.565975,bybit,0.00561,0.005619,4860.0,8340.0
2025-07-25T08:17:43.579078,bitmart,0.005584,0.00563,423311.0,13662.0
2025-07-25T08:17:43.608961,bitget,0.005606,0.005611,31370.0,2000.0
2025-07-25T08:17:43.614495,gateio,0.00561,0.00562,449.0,2.0
2025-07-25T08:17:43.660329,gateio,0.00561,0.005619,449.0,349.0
2025-07-25T08:17:43.663033,lbank,0.005585,0.0056,50966.0,83038.0
2025-07-25T08:17:43.666124,bybit,0.005612,0.005616,38170.0,13570.0
2025-07-25T08:17:43.698557,gateio,0.00561,0.00562,515.0,2.0
2025-07-25T08:17:43.712458,gateio,0.005611,0.00562,8.0,2.0
2025-07-25T08:17:43.762828,bitget,0.005609,0.005615,90465.0,255.0
2025-07-25T08:17:43.765984,bybit,0.0,0.005616,0.0,8340.0
2025-07-25T08:17:43.827120,bingx,0.00538,0.00587,2081.0,2708.0
2025-07-25T08:17:43.906874,bitget,0.00561,0.005615,31370.0,255.0
2025-07-25T08:17:44.056583,bitget,0.005611,0.005615,11370.0,255.0
2025-07-25T08:17:44.059770,blofin,0.005612,0.005614,24.0,1236.0
2025-07-25T08:17:44.064480,gateio,0.005611,0.00562,74.0,2.0
2025-07-25T08:17:44.066562,bybit,0.0,0.005616,0.0,9970.0
2025-07-25T08:17:44.098279,gateio,0.005611,0.00562,73.0,2.0
2025-07-25T08:17:44.112536,gateio,0.005612,0.00562,1.0,2.0
2025-07-25T08:17:44.124441,gateio,0.005612,0.00562,1.0,68.0
2025-07-25T08:17:44.165844,lbank,0.005585,0.0056,50966.0,83038.0
2025-07-25T08:17:44.166214,bybit,0.005612,0.0,34850.0,0.0
2025-07-25T08:17:44.207505,bitget,0.005611,0.005615,11370.0,255.0
2025-07-25T08:17:44.265539,bybit,0.0,0.005613,0.0,8340.0
2025-07-25T08:17:44.298478,gateio,0.005611,0.00562,7.0,68.0
2025-07-25T08:17:44.318346,gateio,0.005611,0.00562,8.0,68.0
2025-07-25T08:17:44.359808,bitget,0.00561,0.005615,31370.0,255.0
2025-07-25T08:17:44.366433,bybit,0.00561,0.005612,42180.0,8340.0
2025-07-25T08:17:44.465529,bybit,0.00561,0.005615,45500.0,8340.0
2025-07-25T08:17:44.490906,gateio,0.005611,0.00562,74.0,68.0
2025-07-25T08:17:44.500824,gateio,0.005612,0.00562,1.0,68.0
2025-07-25T08:17:44.507264,bitget,0.00561,0.005615,31370.0,255.0
2025-07-25T08:17:44.565817,bybit,0.0,0.005615,0.0,9970.0
2025-07-25T08:17:44.568495,blofin,0.005612,0.005614,24.0,1236.0
2025-07-25T08:17:44.618871,bitmart,0.00559,0.00563,12680.0,13662.0
2025-07-25T08:17:44.657932,bitget,0.005611,0.005615,11033.0,255.0
2025-07-25T08:17:44.664881,lbank,0.005591,0.005611,17231.0,8524.0
2025-07-25T08:17:44.665762,bybit,0.0,0.005615,0.0,8340.0
2025-07-25T08:17:44.726036,bingx,0.00538,0.00587,2081.0,2708.0
2025-07-25T08:17:44.765924,bybit,0.0,0.0,0.0,0.0
2025-07-25T08:17:44.807963,bitget,0.005611,0.005615,11033.0,255.0
2025-07-25T08:17:44.865752,bybit,0.00561,0.005613,42180.0,8340.0
2025-07-25T08:17:44.894549,gateio,0.005612,0.005618,1.0,349.0
2025-07-25T08:17:44.915798,gateio,0.005611,0.005618,8.0,415.0
2025-07-25T08:17:44.957193,bitget,0.00561,0.005615,11370.0,255.0
2025-07-25T08:17:44.966008,bybit,0.005611,0.005616,13520.0,3320.0
2025-07-25T08:17:45.039803,blofin,0.005616,0.005618,207.0,119.0
2025-07-25T08:17:45.065820,bybit,0.0,0.005614,0.0,8340.0
2025-07-25T08:17:45.099227,gateio,0.005611,0.005618,7.0,415.0
2025-07-25T08:17:45.107988,bitget,0.00561,0.005615,11370.0,255.0
2025-07-25T08:17:45.113171,gateio,0.005609,0.005618,8.0,415.0
2025-07-25T08:17:45.165696,bybit,0.0,0.005615,0.0,1230.0
2025-07-25T08:17:45.197646,gateio,0.005609,0.005618,73.0,415.0
2025-07-25T08:17:45.262475,bitget,0.00561,0.005615,11370.0,255.0
2025-07-25T08:17:45.265603,bybit,0.0,0.005615,0.0,4730.0
2025-07-25T08:17:45.282261,lbank,0.005591,0.005611,17231.0,8524.0
2025-07-25T08:17:45.295239,mexc,0.00561,0.00563,1016530.0,1016530.0
2025-07-25T08:17:45.332389,gateio,0.00561,0.005618,1.0,415.0
2025-07-25T08:17:45.465951,bybit,0.0,0.005615,0.0,6360.0
2025-07-25T08:17:45.526589,blofin,0.005616,0.005618,207.0,119.0
2025-07-25T08:17:45.561575,bitget,0.00561,0.005615,11370.0,255.0
2025-07-25T08:17:45.566255,bybit,0.005611,0.005615,16840.0,2860.0
2025-07-25T08:17:45.629438,bingx,0.00538,0.00587,2081.0,2708.0
2025-07-25T08:17:45.631227,bitmart,0.00559,0.00563,12680.0,13662.0
2025-07-25T08:17:45.666015,bybit,0.0,0.005615,0.0,1230.0
2025-07-25T08:17:45.696734,lbank,0.00559,0.005615,38191.0,91563.0
2025-07-25T08:17:45.707804,bitget,0.00561,0.005615,11370.0,255.0
2025-07-25T08:17:45.776402,gateio,0.00561,0.005618,1.0,349.0
2025-07-25T08:17:45.864899,bitget,0.00561,0.005615,11370.0,255.0
2025-07-25T08:17:45.939995,bingx,0.00538,0.00587,2081.0,2708.0
2025-07-25T08:17:45.993916,gateio,0.00561,0.005619,1.0,66.0
2025-07-25T08:17:46.010628,gateio,0.005612,0.005619,349.0,66.0
2025-07-25T08:17:46.024128,gateio,0.005612,0.005619,415.0,66.0
2025-07-25T08:17:46.052581,blofin,0.005616,0.005618,207.0,119.0
2025-07-25T08:17:46.054553,gateio,0.005612,0.00562,415.0,68.0
2025-07-25T08:17:46.065615,bybit,0.0,0.005615,0.0,4730.0
2025-07-25T08:17:46.112634,gateio,0.005613,0.00562,8.0,68.0
2025-07-25T08:17:46.365969,bybit,0.005611,0.0,13520.0,0.0
2025-07-25T08:17:46.540681,blofin,0.005616,0.005618,3.0,260.0
2025-07-25T08:17:46.565521,bybit,0.0,0.005614,0.0,19450.0
2025-07-25T08:17:46.608621,bitget,0.00561,0.005615,11370.0,255.0
2025-07-25T08:17:46.663322,bitmart,0.00559,0.00563,12680.0,13662.0
2025-07-25T08:17:46.665941,bybit,0.0,0.005615,0.0,1230.0
2025-07-25T08:17:46.757920,bitget,0.00561,0.005615,11370.0,255.0
2025-07-25T08:17:46.766099,bybit,0.0,0.005615,0.0,2860.0
2025-07-25T08:17:46.836524,bingx,0.00538,0.00587,2081.0,2708.0
2025-07-25T08:17:46.865931,bybit,0.0,0.005614,0.0,17820.0
2025-07-25T08:17:46.966187,bybit,0.0,0.005615,0.0,1230.0
2025-07-25T08:17:46.999183,gateio,0.005613,0.00562,139.0,2.0
2025-07-25T08:17:47.014306,gateio,0.005614,0.00562,1.0,2.0
2025-07-25T08:17:47.034700,gateio,0.005614,0.005619,1.0,349.0
2025-07-25T08:17:47.061262,bitget,0.005611,0.005615,36186.0,255.0
2025-07-25T08:17:47.063370,gateio,0.005614,0.00562,1.0,2.0
2025-07-25T08:17:47.065712,bybit,0.005611,0.005615,34650.0,6360.0
2025-07-25T08:17:47.072115,blofin,0.005616,0.005618,3.0,260.0
2025-07-25T08:17:47.124484,gateio,0.005614,0.005619,1.0,349.0
2025-07-25T08:17:47.163505,lbank,0.005584,0.005611,71926.0,8524.0
2025-07-25T08:17:47.165709,bybit,0.0,0.005615,0.0,4730.0
2025-07-25T08:17:47.210962,bitget,0.005611,0.005615,56186.0,255.0
2025-07-25T08:17:47.312642,gateio,0.005609,0.005619,349.0,349.0
2025-07-25T08:17:47.332487,gateio,0.00561,0.005619,349.0,349.0
2025-07-25T08:17:47.362344,bitget,0.005611,0.005615,56186.0,255.0
2025-07-25T08:17:47.365527,bybit,0.005611,0.0,79300.0,0.0
2025-07-25T08:17:47.386526,gateio,0.00561,0.005619,481.0,349.0
2025-07-25T08:17:47.413190,gateio,0.005611,0.005619,8.0,349.0
2025-07-25T08:17:47.465897,bybit,0.0,0.005615,0.0,1230.0
2025-07-25T08:17:47.508401,bitget,0.005611,0.005615,20000.0,255.0
2025-07-25T08:17:47.556955,blofin,0.005616,0.005618,3.0,4.0
2025-07-25T08:17:47.598441,gateio,0.005611,0.005619,8.0,415.0
2025-07-25T08:17:47.613241,bitmart,0.00559,0.00563,107374.0,13662.0
2025-07-25T08:17:47.652331,gateio,0.005611,0.005619,8.0,349.0
2025-07-25T08:17:47.659131,bitget,0.005611,0.005615,31033.0,255.0
2025-07-25T08:17:47.664143,lbank,0.00559,0.005616,24379.0,55700.0
2025-07-25T08:17:47.674348,mexc,0.00561,0.00562,1016530.0,1016530.0
2025-07-25T08:17:47.742373,bingx,0.00538,0.00587,2081.0,2708.0
2025-07-25T08:17:47.808594,bitget,0.005611,0.005615,67219.0,255.0
2025-07-25T08:17:47.959507,bitget,0.005612,0.005615,11033.0,255.0
2025-07-25T08:17:47.965822,bybit,0.005614,0.0,38170.0,0.0
2025-07-25T08:17:47.983966,gateio,0.005611,0.00562,8.0,2.0
2025-07-25T08:17:47.998416,gateio,0.005614,0.00562,349.0,2.0
2025-07-25T08:17:48.058631,blofin,0.005616,0.005618,3.0,4.0
2025-07-25T08:17:48.065996,bybit,0.005614,0.0,55980.0,0.0
2025-07-25T08:17:48.096582,gateio,0.005614,0.00562,415.0,2.0
