timestamp,exchange,bid,ask,bid_vol,ask_vol
2025-07-25T08:16:26.144958,bybit,0.1311,0.1312,500.0,3438.4
2025-07-25T08:16:26.227605,bybit,0.0,0.1312,0.0,3458.8
2025-07-25T08:16:26.682707,bitget,0.13083,0.13086,476.0,377.0
2025-07-25T08:16:26.827933,bitget,0.13083,0.13086,476.0,377.0
2025-07-25T08:16:27.016079,huobi,0.1307,0.131,4389.1734,78.3903
2025-07-25T08:16:27.455858,binance,0.1308,0.1308,0.0,0.0
2025-07-25T08:16:27.664188,bitmart,0.13052,0.1312,40.0,2159.0
2025-07-25T08:16:28.014395,lbank,0.1308,0.131,11181.0,30009.0
2025-07-25T08:16:28.161580,lbank,0.1308,0.131,11181.0,30009.0
2025-07-25T08:16:28.209563,huobi,0.1307,0.131,6962.6234,78.3903
2025-07-25T08:16:28.596851,blofin,0.13082,0.13084,108.0,2.0
2025-07-25T08:16:28.597366,blofin,0.13082,0.13084,108.0,2.0
2025-07-25T08:16:28.659385,lbank,0.1308,0.131,11181.0,30009.0
2025-07-25T08:16:28.660731,bitmart,0.13052,0.1312,51.0,2159.0
2025-07-25T08:16:28.908028,huobi,0.1307,0.131,6623.6234,78.3903
2025-07-25T08:16:28.969973,mexc,0.1308,0.1309,6775040.0,6775040.0
2025-07-25T08:16:29.089776,blofin,0.13082,0.13084,107.0,2.0
2025-07-25T08:16:29.379618,bitget,0.13086,0.13088,377.0,555.0
2025-07-25T08:16:29.411226,gateio,0.13077,0.13105,43.0,92.0
2025-07-25T08:16:29.422988,gateio,0.13077,0.13105,133.0,92.0
2025-07-25T08:16:29.438215,bybit,0.0,0.1312,0.0,2958.8
2025-07-25T08:16:29.444950,gateio,0.13077,0.13105,43.0,92.0
2025-07-25T08:16:29.458088,binance,0.1309,0.1309,0.0,0.0
2025-07-25T08:16:29.466900,gateio,0.13078,0.13103,90.0,377.0
2025-07-25T08:16:29.485187,gateio,0.13078,0.13102,90.0,467.0
2025-07-25T08:16:29.506920,gateio,0.13078,0.13101,90.0,467.0
2025-07-25T08:16:29.513136,huobi,0.1307,0.1312,4728.1734,78.3903
2025-07-25T08:16:29.525197,gateio,0.13077,0.131,43.0,467.0
2025-07-25T08:16:29.531641,bitget,0.13088,0.1309,555.0,555.0
2025-07-25T08:16:29.546711,gateio,0.13079,0.13099,43.0,537.0
2025-07-25T08:16:29.556928,gateio,0.13079,0.13098,43.0,467.0
2025-07-25T08:16:29.566565,blofin,0.13082,0.13084,107.0,2.0
2025-07-25T08:16:29.568328,gateio,0.13079,0.13097,43.0,467.0
2025-07-25T08:16:29.585126,gateio,0.13079,0.13096,43.0,467.0
2025-07-25T08:16:29.604949,gateio,0.13079,0.13095,43.0,90.0
2025-07-25T08:16:29.611207,huobi,0.1307,0.131,4389.1734,78.3903
2025-07-25T08:16:29.629235,gateio,0.13079,0.13095,26.0,90.0
2025-07-25T08:16:29.647840,gateio,0.13074,0.13095,133.0,90.0
2025-07-25T08:16:29.659711,lbank,0.1308,0.131,11181.0,30009.0
2025-07-25T08:16:29.666830,gateio,0.13074,0.13093,133.0,90.0
2025-07-25T08:16:29.682965,bitget,0.13088,0.13089,555.0,377.0
2025-07-25T08:16:29.686063,bitmart,0.13052,0.1312,361.0,2159.0
2025-07-25T08:16:29.686816,gateio,0.13075,0.13093,90.0,90.0
2025-07-25T08:16:29.737570,bybit,0.0,0.0,0.0,0.0
2025-07-25T08:16:29.746697,gateio,0.13076,0.13092,43.0,377.0
2025-07-25T08:16:29.766605,gateio,0.13076,0.13091,43.0,377.0
2025-07-25T08:16:29.784996,gateio,0.13076,0.1309,43.0,377.0
2025-07-25T08:16:29.829999,bitget,0.13088,0.13089,555.0,377.0
2025-07-25T08:16:29.849339,gateio,0.13076,0.1309,133.0,377.0
2025-07-25T08:16:29.867222,gateio,0.13077,0.1309,90.0,377.0
2025-07-25T08:16:29.912210,lbank,0.1309,0.131,287.0,30009.0
2025-07-25T08:16:29.981165,bitget,0.13089,0.13091,377.0,555.0
2025-07-25T08:16:29.992101,gateio,0.13078,0.1309,133.0,377.0
2025-07-25T08:16:30.037967,bybit,0.0,0.0,0.0,0.0
2025-07-25T08:16:30.077482,blofin,0.13083,0.13084,109.0,2.0
2025-07-25T08:16:30.079311,gateio,0.13078,0.1309,43.0,377.0
2025-07-25T08:16:30.092446,gateio,0.13079,0.13089,90.0,377.0
2025-07-25T08:16:30.130388,bitget,0.13089,0.13091,853.0,555.0
2025-07-25T08:16:30.130960,gateio,0.1308,0.13089,17.0,377.0
2025-07-25T08:16:30.147111,gateio,0.1308,0.13088,43.0,377.0
2025-07-25T08:16:30.161116,lbank,0.1308,0.131,11181.0,30009.0
2025-07-25T08:16:30.204732,gateio,0.1308,0.13087,43.0,377.0
2025-07-25T08:16:30.211571,huobi,0.1307,0.131,4389.1734,78.3903
2025-07-25T08:16:30.228935,gateio,0.1308,0.13087,26.0,377.0
2025-07-25T08:16:30.246870,gateio,0.13074,0.13086,43.0,377.0
2025-07-25T08:16:30.284112,bitget,0.13089,0.13091,377.0,555.0
2025-07-25T08:16:30.288050,gateio,0.13075,0.13085,90.0,377.0
2025-07-25T08:16:30.331065,gateio,0.13076,0.13085,26.0,377.0
2025-07-25T08:16:30.344667,gateio,0.13076,0.131,425.0,90.0
2025-07-25T08:16:30.357710,gateio,0.13077,0.13103,90.0,90.0
2025-07-25T08:16:30.387173,gateio,0.13077,0.13101,90.0,90.0
2025-07-25T08:16:30.407125,gateio,0.13077,0.13099,90.0,377.0
2025-07-25T08:16:30.426888,gateio,0.13077,0.13098,90.0,377.0
2025-07-25T08:16:30.432079,bitget,0.13089,0.13091,853.0,555.0
2025-07-25T08:16:30.446769,gateio,0.13078,0.13097,43.0,467.0
2025-07-25T08:16:30.457276,binance,0.1309,0.1309,0.0,0.0
2025-07-25T08:16:30.467015,gateio,0.13078,0.13096,43.0,467.0
2025-07-25T08:16:30.491422,gateio,0.13078,0.13095,2427.0,467.0
2025-07-25T08:16:30.496162,lbank,0.1309,0.131,190.0,30009.0
2025-07-25T08:16:30.508581,gateio,0.13079,0.13094,90.0,377.0
2025-07-25T08:16:30.521352,gateio,0.13079,0.13101,90.0,90.0
2025-07-25T08:16:30.533279,gateio,0.1308,0.13105,26.0,92.0
2025-07-25T08:16:30.537860,bybit,0.1311,0.1312,982.2,657.0
2025-07-25T08:16:30.540992,blofin,0.13083,0.13087,3.0,1201.0
2025-07-25T08:16:30.544355,gateio,0.1308,0.13104,133.0,377.0
2025-07-25T08:16:30.555099,gateio,0.13081,0.13103,90.0,90.0
2025-07-25T08:16:30.567341,gateio,0.13081,0.13101,90.0,90.0
2025-07-25T08:16:30.580923,bitget,0.13091,0.13096,555.0,500.0
2025-07-25T08:16:30.620349,huobi,0.1307,0.1312,4389.1734,78.3903
2025-07-25T08:16:30.631718,gateio,0.13081,0.13101,90.0,467.0
2025-07-25T08:16:30.644902,gateio,0.13082,0.13101,43.0,467.0
2025-07-25T08:16:30.658825,lbank,0.1308,0.131,11181.0,30009.0
2025-07-25T08:16:30.666595,gateio,0.13082,0.131,43.0,377.0
2025-07-25T08:16:30.668415,bitmart,0.13052,0.1312,503.0,2159.0
2025-07-25T08:16:30.687745,gateio,0.13082,0.13099,43.0,90.0
2025-07-25T08:16:30.730506,bitget,0.13094,0.13098,500.0,500.0
2025-07-25T08:16:30.820994,gateio,0.13082,0.13101,43.0,90.0
2025-07-25T08:16:30.852471,gateio,0.13082,0.13103,43.0,90.0
2025-07-25T08:16:30.880883,bitget,0.13094,0.13097,500.0,476.0
2025-07-25T08:16:30.937857,bybit,0.1311,0.0,1745.2,0.0
2025-07-25T08:16:31.010747,gateio,0.13082,0.13105,43.0,92.0
2025-07-25T08:16:31.032996,bitget,0.13094,0.13097,500.0,476.0
2025-07-25T08:16:31.082068,blofin,0.13089,0.13094,106.0,2548.0
2025-07-25T08:16:31.101001,gateio,0.13082,0.13105,133.0,92.0
2025-07-25T08:16:31.173253,gateio,0.13083,0.13105,90.0,92.0
2025-07-25T08:16:31.175542,lbank,0.1309,0.131,13669.0,669.0
2025-07-25T08:16:31.180494,bitget,0.13094,0.13097,500.0,476.0
2025-07-25T08:16:31.187515,gateio,0.13083,0.13103,90.0,377.0
2025-07-25T08:16:31.206637,gateio,0.13083,0.13102,90.0,467.0
2025-07-25T08:16:31.226887,gateio,0.13083,0.13101,90.0,90.0
2025-07-25T08:16:31.332271,bitget,0.13094,0.13098,500.0,500.0
2025-07-25T08:16:31.358880,gateio,0.13084,0.131,43.0,377.0
2025-07-25T08:16:31.371103,mexc,0.1309,0.131,6775040.0,6775040.0
2025-07-25T08:16:31.464857,binance,0.131,0.131,0.0,0.0
2025-07-25T08:16:31.480401,bitget,0.13094,0.13098,500.0,500.0
2025-07-25T08:16:31.538611,bybit,0.0,0.0,0.0,0.0
2025-07-25T08:16:31.555428,blofin,0.13092,0.13094,568.0,2548.0
2025-07-25T08:16:31.637145,bitget,0.13094,0.13098,500.0,500.0
2025-07-25T08:16:31.638490,bybit,0.1311,0.0,2764.2,0.0
2025-07-25T08:16:31.657040,bitmart,0.1306,0.13129,347.0,35.0
2025-07-25T08:16:31.660325,lbank,0.1309,0.131,13669.0,669.0
2025-07-25T08:16:31.737352,bybit,0.1311,0.0,3210.2,0.0
2025-07-25T08:16:31.759713,gateio,0.13084,0.13099,43.0,90.0
2025-07-25T08:16:31.911360,gateio,0.13084,0.13101,43.0,90.0
2025-07-25T08:16:31.930909,gateio,0.13084,0.13105,17.0,92.0
2025-07-25T08:16:31.934706,bitget,0.13091,0.13098,186.0,500.0
2025-07-25T08:16:32.013295,gateio,0.13082,0.13105,133.0,92.0
2025-07-25T08:16:32.083160,bitget,0.13091,0.13097,476.0,853.0
2025-07-25T08:16:32.084051,blofin,0.13092,0.13094,568.0,2548.0
2025-07-25T08:16:32.160450,lbank,0.1309,0.131,13669.0,669.0
2025-07-25T08:16:32.209957,huobi,0.1308,0.1311,4389.1734,4467.5637
2025-07-25T08:16:32.231122,bitget,0.13091,0.13096,476.0,853.0
2025-07-25T08:16:32.338513,bybit,0.1311,0.0,2447.2,0.0
2025-07-25T08:16:32.381174,bitget,0.1309,0.13095,186.0,377.0
2025-07-25T08:16:32.410742,huobi,0.1308,0.1311,4910.2947,4467.5637
2025-07-25T08:16:32.461103,gateio,0.13082,0.13105,2426.0,92.0
2025-07-25T08:16:32.464314,binance,0.131,0.131,0.0,0.0
2025-07-25T08:16:32.529049,gateio,0.13082,0.13105,2336.0,92.0
2025-07-25T08:16:32.538273,bitget,0.13088,0.13094,555.0,377.0
2025-07-25T08:16:32.558996,blofin,0.13092,0.13094,571.0,2548.0
2025-07-25T08:16:32.614176,huobi,0.1308,0.1311,4910.2947,4467.5637
2025-07-25T08:16:32.637892,bybit,0.1311,0.0,2001.2,0.0
2025-07-25T08:16:32.662517,lbank,0.1309,0.131,13669.0,669.0
2025-07-25T08:16:32.666962,bitmart,0.13054,0.13125,406.0,981.0
2025-07-25T08:16:32.681876,bitget,0.13088,0.13093,555.0,377.0
2025-07-25T08:16:32.721266,gateio,0.13082,0.13105,43.0,92.0
2025-07-25T08:16:32.753329,gateio,0.13082,0.13105,17.0,92.0
2025-07-25T08:16:32.767024,gateio,0.13076,0.13104,43.0,377.0
2025-07-25T08:16:32.786884,gateio,0.13076,0.13103,133.0,467.0
2025-07-25T08:16:32.807178,gateio,0.13077,0.13102,90.0,90.0
2025-07-25T08:16:32.833296,bitget,0.13086,0.13089,476.0,377.0
2025-07-25T08:16:32.939049,gateio,0.13078,0.13105,43.0,92.0
2025-07-25T08:16:32.982156,bitget,0.13086,0.13089,476.0,377.0
2025-07-25T08:16:33.038125,bybit,0.0,0.1312,0.0,1157.0
2025-07-25T08:16:33.080673,blofin,0.13092,0.13095,9.0,6.0
2025-07-25T08:16:33.112506,huobi,0.1308,0.1311,521.1213,4467.5637
2025-07-25T08:16:33.134984,bitget,0.13084,0.13089,186.0,377.0
2025-07-25T08:16:33.137249,bybit,0.1311,0.1312,500.0,1639.2
2025-07-25T08:16:33.160890,lbank,0.1309,0.131,13669.0,669.0
2025-07-25T08:16:33.167272,gateio,0.13078,0.13104,43.0,377.0
2025-07-25T08:16:33.177488,gateio,0.13078,0.13103,43.0,90.0
2025-07-25T08:16:33.230763,gateio,0.13078,0.13103,17.0,90.0
2025-07-25T08:16:33.238918,bybit,0.131,0.1311,2726.1,596.3
2025-07-25T08:16:33.246522,gateio,0.13072,0.13101,43.0,90.0
2025-07-25T08:16:33.266722,gateio,0.13072,0.13101,133.0,377.0
2025-07-25T08:16:33.285743,bitget,0.13084,0.13089,186.0,377.0
2025-07-25T08:16:33.286814,gateio,0.13073,0.131,93.0,93.0
2025-07-25T08:16:33.307294,gateio,0.13073,0.13098,93.0,93.0
2025-07-25T08:16:33.326754,gateio,0.13073,0.13096,93.0,93.0
2025-07-25T08:16:33.347512,gateio,0.13074,0.13094,43.0,93.0
2025-07-25T08:16:33.366914,gateio,0.13074,0.13093,43.0,377.0
2025-07-25T08:16:33.386707,gateio,0.13074,0.13091,43.0,377.0
2025-07-25T08:16:33.409096,gateio,0.13074,0.1309,43.0,93.0
2025-07-25T08:16:33.440918,bitget,0.13078,0.13088,476.0,476.0
2025-07-25T08:16:33.459034,binance,0.1309,0.1309,0.0,0.0
2025-07-25T08:16:33.533127,gateio,0.13074,0.13089,43.0,377.0
2025-07-25T08:16:33.538053,bybit,0.131,0.0,3745.1,0.0
2025-07-25T08:16:33.548599,gateio,0.13074,0.13088,43.0,93.0
2025-07-25T08:16:33.553415,blofin,0.13088,0.1309,345.0,608.0
2025-07-25T08:16:33.567331,gateio,0.13074,0.13086,43.0,377.0
2025-07-25T08:16:33.581822,bitget,0.13081,0.13088,476.0,476.0
2025-07-25T08:16:33.588639,gateio,0.13074,0.13085,43.0,377.0
2025-07-25T08:16:33.629702,gateio,0.13074,0.13085,26.0,377.0
2025-07-25T08:16:33.647119,gateio,0.13072,0.13084,43.0,377.0
2025-07-25T08:16:33.660815,lbank,0.1308,0.1309,5.0,2833.0
2025-07-25T08:16:33.664307,bitmart,0.13046,0.13117,78.0,192.0
2025-07-25T08:16:33.688492,gateio,0.13072,0.13083,43.0,377.0
2025-07-25T08:16:33.733120,bitget,0.13079,0.1309,186.0,553.0
2025-07-25T08:16:33.769985,mexc,0.1309,0.131,6775040.0,6775040.0
2025-07-25T08:16:33.893227,bitget,0.1308,0.13089,476.0,853.0
2025-07-25T08:16:34.010731,huobi,0.1308,0.1311,521.1213,4467.5637
2025-07-25T08:16:34.034677,bitget,0.1308,0.13087,476.0,476.0
2025-07-25T08:16:34.069816,blofin,0.13081,0.13084,8866.0,312.0
2025-07-25T08:16:34.160622,lbank,0.1308,0.1309,5.0,2833.0
2025-07-25T08:16:34.181905,bitget,0.13076,0.13086,476.0,377.0
2025-07-25T08:16:34.332417,bitget,0.13077,0.13085,186.0,377.0
2025-07-25T08:16:34.443984,gateio,0.13072,0.13083,136.0,377.0
2025-07-25T08:16:34.455761,binance,0.1309,0.1309,0.0,0.0
2025-07-25T08:16:34.466854,gateio,0.13073,0.13083,93.0,377.0
2025-07-25T08:16:34.484168,bitget,0.13078,0.13084,476.0,377.0
2025-07-25T08:16:34.538102,bybit,0.0,0.1312,0.0,1639.2
2025-07-25T08:16:34.548964,gateio,0.13074,0.13083,136.0,377.0
2025-07-25T08:16:34.563109,blofin,0.13081,0.13084,8866.0,312.0
2025-07-25T08:16:34.632299,bitget,0.13084,0.13087,377.0,554.0
2025-07-25T08:16:34.661280,lbank,0.1308,0.1309,5.0,2833.0
2025-07-25T08:16:34.665804,bitmart,0.13046,0.13117,35.0,119.0
2025-07-25T08:16:34.714917,gateio,0.13075,0.13083,93.0,377.0
2025-07-25T08:16:34.772799,gateio,0.13076,0.13083,43.0,377.0
2025-07-25T08:16:34.784569,bitget,0.13084,0.13089,377.0,554.0
2025-07-25T08:16:34.934984,bitget,0.13084,0.13088,377.0,472.0
2025-07-25T08:16:35.037509,bybit,0.0,0.1312,0.0,2402.2
2025-07-25T08:16:35.083119,bitget,0.13084,0.1309,377.0,472.0
2025-07-25T08:16:35.086515,blofin,0.13081,0.13084,8866.0,2.0
2025-07-25T08:16:35.138076,bybit,0.131,0.0,2980.9,0.0
2025-07-25T08:16:35.166287,lbank,0.1308,0.1309,5.0,2833.0
2025-07-25T08:16:35.211607,huobi,0.1308,0.1311,521.1213,4637.5637
2025-07-25T08:16:35.237226,bitget,0.13084,0.1309,377.0,472.0
2025-07-25T08:16:35.383917,bitget,0.13085,0.1309,472.0,472.0
2025-07-25T08:16:35.459994,binance,0.1309,0.1309,0.0,0.0
2025-07-25T08:16:35.534370,bitget,0.13085,0.1309,472.0,472.0
2025-07-25T08:16:35.545498,blofin,0.13081,0.13084,8866.0,2.0
2025-07-25T08:16:35.545592,gateio,0.13076,0.13083,136.0,377.0
2025-07-25T08:16:35.555138,gateio,0.13077,0.13083,93.0,377.0
2025-07-25T08:16:35.565043,gateio,0.13077,0.13094,93.0,93.0
2025-07-25T08:16:35.576006,gateio,0.13077,0.13096,93.0,93.0
2025-07-25T08:16:35.587838,gateio,0.13077,0.131,93.0,93.0
2025-07-25T08:16:35.598957,gateio,0.13077,0.13103,93.0,90.0
2025-07-25T08:16:35.628453,gateio,0.13077,0.13105,93.0,92.0
2025-07-25T08:16:35.638126,bybit,0.1311,0.1312,1096.3,4221.8
2025-07-25T08:16:35.639247,gateio,0.13078,0.13105,43.0,92.0
2025-07-25T08:16:35.655104,bitmart,0.13046,0.13117,316.0,39.0
2025-07-25T08:16:35.659046,gateio,0.13078,0.13105,136.0,92.0
2025-07-25T08:16:35.659724,lbank,0.1308,0.1309,5.0,2833.0
2025-07-25T08:16:35.670513,gateio,0.13079,0.13104,93.0,377.0
2025-07-25T08:16:35.685020,bitget,0.13085,0.13096,472.0,476.0
2025-07-25T08:16:35.690884,gateio,0.13079,0.13103,93.0,470.0
2025-07-25T08:16:35.737635,bybit,0.0,0.1312,0.0,2958.8
2025-07-25T08:16:35.755238,gateio,0.1308,0.13102,43.0,93.0
2025-07-25T08:16:35.830918,gateio,0.1308,0.13101,43.0,237.0
2025-07-25T08:16:35.836346,bitget,0.13085,0.13098,472.0,476.0
2025-07-25T08:16:35.841043,gateio,0.1308,0.131,136.0,93.0
2025-07-25T08:16:35.908560,gateio,0.1308,0.131,43.0,93.0
2025-07-25T08:16:35.963497,gateio,0.13081,0.131,93.0,93.0
2025-07-25T08:16:35.985151,bitget,0.13086,0.131,472.0,472.0
2025-07-25T08:16:35.989098,gateio,0.13082,0.131,136.0,93.0
2025-07-25T08:16:36.007878,gateio,0.13083,0.13105,93.0,92.0
2025-07-25T08:16:36.016422,huobi,0.1308,0.1311,521.1213,248.3903
2025-07-25T08:16:36.024894,gateio,0.13083,0.13101,93.0,377.0
2025-07-25T08:16:36.037668,bybit,0.1311,0.1312,1578.3,58.6
2025-07-25T08:16:36.055496,gateio,0.13084,0.131,43.0,93.0
2025-07-25T08:16:36.071011,blofin,0.13084,0.13089,689.0,320.0
2025-07-25T08:16:36.134590,bitget,0.13086,0.13099,472.0,377.0
2025-07-25T08:16:36.137701,bybit,0.1311,0.0,2556.3,0.0
2025-07-25T08:16:36.160178,lbank,0.1308,0.1309,5.0,2833.0
2025-07-25T08:16:36.183034,mexc,0.1308,0.1309,6775040.0,6775040.0
2025-07-25T08:16:36.207176,gateio,0.13084,0.13105,43.0,92.0
2025-07-25T08:16:36.210860,huobi,0.1308,0.1309,521.1213,352.3216
2025-07-25T08:16:36.284495,bitget,0.13087,0.13098,186.0,377.0
2025-07-25T08:16:36.311530,huobi,0.1308,0.1311,521.1213,248.3903
2025-07-25T08:16:36.433053,bitget,0.13088,0.13097,472.0,377.0
2025-07-25T08:16:36.457379,binance,0.1309,0.1309,0.0,0.0
2025-07-25T08:16:36.469331,gateio,0.13084,0.13105,136.0,92.0
2025-07-25T08:16:36.537431,bybit,0.1311,0.0,3575.3,0.0
2025-07-25T08:16:36.554098,blofin,0.13084,0.13089,689.0,320.0
2025-07-25T08:16:36.583080,bitget,0.13088,0.13096,472.0,377.0
2025-07-25T08:16:36.660249,lbank,0.1308,0.1309,5.0,2833.0
2025-07-25T08:16:36.666901,bitmart,0.13057,0.13128,64.0,63.0
2025-07-25T08:16:36.735766,bitget,0.13089,0.13095,186.0,377.0
2025-07-25T08:16:36.820313,gateio,0.13084,0.13105,43.0,92.0
2025-07-25T08:16:36.829330,gateio,0.13085,0.13104,93.0,377.0
2025-07-25T08:16:36.848172,gateio,0.13086,0.13103,43.0,93.0
2025-07-25T08:16:36.883947,bitget,0.13095,0.13098,377.0,553.0
2025-07-25T08:16:36.974862,gateio,0.13086,0.13103,136.0,93.0
2025-07-25T08:16:36.986632,gateio,0.13086,0.13105,136.0,92.0
2025-07-25T08:16:37.043241,bitget,0.13095,0.13098,377.0,553.0
2025-07-25T08:16:37.071969,blofin,0.13087,0.13089,106.0,243.0
2025-07-25T08:16:37.137582,bybit,0.1311,0.0,4338.3,0.0
2025-07-25T08:16:37.163269,lbank,0.1309,0.131,3714.0,2924.0
2025-07-25T08:16:37.183884,bitget,0.13095,0.13098,377.0,553.0
2025-07-25T08:16:37.335779,bitget,0.13095,0.13098,377.0,553.0
2025-07-25T08:16:37.461391,binance,0.1309,0.1309,0.0,0.0
2025-07-25T08:16:37.484027,bitget,0.13096,0.13098,472.0,553.0
2025-07-25T08:16:37.561249,blofin,0.13093,0.13095,109.0,1.0
2025-07-25T08:16:37.636555,bitget,0.13091,0.13097,186.0,377.0
2025-07-25T08:16:37.660723,bitmart,0.1306,0.13131,42.0,60.0
2025-07-25T08:16:37.785304,bitget,0.13092,0.13096,472.0,377.0
2025-07-25T08:16:37.933933,bitget,0.13092,0.13095,472.0,377.0
2025-07-25T08:16:38.081403,blofin,0.13092,0.13095,107.0,58.0
2025-07-25T08:16:38.091315,bitget,0.13092,0.13097,472.0,552.0
2025-07-25T08:16:38.164363,lbank,0.1309,0.131,3714.0,2924.0
2025-07-25T08:16:38.235984,bitget,0.13092,0.13097,472.0,552.0
2025-07-25T08:16:38.238596,bybit,0.1311,0.0,3575.3,0.0
2025-07-25T08:16:38.326964,gateio,0.13087,0.13105,93.0,92.0
2025-07-25T08:16:38.338159,bybit,0.1311,0.0,4338.3,0.0
2025-07-25T08:16:38.346873,gateio,0.13087,0.13104,93.0,377.0
2025-07-25T08:16:38.437760,bybit,0.1311,0.0,6245.2,0.0
2025-07-25T08:16:38.446882,gateio,0.13088,0.13104,43.0,377.0
2025-07-25T08:16:38.457303,binance,0.131,0.131,0.0,0.0
2025-07-25T08:16:38.466737,gateio,0.13088,0.13103,136.0,377.0
2025-07-25T08:16:38.541735,bitget,0.13097,0.13099,552.0,552.0
2025-07-25T08:16:38.552677,mexc,0.1308,0.1309,6775040.0,6775040.0
2025-07-25T08:16:38.576493,blofin,0.13092,0.13095,107.0,58.0
2025-07-25T08:16:38.610142,huobi,0.1308,0.1311,521.1213,248.3903
2025-07-25T08:16:38.630881,gateio,0.13089,0.13103,77.0,377.0
2025-07-25T08:16:38.642909,gateio,0.13089,0.13102,77.0,377.0
2025-07-25T08:16:38.663074,bitmart,0.13064,0.13133,305.0,194.0
2025-07-25T08:16:38.664837,gateio,0.13089,0.13101,77.0,377.0
2025-07-25T08:16:38.685239,gateio,0.13089,0.131,77.0,377.0
2025-07-25T08:16:38.686695,bitget,0.13098,0.13099,472.0,552.0
2025-07-25T08:16:38.704954,gateio,0.13089,0.13099,77.0,377.0
2025-07-25T08:16:38.727013,gateio,0.13089,0.13098,77.0,377.0
2025-07-25T08:16:38.746522,gateio,0.13089,0.13097,77.0,377.0
2025-07-25T08:16:38.766861,gateio,0.13089,0.13096,77.0,377.0
2025-07-25T08:16:38.786876,gateio,0.13089,0.13095,77.0,377.0
2025-07-25T08:16:38.804807,gateio,0.13089,0.13094,77.0,377.0
2025-07-25T08:16:38.826983,gateio,0.13089,0.13093,77.0,377.0
2025-07-25T08:16:38.837476,bitget,0.13093,0.13099,186.0,552.0
2025-07-25T08:16:38.910726,huobi,0.1308,0.1311,521.1213,248.3903
2025-07-25T08:16:38.984649,bitget,0.13094,0.13098,472.0,377.0
2025-07-25T08:16:39.037318,bybit,0.1311,0.0,4338.3,0.0
2025-07-25T08:16:39.055092,blofin,0.13093,0.13101,227.0,871.0
2025-07-25T08:16:39.110568,huobi,0.1308,0.1311,521.1213,248.3903
2025-07-25T08:16:39.139347,bitget,0.13094,0.13097,472.0,377.0
2025-07-25T08:16:39.285207,bitget,0.13094,0.13096,472.0,377.0
2025-07-25T08:16:39.436079,bitget,0.13094,0.13095,472.0,377.0
2025-07-25T08:16:39.457425,binance,0.131,0.131,0.0,0.0
2025-07-25T08:16:39.567932,blofin,0.13094,0.13101,5.0,871.0
2025-07-25T08:16:39.586610,bitget,0.13094,0.13095,472.0,377.0
2025-07-25T08:16:39.659640,bitmart,0.1306,0.13132,372.0,509.0
2025-07-25T08:16:39.741598,bitget,0.13092,0.13095,472.0,377.0
2025-07-25T08:16:39.887008,bitget,0.13091,0.13095,186.0,377.0
2025-07-25T08:16:40.035249,bitget,0.13093,0.13095,472.0,377.0
2025-07-25T08:16:40.067625,blofin,0.13094,0.13101,5.0,1192.0
2025-07-25T08:16:40.184956,bitget,0.1309,0.13095,658.0,377.0
2025-07-25T08:16:40.211278,huobi,0.1308,0.1311,521.1213,248.3903
2025-07-25T08:16:40.238053,bybit,0.0,0.0,0.0,0.0
2025-07-25T08:16:40.338047,bitget,0.13091,0.13095,472.0,377.0
2025-07-25T08:16:40.378755,lbank,0.1309,0.131,3714.0,2924.0
2025-07-25T08:16:40.487986,bitget,0.13091,0.13095,472.0,377.0
2025-07-25T08:16:40.549746,blofin,0.13094,0.13101,5.0,1192.0
2025-07-25T08:16:40.636857,bitget,0.13087,0.13095,186.0,377.0
2025-07-25T08:16:40.659676,lbank,0.1309,0.131,3714.0,2924.0
2025-07-25T08:16:40.682867,bitmart,0.13058,0.1313,264.0,583.0
2025-07-25T08:16:40.786950,bitget,0.13088,0.13095,472.0,377.0
2025-07-25T08:16:40.914512,mexc,0.1309,0.131,6775040.0,6775040.0
2025-07-25T08:16:40.937677,bitget,0.13088,0.13095,472.0,377.0
2025-07-25T08:16:41.068738,blofin,0.13094,0.13099,5.0,316.0
2025-07-25T08:16:41.087168,bitget,0.13088,0.13095,186.0,377.0
2025-07-25T08:16:41.236013,bitget,0.13086,0.13095,472.0,377.0
2025-07-25T08:16:41.313588,huobi,0.1308,0.1311,4910.2947,248.3903
2025-07-25T08:16:41.387748,bitget,0.13089,0.13095,472.0,377.0
2025-07-25T08:16:41.459003,binance,0.131,0.131,0.0,0.0
2025-07-25T08:16:41.537233,bitget,0.13089,0.13094,472.0,377.0
2025-07-25T08:16:41.563196,blofin,0.13094,0.13098,5.0,924.0
2025-07-25T08:16:41.662389,lbank,0.1309,0.131,3714.0,2924.0
2025-07-25T08:16:41.686947,bitget,0.13085,0.13094,186.0,377.0
2025-07-25T08:16:41.696333,bitmart,0.13058,0.13129,146.0,155.0
2025-07-25T08:16:41.811670,huobi,0.1308,0.1311,4910.2947,248.3903
2025-07-25T08:16:41.842944,bitget,0.13086,0.13094,472.0,377.0
2025-07-25T08:16:41.951210,gateio,0.13089,0.13121,77.0,90.0
2025-07-25T08:16:41.961051,gateio,0.13089,0.13125,77.0,90.0
2025-07-25T08:16:41.986727,gateio,0.13089,0.13123,77.0,93.0
2025-07-25T08:16:41.987491,bitget,0.13086,0.13094,472.0,377.0
2025-07-25T08:16:42.007625,gateio,0.13089,0.13122,77.0,93.0
2025-07-25T08:16:42.018819,gateio,0.13089,0.13122,77.0,2379.0
2025-07-25T08:16:42.034738,gateio,0.13089,0.1312,77.0,377.0
2025-07-25T08:16:42.044964,gateio,0.13089,0.13119,77.0,2756.0
2025-07-25T08:16:42.060570,gateio,0.13089,0.13118,77.0,2379.0
2025-07-25T08:16:42.071194,gateio,0.13089,0.13117,77.0,93.0
2025-07-25T08:16:42.079430,blofin,0.13094,0.13097,5.0,927.0
2025-07-25T08:16:42.082928,gateio,0.13089,0.13116,77.0,2287.0
2025-07-25T08:16:42.130690,gateio,0.13089,0.13115,77.0,93.0
2025-07-25T08:16:42.138383,bitget,0.13087,0.13096,186.0,551.0
2025-07-25T08:16:42.159531,lbank,0.1309,0.131,3714.0,2924.0
2025-07-25T08:16:42.287149,bitget,0.13088,0.13096,472.0,551.0
2025-07-25T08:16:42.353053,gateio,0.13089,0.13115,77.0,2380.0
2025-07-25T08:16:42.367176,gateio,0.13089,0.13113,77.0,377.0
2025-07-25T08:16:42.386739,gateio,0.13089,0.13112,77.0,470.0
2025-07-25T08:16:42.405093,gateio,0.13089,0.13111,77.0,470.0
2025-07-25T08:16:42.426708,gateio,0.13089,0.1311,77.0,470.0
2025-07-25T08:16:42.445375,bitget,0.13088,0.13096,186.0,551.0
2025-07-25T08:16:42.446775,gateio,0.13089,0.13109,77.0,470.0
2025-07-25T08:16:42.466739,gateio,0.13089,0.13108,77.0,470.0
2025-07-25T08:16:42.486667,gateio,0.13089,0.13107,77.0,470.0
2025-07-25T08:16:42.506899,gateio,0.13089,0.13106,77.0,470.0
2025-07-25T08:16:42.526808,gateio,0.13089,0.13105,77.0,93.0
2025-07-25T08:16:42.546570,gateio,0.13089,0.13104,77.0,377.0
2025-07-25T08:16:42.564825,gateio,0.13089,0.13103,77.0,470.0
2025-07-25T08:16:42.566378,blofin,0.1309,0.131,242.0,1372.0
2025-07-25T08:16:42.586444,bitget,0.13089,0.13096,472.0,551.0
2025-07-25T08:16:42.586801,gateio,0.13089,0.13102,77.0,377.0
2025-07-25T08:16:42.604895,gateio,0.13089,0.13101,77.0,377.0
2025-07-25T08:16:42.624752,gateio,0.13089,0.131,77.0,377.0
2025-07-25T08:16:42.650456,gateio,0.13089,0.13099,77.0,377.0
2025-07-25T08:16:42.660218,lbank,0.131,0.1311,11512.0,1956.0
2025-07-25T08:16:42.672829,gateio,0.13089,0.13098,77.0,377.0
2025-07-25T08:16:42.697672,bitmart,0.13058,0.13132,132.0,259.0
2025-07-25T08:16:42.737590,bitget,0.13084,0.13095,472.0,377.0
2025-07-25T08:16:42.891276,bitget,0.1309,0.13094,472.0,377.0
2025-07-25T08:16:43.038344,bitget,0.1309,0.13094,472.0,377.0
2025-07-25T08:16:43.078975,blofin,0.1309,0.131,242.0,1372.0
2025-07-25T08:16:43.161517,lbank,0.131,0.1311,11512.0,1956.0
2025-07-25T08:16:43.187597,bitget,0.1309,0.13094,472.0,377.0
2025-07-25T08:16:43.304046,mexc,0.1309,0.131,6775040.0,6775040.0
2025-07-25T08:16:43.409181,huobi,0.1308,0.1311,4910.2947,248.3903
2025-07-25T08:16:43.563837,blofin,0.1309,0.13098,4.0,996.0
2025-07-25T08:16:43.659161,lbank,0.131,0.1311,11512.0,1956.0
2025-07-25T08:16:43.696002,bitmart,0.13058,0.13129,253.0,430.0
2025-07-25T08:16:43.788525,bitget,0.1309,0.13094,472.0,377.0
2025-07-25T08:16:44.067986,blofin,0.13089,0.13098,245.0,996.0
2025-07-25T08:16:44.159079,lbank,0.131,0.1311,11512.0,1956.0
2025-07-25T08:16:44.208843,huobi,0.1308,0.1309,4910.2947,387.8543
2025-07-25T08:16:44.308558,huobi,0.1308,0.1311,4910.2947,248.3903
2025-07-25T08:16:44.566733,blofin,0.1309,0.13099,242.0,316.0
2025-07-25T08:16:44.659640,lbank,0.131,0.1311,11512.0,1956.0
2025-07-25T08:16:44.713722,bitmart,0.13058,0.13129,132.0,125.0
2025-07-25T08:16:45.076870,blofin,0.1309,0.13099,242.0,316.0
2025-07-25T08:16:45.160370,lbank,0.131,0.1311,11512.0,1956.0
2025-07-25T08:16:45.567500,blofin,0.1309,0.13099,247.0,316.0
2025-07-25T08:16:45.688194,bitmart,0.13058,0.1313,273.0,136.0
2025-07-25T08:16:45.688330,mexc,0.1309,0.131,6775040.0,6775040.0
2025-07-25T08:16:45.712089,huobi,0.1308,0.1311,4910.2947,248.3903
2025-07-25T08:16:45.909868,huobi,0.1309,0.1311,4389.1734,248.3903
2025-07-25T08:16:46.040057,bitget,0.1309,0.13094,472.0,377.0
2025-07-25T08:16:46.081474,blofin,0.1309,0.13099,247.0,321.0
2025-07-25T08:16:46.161233,lbank,0.131,0.1311,11512.0,1956.0
2025-07-25T08:16:46.457644,binance,0.131,0.131,0.0,0.0
2025-07-25T08:16:46.563875,blofin,0.1309,0.13099,245.0,321.0
2025-07-25T08:16:46.638883,bitget,0.1309,0.13094,472.0,377.0
2025-07-25T08:16:46.662670,lbank,0.131,0.1311,11512.0,1956.0
2025-07-25T08:16:46.673955,bitmart,0.13058,0.13129,132.0,162.0
2025-07-25T08:16:46.795033,bitget,0.1309,0.13094,472.0,377.0
2025-07-25T08:16:47.079604,blofin,0.1309,0.13099,245.0,321.0
2025-07-25T08:16:47.114391,huobi,0.1308,0.1311,521.1213,248.3903
2025-07-25T08:16:47.161265,lbank,0.131,0.1311,11512.0,1956.0
2025-07-25T08:16:47.244104,bitget,0.13094,0.13097,377.0,551.0
2025-07-25T08:16:47.390898,bitget,0.13095,0.13097,471.0,551.0
2025-07-25T08:16:47.456218,binance,0.131,0.131,0.0,0.0
2025-07-25T08:16:47.541128,bitget,0.13095,0.13097,471.0,551.0
2025-07-25T08:16:47.556576,blofin,0.1309,0.13099,245.0,321.0
2025-07-25T08:16:47.660027,bitmart,0.13058,0.13132,777.0,16.0
2025-07-25T08:16:47.689342,bitget,0.13097,0.13099,551.0,551.0
2025-07-25T08:16:47.840159,bitget,0.13097,0.13098,551.0,377.0
2025-07-25T08:16:47.991134,bitget,0.13097,0.13098,551.0,377.0
2025-07-25T08:16:48.008983,huobi,0.1308,0.1311,4910.2947,248.3903
2025-07-25T08:16:48.057376,mexc,0.1309,0.131,6775040.0,6775040.0
2025-07-25T08:16:48.059818,blofin,0.1309,0.13098,247.0,362.0
2025-07-25T08:16:48.141185,bitget,0.13097,0.13098,1022.0,377.0
2025-07-25T08:16:48.159568,lbank,0.131,0.1311,11512.0,1956.0
2025-07-25T08:16:48.291826,bitget,0.13097,0.13098,1022.0,377.0
2025-07-25T08:16:48.362976,gateio,0.13089,0.13098,169.0,377.0
2025-07-25T08:16:48.446838,gateio,0.1309,0.13097,43.0,377.0
2025-07-25T08:16:48.460406,binance,0.131,0.131,0.0,0.0
2025-07-25T08:16:48.466687,gateio,0.1309,0.13096,43.0,377.0
2025-07-25T08:16:48.486495,gateio,0.1309,0.13094,43.0,377.0
2025-07-25T08:16:48.506625,gateio,0.1309,0.13093,43.0,377.0
2025-07-25T08:16:48.531047,gateio,0.1309,0.13093,17.0,377.0
2025-07-25T08:16:48.546489,gateio,0.13086,0.13092,43.0,377.0
2025-07-25T08:16:48.552158,blofin,0.1309,0.13098,247.0,362.0
2025-07-25T08:16:48.630832,gateio,0.13086,0.13092,120.0,377.0
2025-07-25T08:16:48.662357,bitmart,0.13058,0.13132,777.0,16.0
2025-07-25T08:16:48.729853,gateio,0.13087,0.13092,92.0,377.0
2025-07-25T08:16:48.741973,bitget,0.13097,0.13098,471.0,377.0
2025-07-25T08:16:48.853879,gateio,0.13088,0.13092,120.0,377.0
2025-07-25T08:16:48.892198,bitget,0.13098,0.131,377.0,551.0
2025-07-25T08:16:48.965459,gateio,0.13088,0.13092,212.0,377.0
2025-07-25T08:16:48.987045,gateio,0.13089,0.13107,92.0,93.0
2025-07-25T08:16:49.007588,gateio,0.13089,0.13114,92.0,93.0
2025-07-25T08:16:49.012542,huobi,0.1309,0.1311,4389.1734,248.3903
2025-07-25T08:16:49.037446,bybit,0.1312,0.1313,1101.2,2451.8
2025-07-25T08:16:49.041843,bitget,0.13098,0.13099,377.0,377.0
2025-07-25T08:16:49.051128,gateio,0.1309,0.13114,212.0,93.0
2025-07-25T08:16:49.079367,gateio,0.13091,0.13114,92.0,93.0
2025-07-25T08:16:49.085119,blofin,0.1309,0.13098,923.0,46.0
2025-07-25T08:16:49.138279,bybit,0.0,0.1313,0.0,632.2
2025-07-25T08:16:49.150935,gateio,0.13092,0.13114,17.0,93.0
2025-07-25T08:16:49.161446,lbank,0.131,0.1311,11512.0,1956.0
2025-07-25T08:16:49.190751,bitget,0.131,0.13101,551.0,550.0
2025-07-25T08:16:49.201609,gateio,0.13093,0.13114,92.0,93.0
2025-07-25T08:16:49.237966,bybit,0.0,0.1313,0.0,1114.4
2025-07-25T08:16:49.267240,gateio,0.13094,0.13113,43.0,377.0
2025-07-25T08:16:49.287343,gateio,0.13094,0.13112,135.0,92.0
2025-07-25T08:16:49.313570,huobi,0.1309,0.131,4389.1734,342.5731
2025-07-25T08:16:49.337654,bybit,0.0,0.1313,0.0,632.2
2025-07-25T08:16:49.340994,gateio,0.13094,0.13111,135.0,377.0
2025-07-25T08:16:49.343004,bitget,0.13101,0.13107,550.0,500.0
2025-07-25T08:16:49.413152,huobi,0.1308,0.1311,2755.5713,170.0
2025-07-25T08:16:49.428974,gateio,0.13094,0.13109,135.0,92.0
2025-07-25T08:16:49.437850,bybit,0.0,0.1313,0.0,1049.8
2025-07-25T08:16:49.458601,binance,0.131,0.131,0.0,0.0
2025-07-25T08:16:49.492284,bitget,0.13102,0.13103,471.0,550.0
2025-07-25T08:16:49.531294,gateio,0.13094,0.13109,26.0,92.0
2025-07-25T08:16:49.548975,gateio,0.13092,0.13108,43.0,250.0
2025-07-25T08:16:49.572882,blofin,0.13095,0.13098,81.0,5.0
2025-07-25T08:16:49.639439,gateio,0.13092,0.13108,135.0,250.0
2025-07-25T08:16:49.640886,bitget,0.13099,0.13103,186.0,550.0
2025-07-25T08:16:49.668704,gateio,0.13093,0.13108,92.0,158.0
2025-07-25T08:16:49.699509,bitmart,0.13065,0.13135,527.0,248.0
2025-07-25T08:16:49.746920,gateio,0.13094,0.13107,43.0,377.0
2025-07-25T08:16:49.790654,bitget,0.131,0.13103,471.0,550.0
2025-07-25T08:16:49.940636,bitget,0.13095,0.13103,657.0,550.0
2025-07-25T08:16:50.049444,gateio,0.13094,0.13106,43.0,377.0
2025-07-25T08:16:50.064881,blofin,0.13095,0.13098,81.0,5.0
2025-07-25T08:16:50.066726,gateio,0.13094,0.13105,43.0,377.0
2025-07-25T08:16:50.087608,gateio,0.13094,0.13103,43.0,377.0
2025-07-25T08:16:50.105381,bitget,0.13096,0.13103,471.0,550.0
2025-07-25T08:16:50.138553,bybit,0.1312,0.1313,1583.4,632.2
2025-07-25T08:16:50.220044,huobi,0.1308,0.1311,3094.5713,170.0
2025-07-25T08:16:50.242629,bitget,0.13096,0.13103,471.0,550.0
2025-07-25T08:16:50.278693,lbank,0.1308,0.131,27561.0,5152.0
2025-07-25T08:16:50.337763,bybit,0.1312,0.0,1613.7,0.0
2025-07-25T08:16:50.391843,bitget,0.13096,0.13103,471.0,550.0
2025-07-25T08:16:50.435666,mexc,0.1309,0.131,6775040.0,6775040.0
2025-07-25T08:16:50.438367,bybit,0.0,0.0,0.0,0.0
2025-07-25T08:16:50.455583,binance,0.1311,0.1311,0.0,0.0
2025-07-25T08:16:50.510243,huobi,0.1308,0.1311,2755.5713,170.0
2025-07-25T08:16:50.555640,blofin,0.13096,0.13098,1051.0,5.0
2025-07-25T08:16:50.658504,lbank,0.131,0.1312,9562.0,28953.0
2025-07-25T08:16:50.727843,bitmart,0.13065,0.13135,553.0,328.0
2025-07-25T08:16:50.809601,huobi,0.1308,0.1311,2755.5713,170.0
2025-07-25T08:16:50.992341,bitget,0.13096,0.13103,471.0,550.0
2025-07-25T08:16:51.011314,huobi,0.1308,0.1311,2755.5713,170.0
2025-07-25T08:16:51.065355,blofin,0.13095,0.13098,819.0,5.0
2025-07-25T08:16:51.160633,lbank,0.131,0.1312,9562.0,28953.0
2025-07-25T08:16:51.291349,bitget,0.13096,0.13103,471.0,550.0
2025-07-25T08:16:51.309146,huobi,0.1308,0.1311,2755.5713,248.3903
2025-07-25T08:16:51.413139,huobi,0.1308,0.1311,2755.5713,170.0
2025-07-25T08:16:51.430746,gateio,0.13094,0.13103,17.0,377.0
2025-07-25T08:16:51.446865,gateio,0.13088,0.13103,43.0,377.0
2025-07-25T08:16:51.457587,binance,0.1311,0.1311,0.0,0.0
2025-07-25T08:16:51.486593,gateio,0.13089,0.13102,92.0,377.0
2025-07-25T08:16:51.546530,gateio,0.1309,0.13101,43.0,377.0
2025-07-25T08:16:51.563530,blofin,0.13096,0.13101,945.0,871.0
2025-07-25T08:16:51.593417,bitget,0.13096,0.13103,471.0,550.0
2025-07-25T08:16:51.602943,gateio,0.1309,0.131,43.0,377.0
2025-07-25T08:16:51.626524,gateio,0.1309,0.13099,43.0,377.0
2025-07-25T08:16:51.696934,bitmart,0.13065,0.13135,371.0,228.0
2025-07-25T08:16:51.706767,gateio,0.1309,0.13099,135.0,377.0
2025-07-25T08:16:51.726915,gateio,0.13091,0.13111,92.0,377.0
2025-07-25T08:16:51.740475,gateio,0.13092,0.1311,43.0,92.0
2025-07-25T08:16:51.766630,gateio,0.13092,0.13108,43.0,377.0
2025-07-25T08:16:51.785319,gateio,0.13092,0.13107,43.0,377.0
2025-07-25T08:16:51.804758,gateio,0.13092,0.13106,43.0,377.0
2025-07-25T08:16:51.826693,gateio,0.13092,0.13105,43.0,377.0
2025-07-25T08:16:51.844876,gateio,0.13092,0.13104,43.0,377.0
2025-07-25T08:16:51.866716,gateio,0.13092,0.13103,43.0,377.0
2025-07-25T08:16:51.884744,gateio,0.13092,0.13102,43.0,377.0
2025-07-25T08:16:51.893075,bitget,0.13096,0.13105,471.0,550.0
2025-07-25T08:16:51.904713,gateio,0.13092,0.13101,43.0,377.0
2025-07-25T08:16:51.924908,gateio,0.13092,0.131,43.0,377.0
2025-07-25T08:16:51.945252,gateio,0.13092,0.13099,120.0,377.0
2025-07-25T08:16:52.043559,bitget,0.13096,0.13105,471.0,550.0
2025-07-25T08:16:52.062089,blofin,0.13096,0.13101,945.0,871.0
2025-07-25T08:16:52.160688,lbank,0.131,0.1312,9562.0,28953.0
2025-07-25T08:16:52.193424,bitget,0.13096,0.13105,657.0,550.0
2025-07-25T08:16:52.337393,gateio,0.13092,0.13099,212.0,377.0
2025-07-25T08:16:52.344209,bitget,0.13097,0.13105,471.0,550.0
2025-07-25T08:16:52.426829,gateio,0.13093,0.13099,92.0,377.0
2025-07-25T08:16:52.438665,bybit,0.0,0.1313,0.0,8.8
2025-07-25T08:16:52.446658,gateio,0.13094,0.1311,120.0,92.0
2025-07-25T08:16:52.456133,binance,0.1311,0.1311,0.0,0.0
2025-07-25T08:16:52.467006,gateio,0.13094,0.13121,120.0,93.0
2025-07-25T08:16:52.487310,gateio,0.13094,0.13128,212.0,94.0
2025-07-25T08:16:52.494244,bitget,0.13097,0.13104,471.0,377.0
2025-07-25T08:16:52.502544,gateio,0.13095,0.13127,92.0,2285.0
2025-07-25T08:16:52.512306,huobi,0.1308,0.1311,3094.5713,170.0
2025-07-25T08:16:52.526983,gateio,0.13095,0.13126,92.0,719.0
2025-07-25T08:16:52.538098,bybit,0.0,0.0,0.0,0.0
2025-07-25T08:16:52.545310,gateio,0.13096,0.13125,120.0,469.0
2025-07-25T08:16:52.559400,gateio,0.13096,0.13124,120.0,2754.0
2025-07-25T08:16:52.568204,blofin,0.13096,0.13101,4.0,871.0
2025-07-25T08:16:52.580848,gateio,0.13096,0.13123,120.0,2378.0
2025-07-25T08:16:52.641000,gateio,0.13096,0.13123,120.0,2286.0
2025-07-25T08:16:52.642461,bitget,0.13097,0.13104,657.0,377.0
2025-07-25T08:16:52.660478,bitmart,0.13064,0.13137,466.0,2160.0
2025-07-25T08:16:52.661055,lbank,0.131,0.1312,9562.0,28953.0
2025-07-25T08:16:52.667667,gateio,0.13096,0.13122,120.0,92.0
2025-07-25T08:16:52.681691,gateio,0.13096,0.13122,120.0,2378.0
2025-07-25T08:16:52.706757,gateio,0.13096,0.1312,120.0,377.0
2025-07-25T08:16:52.721422,gateio,0.13096,0.13119,120.0,469.0
2025-07-25T08:16:52.746497,gateio,0.13096,0.13118,120.0,92.0
2025-07-25T08:16:52.766916,gateio,0.13096,0.13116,120.0,92.0
2025-07-25T08:16:52.784768,gateio,0.13096,0.13115,120.0,377.0
2025-07-25T08:16:52.792284,bitget,0.13098,0.13104,471.0,377.0
2025-07-25T08:16:52.796323,mexc,0.1309,0.131,6775040.0,6775040.0
2025-07-25T08:16:52.806498,gateio,0.13096,0.13114,120.0,92.0
2025-07-25T08:16:52.827182,gateio,0.13096,0.13112,120.0,377.0
2025-07-25T08:16:52.837347,bybit,0.0,0.0,0.0,0.0
2025-07-25T08:16:52.863040,gateio,0.13096,0.13111,120.0,377.0
2025-07-25T08:16:52.886773,gateio,0.13096,0.1311,120.0,377.0
2025-07-25T08:16:52.942407,bitget,0.13104,0.13106,377.0,550.0
2025-07-25T08:16:53.037529,bybit,0.1312,0.0,3649.7,0.0
2025-07-25T08:16:53.060917,blofin,0.13096,0.13101,1706.0,871.0
2025-07-25T08:16:53.093889,bitget,0.13104,0.13105,377.0,377.0
2025-07-25T08:16:53.114843,huobi,0.1308,0.1311,2755.5713,170.0
2025-07-25T08:16:53.159943,lbank,0.131,0.1312,9562.0,28953.0
2025-07-25T08:16:53.242874,bitget,0.13104,0.13105,377.0,377.0
2025-07-25T08:16:53.456499,binance,0.1311,0.1311,0.0,0.0
2025-07-25T08:16:53.542777,bitget,0.13104,0.13105,377.0,377.0
2025-07-25T08:16:53.560935,blofin,0.13097,0.13101,1387.0,871.0
2025-07-25T08:16:53.672696,bitmart,0.13067,0.13137,101.0,2160.0
2025-07-25T08:16:53.697248,bitget,0.13105,0.13107,377.0,550.0
2025-07-25T08:16:53.730744,gateio,0.13096,0.13109,120.0,158.0
2025-07-25T08:16:53.746762,gateio,0.13096,0.13107,120.0,377.0
2025-07-25T08:16:53.766643,gateio,0.13096,0.13106,120.0,377.0
2025-07-25T08:16:53.784843,gateio,0.13096,0.13105,120.0,377.0
2025-07-25T08:16:53.795424,gateio,0.13096,0.13104,120.0,377.0
2025-07-25T08:16:53.807458,gateio,0.13096,0.13103,120.0,377.0
2025-07-25T08:16:53.826832,gateio,0.13096,0.13102,120.0,377.0
2025-07-25T08:16:53.843066,bitget,0.13105,0.13106,377.0,377.0
2025-07-25T08:16:53.846935,gateio,0.13096,0.13101,77.0,377.0
2025-07-25T08:16:53.994502,bitget,0.13105,0.13106,377.0,377.0
2025-07-25T08:16:54.083314,blofin,0.13097,0.13101,1387.0,871.0
2025-07-25T08:16:54.159094,lbank,0.131,0.1312,9562.0,28953.0
2025-07-25T08:16:54.445959,bitget,0.13105,0.13106,848.0,377.0
2025-07-25T08:16:54.549586,blofin,0.13097,0.13101,1387.0,871.0
2025-07-25T08:16:54.594882,bitget,0.13105,0.13106,848.0,377.0
2025-07-25T08:16:54.666455,lbank,0.131,0.1312,9562.0,28953.0
2025-07-25T08:16:54.709812,huobi,0.1309,0.1311,353.3743,170.0
2025-07-25T08:16:54.718976,bitmart,0.13064,0.13137,466.0,2160.0
2025-07-25T08:16:54.809453,huobi,0.1308,0.1311,3094.5713,170.0
2025-07-25T08:16:54.894837,bitget,0.13105,0.13106,471.0,377.0
2025-07-25T08:16:55.066610,blofin,0.13096,0.13101,875.0,871.0
2025-07-25T08:16:55.160675,lbank,0.131,0.1312,9562.0,28953.0
2025-07-25T08:16:55.219754,mexc,0.1309,0.1311,6775040.0,6775040.0
2025-07-25T08:16:55.412481,huobi,0.1308,0.1311,3094.5713,170.0
2025-07-25T08:16:55.454320,binance,0.1311,0.1311,0.0,0.0
2025-07-25T08:16:55.571213,blofin,0.13097,0.13101,1291.0,871.0
2025-07-25T08:16:55.651298,bitget,0.13099,0.13106,186.0,377.0
2025-07-25T08:16:55.659248,lbank,0.131,0.1312,9562.0,28953.0
2025-07-25T08:16:55.708243,huobi,0.1309,0.1311,369.0544,170.0
2025-07-25T08:16:55.715986,bitmart,0.13067,0.13137,366.0,2160.0
2025-07-25T08:16:55.795658,bitget,0.13105,0.13106,467.0,377.0
2025-07-25T08:16:55.808768,huobi,0.1308,0.1311,2755.5713,170.0
2025-07-25T08:16:55.944626,bitget,0.13098,0.13106,657.0,377.0
2025-07-25T08:16:56.069660,blofin,0.13097,0.13101,1294.0,871.0
2025-07-25T08:16:56.094007,bitget,0.13099,0.13105,467.0,377.0
2025-07-25T08:16:56.159178,lbank,0.131,0.1312,9562.0,28953.0
2025-07-25T08:16:56.245821,bitget,0.13099,0.13105,467.0,377.0
2025-07-25T08:16:56.399515,bitget,0.13099,0.13105,467.0,377.0
2025-07-25T08:16:56.415808,huobi,0.1308,0.1311,3094.5713,170.0
2025-07-25T08:16:56.545997,bitget,0.13099,0.13107,467.0,549.0
2025-07-25T08:16:56.556963,blofin,0.13097,0.13101,1294.0,871.0
2025-07-25T08:16:56.694398,bitget,0.13099,0.13107,467.0,549.0
2025-07-25T08:16:56.724560,gateio,0.13096,0.13116,77.0,92.0
2025-07-25T08:16:56.733033,bitmart,0.13067,0.13137,1010.0,2160.0
2025-07-25T08:16:56.738773,gateio,0.13096,0.13118,77.0,92.0
2025-07-25T08:16:56.752565,gateio,0.13096,0.13121,77.0,92.0
2025-07-25T08:16:56.844717,bitget,0.131,0.13107,467.0,549.0
2025-07-25T08:16:56.902815,gateio,0.13097,0.13121,92.0,92.0
2025-07-25T08:16:56.914805,gateio,0.13097,0.1312,92.0,377.0
2025-07-25T08:16:56.926399,gateio,0.13097,0.13119,92.0,469.0
2025-07-25T08:16:56.937244,bybit,0.1313,0.1314,3158.2,1245.8
2025-07-25T08:16:56.946716,gateio,0.13098,0.13118,43.0,469.0
2025-07-25T08:16:56.967142,gateio,0.13098,0.13117,135.0,469.0
2025-07-25T08:16:56.984881,gateio,0.13098,0.13116,135.0,469.0
2025-07-25T08:16:56.996496,bitget,0.131,0.13109,467.0,549.0
2025-07-25T08:16:57.006605,gateio,0.13099,0.13115,92.0,377.0
2025-07-25T08:16:57.026972,gateio,0.13099,0.13114,92.0,377.0
2025-07-25T08:16:57.037767,bybit,0.1313,0.1314,2536.0,1727.6
2025-07-25T08:16:57.046396,gateio,0.131,0.13113,43.0,377.0
2025-07-25T08:16:57.064179,blofin,0.13097,0.13101,877.0,871.0
2025-07-25T08:16:57.065546,gateio,0.131,0.13112,43.0,377.0
2025-07-25T08:16:57.085144,gateio,0.131,0.13111,43.0,377.0
2025-07-25T08:16:57.104701,gateio,0.131,0.1311,43.0,377.0
2025-07-25T08:16:57.108933,huobi,0.1308,0.1311,2755.5713,170.0
2025-07-25T08:16:57.120576,gateio,0.131,0.13109,43.0,377.0
2025-07-25T08:16:57.140610,gateio,0.131,0.13107,43.0,377.0
2025-07-25T08:16:57.146375,bitget,0.131,0.13111,653.0,1049.0
2025-07-25T08:16:57.164854,gateio,0.131,0.13105,43.0,377.0
2025-07-25T08:16:57.206093,gateio,0.131,0.13105,135.0,377.0
2025-07-25T08:16:57.231590,gateio,0.131,0.13121,43.0,92.0
2025-07-25T08:16:57.239503,bybit,0.0,0.1314,0.0,122.4
2025-07-25T08:16:57.262195,gateio,0.131,0.13125,43.0,92.0
2025-07-25T08:16:57.262240,gateio,0.13092,0.13125,17.0,92.0
2025-07-25T08:16:57.281993,gateio,0.13092,0.1313,43.0,93.0
2025-07-25T08:16:57.295382,gateio,0.13092,0.1313,2334.0,93.0
2025-07-25T08:16:57.296036,bitget,0.13101,0.1311,467.0,377.0
2025-07-25T08:16:57.307310,gateio,0.13093,0.1313,92.0,93.0
2025-07-25T08:16:57.327582,gateio,0.13093,0.13128,92.0,92.0
2025-07-25T08:16:57.347706,gateio,0.13093,0.13127,92.0,377.0
2025-07-25T08:16:57.365723,gateio,0.13093,0.13126,92.0,92.0
2025-07-25T08:16:57.375516,gateio,0.13094,0.13126,43.0,92.0
2025-07-25T08:16:57.398998,gateio,0.13095,0.13125,92.0,377.0
2025-07-25T08:16:57.412853,huobi,0.1309,0.1311,339.0,170.0
2025-07-25T08:16:57.426803,gateio,0.13095,0.13123,92.0,377.0
2025-07-25T08:16:57.437396,bybit,0.1313,0.0,3017.8,0.0
2025-07-25T08:16:57.438201,lbank,0.131,0.1311,9562.0,442.0
2025-07-25T08:16:57.442222,binance,0.1311,0.1311,0.0,0.0
2025-07-25T08:16:57.445115,bitget,0.13111,0.13112,549.0,549.0
2025-07-25T08:16:57.447030,gateio,0.13095,0.13121,92.0,92.0
2025-07-25T08:16:57.458508,gateio,0.13096,0.13121,43.0,469.0
2025-07-25T08:16:57.486718,gateio,0.13097,0.1312,92.0,92.0
2025-07-25T08:16:57.507183,gateio,0.13097,0.13118,92.0,92.0
2025-07-25T08:16:57.546431,gateio,0.13098,0.13118,135.0,92.0
2025-07-25T08:16:57.557361,huobi,0.1308,0.1311,2755.5713,170.0
2025-07-25T08:16:57.566477,blofin,0.13098,0.13101,2202.0,871.0
2025-07-25T08:16:57.567546,gateio,0.13099,0.13117,92.0,377.0
2025-07-25T08:16:57.596637,bitget,0.13105,0.13111,878.0,565.0
2025-07-25T08:16:57.609587,huobi,0.1309,0.1311,4389.1734,170.0
2025-07-25T08:16:57.611671,mexc,0.1309,0.1311,6775040.0,6775040.0
2025-07-25T08:16:57.613046,gateio,0.13099,0.13116,92.0,92.0
2025-07-25T08:16:57.626899,gateio,0.13099,0.13115,92.0,377.0
2025-07-25T08:16:57.638160,bybit,0.1313,0.1314,2536.0,1151.6
2025-07-25T08:16:57.641120,gateio,0.131,0.13115,43.0,377.0
2025-07-25T08:16:57.662651,lbank,0.131,0.1312,9562.0,28953.0
2025-07-25T08:16:57.691702,gateio,0.131,0.13114,43.0,92.0
2025-07-25T08:16:57.710187,bitmart,0.13076,0.13148,672.0,1809.0
2025-07-25T08:16:57.729487,gateio,0.131,0.13114,26.0,92.0
2025-07-25T08:16:57.737290,bybit,0.1313,0.0,500.0,0.0
2025-07-25T08:16:57.746971,bitget,0.13105,0.1311,878.0,377.0
2025-07-25T08:16:57.749151,gateio,0.13096,0.13114,43.0,92.0
2025-07-25T08:16:57.768509,gateio,0.13097,0.13114,92.0,92.0
2025-07-25T08:16:57.830633,gateio,0.13097,0.13113,92.0,377.0
2025-07-25T08:16:57.874690,gateio,0.13098,0.13113,135.0,377.0
2025-07-25T08:16:57.895633,bitget,0.13107,0.13109,467.0,377.0
2025-07-25T08:16:58.011099,gateio,0.13098,0.13112,135.0,377.0
2025-07-25T08:16:58.027619,gateio,0.13098,0.13111,135.0,377.0
2025-07-25T08:16:58.037465,bybit,0.0,0.1314,0.0,1049.8
2025-07-25T08:16:58.046678,gateio,0.13098,0.1311,135.0,377.0
2025-07-25T08:16:58.046921,bitget,0.13107,0.13109,467.0,377.0
2025-07-25T08:16:58.066805,gateio,0.13098,0.13109,135.0,377.0
2025-07-25T08:16:58.067090,blofin,0.13105,0.13111,1.0,1036.0
2025-07-25T08:16:58.086540,gateio,0.13098,0.13108,135.0,377.0
2025-07-25T08:16:58.106849,gateio,0.13098,0.13107,135.0,377.0
2025-07-25T08:16:58.126580,gateio,0.13098,0.13106,43.0,377.0
2025-07-25T08:16:58.146728,gateio,0.13098,0.13105,43.0,377.0
2025-07-25T08:16:58.160070,lbank,0.131,0.1312,9562.0,28953.0
2025-07-25T08:16:58.166963,gateio,0.13098,0.13104,43.0,377.0
2025-07-25T08:16:58.196366,bitget,0.13107,0.13109,467.0,377.0
2025-07-25T08:16:58.211675,huobi,0.131,0.1311,4389.1734,170.0
2025-07-25T08:16:58.228753,gateio,0.13098,0.13104,26.0,377.0
2025-07-25T08:16:58.238051,bybit,0.0,0.0,0.0,0.0
2025-07-25T08:16:58.246672,gateio,0.13094,0.13104,135.0,377.0
2025-07-25T08:16:58.309527,huobi,0.1308,0.1311,2755.5713,170.0
2025-07-25T08:16:58.328618,gateio,0.13095,0.13104,92.0,377.0
2025-07-25T08:16:58.340635,gateio,0.13096,0.13104,43.0,377.0
2025-07-25T08:16:58.347686,bitget,0.13107,0.13109,467.0,377.0
2025-07-25T08:16:58.411001,gateio,0.13096,0.13104,135.0,377.0
2025-07-25T08:16:58.430857,gateio,0.13097,0.13104,77.0,377.0
2025-07-25T08:16:58.437351,bybit,0.0,0.1314,0.0,1051.5
2025-07-25T08:16:58.450889,binance,0.1311,0.1311,0.0,0.0
2025-07-25T08:16:58.495429,bitget,0.13107,0.13109,467.0,377.0
2025-07-25T08:16:58.511005,huobi,0.1309,0.1311,4389.1734,170.0
2025-07-25T08:16:58.570904,blofin,0.13104,0.13111,242.0,1036.0
2025-07-25T08:16:58.609301,huobi,0.1309,0.1311,4728.1734,170.0
2025-07-25T08:16:58.646957,bitget,0.13107,0.13109,467.0,377.0
2025-07-25T08:16:58.666281,lbank,0.131,0.1312,9562.0,28953.0
2025-07-25T08:16:58.728498,bitmart,0.1307,0.13142,412.0,307.0
2025-07-25T08:16:58.809394,huobi,0.1309,0.1311,4728.1734,170.0
2025-07-25T08:16:59.066528,blofin,0.13101,0.13111,237.0,1036.0
2025-07-25T08:16:59.161239,lbank,0.131,0.1312,9562.0,28953.0
2025-07-25T08:16:59.454563,binance,0.1311,0.1311,0.0,0.0
2025-07-25T08:16:59.540603,blofin,0.13101,0.13111,237.0,1036.0
2025-07-25T08:16:59.616645,gateio,0.13098,0.13104,92.0,377.0
2025-07-25T08:16:59.626595,gateio,0.13098,0.13118,92.0,92.0
2025-07-25T08:16:59.638453,gateio,0.13099,0.1312,17.0,92.0
2025-07-25T08:16:59.661681,bitmart,0.1307,0.13142,412.0,301.0
2025-07-25T08:16:59.667281,gateio,0.13099,0.13118,135.0,92.0
2025-07-25T08:16:59.687157,gateio,0.13099,0.13116,135.0,377.0
2025-07-25T08:16:59.708714,gateio,0.13099,0.13115,135.0,377.0
2025-07-25T08:16:59.709626,huobi,0.131,0.1311,379.5,170.0
2025-07-25T08:16:59.722408,gateio,0.13099,0.13114,135.0,469.0
2025-07-25T08:16:59.742500,gateio,0.13099,0.13113,517.0,377.0
2025-07-25T08:16:59.766635,gateio,0.13099,0.13112,517.0,377.0
2025-07-25T08:16:59.784680,gateio,0.13099,0.13112,135.0,377.0
2025-07-25T08:16:59.804986,gateio,0.13099,0.13111,135.0,377.0
2025-07-25T08:16:59.813874,huobi,0.1309,0.1311,4728.1734,170.0
2025-07-25T08:16:59.848587,bitget,0.13107,0.13111,467.0,548.0
2025-07-25T08:16:59.996214,bitget,0.13107,0.13108,467.0,377.0
2025-07-25T08:17:00.008026,mexc,0.131,0.1312,6775040.0,6775040.0
2025-07-25T08:17:00.043367,huobi,0.1309,0.1311,4728.1734,170.0
2025-07-25T08:17:00.062663,gateio,0.13099,0.13111,43.0,377.0
2025-07-25T08:17:00.088185,blofin,0.13101,0.13111,237.0,1036.0
2025-07-25T08:17:00.130505,gateio,0.13099,0.13111,26.0,377.0
2025-07-25T08:17:00.142445,huobi,0.1309,0.1311,4728.1734,170.0
2025-07-25T08:17:00.149156,bitget,0.13102,0.13108,186.0,377.0
2025-07-25T08:17:00.207053,gateio,0.13097,0.13111,43.0,377.0
2025-07-25T08:17:00.274737,gateio,0.13097,0.13111,425.0,377.0
2025-07-25T08:17:00.290020,lbank,0.131,0.1311,9562.0,409.0
2025-07-25T08:17:00.290050,lbank,0.131,0.1312,9562.0,28953.0
2025-07-25T08:17:00.296643,bitget,0.13103,0.13108,467.0,377.0
2025-07-25T08:17:00.370935,gateio,0.13097,0.13111,43.0,377.0
2025-07-25T08:17:00.386989,gateio,0.13097,0.1311,43.0,377.0
2025-07-25T08:17:00.407407,gateio,0.13097,0.13109,43.0,377.0
2025-07-25T08:17:00.427033,gateio,0.13097,0.13108,43.0,377.0
2025-07-25T08:17:00.447064,gateio,0.13092,0.13108,135.0,377.0
2025-07-25T08:17:00.450324,bitget,0.13103,0.13107,467.0,377.0
2025-07-25T08:17:00.456940,binance,0.1311,0.1311,0.0,0.0
2025-07-25T08:17:00.531031,gateio,0.13093,0.13108,92.0,377.0
2025-07-25T08:17:00.540725,gateio,0.13094,0.13108,43.0,377.0
2025-07-25T08:17:00.550018,blofin,0.13101,0.13111,479.0,1036.0
2025-07-25T08:17:00.566670,gateio,0.13094,0.13107,135.0,377.0
2025-07-25T08:17:00.581180,gateio,0.13095,0.13106,92.0,377.0
2025-07-25T08:17:00.594607,gateio,0.13095,0.13105,92.0,377.0
2025-07-25T08:17:00.596576,bitget,0.13103,0.13106,467.0,377.0
2025-07-25T08:17:00.606410,gateio,0.13095,0.13104,92.0,377.0
2025-07-25T08:17:00.662156,lbank,0.131,0.1312,9562.0,28953.0
2025-07-25T08:17:00.737368,bybit,0.0,0.1314,0.0,1551.5
2025-07-25T08:17:00.739598,bitmart,0.1307,0.13141,104.0,193.0
2025-07-25T08:17:00.748254,bitget,0.13103,0.13106,467.0,377.0
2025-07-25T08:17:00.806176,gateio,0.13096,0.13104,120.0,377.0
2025-07-25T08:17:00.808152,huobi,0.1309,0.1311,4389.1734,170.0
2025-07-25T08:17:00.897943,bitget,0.13103,0.13106,467.0,377.0
2025-07-25T08:17:01.008960,huobi,0.1309,0.1311,4728.1734,170.0
2025-07-25T08:17:01.047991,bitget,0.13103,0.13106,467.0,377.0
2025-07-25T08:17:01.082688,blofin,0.13102,0.1311,242.0,996.0
2025-07-25T08:17:01.162030,lbank,0.131,0.1312,9562.0,28953.0
2025-07-25T08:17:01.198639,bitget,0.13102,0.13106,186.0,377.0
2025-07-25T08:17:01.346726,bitget,0.13103,0.13105,467.0,377.0
2025-07-25T08:17:01.460057,binance,0.1311,0.1311,0.0,0.0
2025-07-25T08:17:01.479287,gateio,0.13096,0.13104,212.0,377.0
2025-07-25T08:17:01.497193,bitget,0.13103,0.13105,467.0,377.0
2025-07-25T08:17:01.500864,gateio,0.13097,0.13104,92.0,377.0
2025-07-25T08:17:01.527091,gateio,0.13097,0.13124,92.0,92.0
2025-07-25T08:17:01.537594,bybit,0.0,0.0,0.0,0.0
2025-07-25T08:17:01.548752,gateio,0.13097,0.13126,92.0,92.0
2025-07-25T08:17:01.558646,gateio,0.13098,0.13126,26.0,92.0
2025-07-25T08:17:01.566549,blofin,0.13102,0.13109,293.0,316.0
2025-07-25T08:17:01.578869,gateio,0.13098,0.13125,135.0,377.0
2025-07-25T08:17:01.594487,gateio,0.13099,0.13123,92.0,377.0
2025-07-25T08:17:01.606381,gateio,0.13099,0.13122,92.0,92.0
2025-07-25T08:17:01.648939,bitget,0.13107,0.13108,548.0,548.0
2025-07-25T08:17:01.664399,lbank,0.131,0.1312,9562.0,28953.0
2025-07-25T08:17:01.666920,gateio,0.131,0.13121,43.0,377.0
2025-07-25T08:17:01.686948,gateio,0.131,0.1312,43.0,469.0
2025-07-25T08:17:01.702600,gateio,0.131,0.13119,43.0,92.0
2025-07-25T08:17:01.720717,bitmart,0.1307,0.13146,20.0,3446.0
2025-07-25T08:17:01.797235,bitget,0.13107,0.13108,1015.0,548.0
2025-07-25T08:17:01.849540,gateio,0.131,0.13122,43.0,92.0
2025-07-25T08:17:01.866684,gateio,0.131,0.13126,43.0,92.0
2025-07-25T08:17:01.880707,gateio,0.131,0.13126,135.0,92.0
2025-07-25T08:17:01.937385,bybit,0.0,0.1314,0.0,1051.5
2025-07-25T08:17:01.949588,bitget,0.13108,0.1311,548.0,548.0
2025-07-25T08:17:02.004726,gateio,0.13101,0.13126,92.0,92.0
2025-07-25T08:17:02.008555,huobi,0.1309,0.1311,4389.1734,170.0
2025-07-25T08:17:02.026630,gateio,0.13101,0.13125,92.0,377.0
2025-07-25T08:17:02.037443,bybit,0.1313,0.1314,982.2,642.9
2025-07-25T08:17:02.046599,gateio,0.13102,0.13124,43.0,469.0
2025-07-25T08:17:02.066980,gateio,0.13102,0.13123,135.0,469.0
2025-07-25T08:17:02.074436,blofin,0.13102,0.13109,293.0,316.0
2025-07-25T08:17:02.085058,gateio,0.13102,0.13122,135.0,469.0
2025-07-25T08:17:02.097430,bitget,0.1311,0.13116,548.0,467.0
2025-07-25T08:17:02.106806,gateio,0.13102,0.13121,135.0,92.0
2025-07-25T08:17:02.108601,huobi,0.1309,0.1311,4728.1734,170.0
2025-07-25T08:17:02.137620,bybit,0.1313,0.0,985.5,0.0
2025-07-25T08:17:02.160040,lbank,0.131,0.1312,9562.0,28953.0
2025-07-25T08:17:02.207458,huobi,0.131,0.1311,2770.9941,170.0
2025-07-25T08:17:02.240661,gateio,0.13102,0.13126,135.0,92.0
2025-07-25T08:17:02.250259,bitget,0.13111,0.13115,467.0,548.0
2025-07-25T08:17:02.257014,gateio,0.13103,0.13126,92.0,92.0
2025-07-25T08:17:02.266348,gateio,0.13103,0.13124,92.0,377.0
2025-07-25T08:17:02.286842,gateio,0.13103,0.13123,92.0,469.0
2025-07-25T08:17:02.304830,gateio,0.13103,0.13122,92.0,92.0
2025-07-25T08:17:02.346494,gateio,0.13104,0.13122,43.0,92.0
2025-07-25T08:17:02.399091,bitget,0.13111,0.13114,467.0,377.0
2025-07-25T08:17:02.402531,mexc,0.131,0.1312,6775040.0,6775040.0
2025-07-25T08:17:02.456374,binance,0.1311,0.1311,0.0,0.0
2025-07-25T08:17:02.529527,gateio,0.13104,0.13126,119.0,92.0
2025-07-25T08:17:02.548638,bitget,0.13111,0.13114,467.0,377.0
2025-07-25T08:17:02.555235,blofin,0.13101,0.13111,56.0,1036.0
2025-07-25T08:17:02.608839,huobi,0.131,0.1311,3103.2046,170.0
2025-07-25T08:17:02.669504,lbank,0.131,0.1313,18491.0,23532.0
2025-07-25T08:17:02.677558,bitmart,0.13076,0.13146,151.0,173.0
2025-07-25T08:17:02.700127,bitget,0.13111,0.13114,467.0,377.0
2025-07-25T08:17:02.837495,bybit,0.1313,0.0,1960.5,0.0
2025-07-25T08:17:02.849593,bitget,0.13108,0.13114,734.0,377.0
2025-07-25T08:17:02.998166,bitget,0.13109,0.13114,467.0,377.0
2025-07-25T08:17:03.091423,blofin,0.13107,0.13113,687.0,2.0
2025-07-25T08:17:03.140060,gateio,0.13104,0.13126,211.0,92.0
2025-07-25T08:17:03.149703,bitget,0.13109,0.13114,467.0,844.0
2025-07-25T08:17:03.162591,lbank,0.1313,0.1314,13458.0,3458.0
2025-07-25T08:17:03.238888,gateio,0.13105,0.13126,92.0,92.0
2025-07-25T08:17:03.298325,bitget,0.13109,0.13114,467.0,377.0
2025-07-25T08:17:03.309395,huobi,0.131,0.1311,3470.5324,170.0
2025-07-25T08:17:03.324865,gateio,0.13106,0.13126,43.0,92.0
2025-07-25T08:17:03.510748,huobi,0.131,0.1311,2770.9941,170.0
2025-07-25T08:17:03.562516,blofin,0.13107,0.13113,274.0,493.0
2025-07-25T08:17:03.570620,gateio,0.13106,0.1313,43.0,93.0
2025-07-25T08:17:03.585444,gateio,0.13106,0.13128,43.0,94.0
2025-07-25T08:17:03.661509,lbank,0.1313,0.1314,13458.0,3458.0
2025-07-25T08:17:03.704584,bitmart,0.13073,0.13146,4314.0,173.0
2025-07-25T08:17:03.913357,gateio,0.13106,0.13128,137.0,94.0
2025-07-25T08:17:03.937225,bybit,0.1313,0.0,2977.5,0.0
2025-07-25T08:17:04.037571,bybit,0.1313,0.0,3289.2,0.0
2025-07-25T08:17:04.070763,blofin,0.13107,0.13113,274.0,493.0
2025-07-25T08:17:04.111013,huobi,0.131,0.1313,2770.9941,248.3903
2025-07-25T08:17:04.160114,lbank,0.1313,0.1314,13458.0,3458.0
2025-07-25T08:17:04.301138,gateio,0.13107,0.13128,94.0,94.0
2025-07-25T08:17:04.328652,gateio,0.13107,0.13126,94.0,94.0
2025-07-25T08:17:04.338039,bybit,0.1313,0.1314,5193.2,22.3
2025-07-25T08:17:04.344579,gateio,0.13108,0.13126,43.0,94.0
2025-07-25T08:17:04.349012,bitget,0.13109,0.13117,467.0,500.0
2025-07-25T08:17:04.407977,gateio,0.13108,0.13125,43.0,377.0
2025-07-25T08:17:04.413541,huobi,0.131,0.1313,2770.9941,248.3903
2025-07-25T08:17:04.421430,gateio,0.13108,0.13124,43.0,94.0
2025-07-25T08:17:04.435501,gateio,0.13108,0.13123,43.0,377.0
2025-07-25T08:17:04.460470,binance,0.1312,0.1312,0.0,0.0
2025-07-25T08:17:04.500226,bitget,0.13109,0.13117,467.0,500.0
2025-07-25T08:17:04.503970,gateio,0.13108,0.13122,43.0,94.0
2025-07-25T08:17:04.524767,gateio,0.13108,0.13121,424.0,377.0
2025-07-25T08:17:04.557953,blofin,0.13107,0.13113,274.0,493.0
2025-07-25T08:17:04.567039,gateio,0.13096,0.13121,43.0,377.0
2025-07-25T08:17:04.580588,gateio,0.13097,0.1312,2384.0,377.0
2025-07-25T08:17:04.602543,gateio,0.13098,0.1312,4961.0,377.0
2025-07-25T08:17:04.620640,gateio,0.13099,0.1312,94.0,377.0
2025-07-25T08:17:04.630763,gateio,0.13099,0.13119,2241.0,377.0
2025-07-25T08:17:04.638562,bybit,0.1313,0.0,3289.2,0.0
2025-07-25T08:17:04.647496,gateio,0.131,0.13118,137.0,377.0
2025-07-25T08:17:04.652584,bitget,0.13109,0.13117,467.0,500.0
2025-07-25T08:17:04.662756,lbank,0.1313,0.1314,13458.0,3458.0
2025-07-25T08:17:04.666546,gateio,0.13101,0.13117,94.0,377.0
2025-07-25T08:17:04.686044,gateio,0.13101,0.13116,94.0,377.0
2025-07-25T08:17:04.727145,gateio,0.13101,0.13115,94.0,377.0
2025-07-25T08:17:04.729532,bitmart,0.13077,0.13149,102.0,150.0
2025-07-25T08:17:04.738007,bybit,0.1313,0.0,4051.2,0.0
2025-07-25T08:17:04.744887,gateio,0.13102,0.13114,121.0,377.0
2025-07-25T08:17:04.766553,gateio,0.13103,0.13113,94.0,377.0
2025-07-25T08:17:04.777555,mexc,0.131,0.1312,6775040.0,6775040.0
2025-07-25T08:17:04.800955,bitget,0.1311,0.13117,465.0,500.0
2025-07-25T08:17:04.837706,bybit,0.0,0.0,0.0,0.0
2025-07-25T08:17:04.900678,gateio,0.13104,0.13113,121.0,377.0
2025-07-25T08:17:04.949204,bitget,0.1311,0.13116,465.0,377.0
2025-07-25T08:17:05.075296,blofin,0.13113,0.13117,270.0,949.0
2025-07-25T08:17:05.100961,bitget,0.1311,0.13115,465.0,377.0
2025-07-25T08:17:05.108577,huobi,0.131,0.1311,2770.9941,366.5801
2025-07-25T08:17:05.160605,lbank,0.1313,0.1314,13458.0,3458.0
2025-07-25T08:17:05.208203,huobi,0.131,0.1313,2770.9941,248.3903
2025-07-25T08:17:05.249676,bitget,0.1311,0.13115,465.0,377.0
2025-07-25T08:17:05.399918,bitget,0.1311,0.13115,465.0,377.0
2025-07-25T08:17:05.459021,binance,0.1312,0.1312,0.0,0.0
2025-07-25T08:17:05.504694,gateio,0.13104,0.13113,503.0,377.0
2025-07-25T08:17:05.518610,gateio,0.13104,0.13113,121.0,377.0
2025-07-25T08:17:05.551076,bitget,0.1311,0.13115,465.0,377.0
2025-07-25T08:17:05.554837,blofin,0.13109,0.13116,242.0,316.0
2025-07-25T08:17:05.659196,lbank,0.1313,0.1314,13458.0,3458.0
2025-07-25T08:17:05.687892,bitmart,0.13077,0.13148,25.0,488.0
2025-07-25T08:17:05.699665,bitget,0.1311,0.13115,465.0,377.0
2025-07-25T08:17:05.808830,huobi,0.131,0.1313,2770.9941,248.3903
2025-07-25T08:17:05.828752,gateio,0.13104,0.13113,104.0,377.0
2025-07-25T08:17:05.933214,gateio,0.13104,0.13113,78.0,377.0
2025-07-25T08:17:06.063615,blofin,0.1311,0.13117,61.0,2096.0
2025-07-25T08:17:06.165648,lbank,0.1313,0.1314,13458.0,3458.0
2025-07-25T08:17:06.337342,bybit,0.0,0.1314,0.0,642.9
2025-07-25T08:17:06.556369,blofin,0.1311,0.13116,61.0,1145.0
2025-07-25T08:17:06.662320,lbank,0.1313,0.1314,13458.0,3458.0
2025-07-25T08:17:06.665284,bitmart,0.13077,0.13148,25.0,235.0
2025-07-25T08:17:06.750175,bitget,0.1311,0.13115,465.0,842.0
2025-07-25T08:17:06.937190,bybit,0.1313,0.0,4089.3,0.0
2025-07-25T08:17:07.050403,bitget,0.1311,0.13115,465.0,377.0
2025-07-25T08:17:07.065671,blofin,0.1311,0.13116,61.0,1149.0
2025-07-25T08:17:07.145880,mexc,0.131,0.1312,6775040.0,6775040.0
2025-07-25T08:17:07.159364,lbank,0.131,0.1312,33670.0,1973.0
2025-07-25T08:17:07.202474,bitget,0.13109,0.13114,186.0,465.0
2025-07-25T08:17:07.238204,bybit,0.1313,0.0,4051.2,0.0
2025-07-25T08:17:07.310404,huobi,0.131,0.1313,2770.9941,248.3903
2025-07-25T08:17:07.337439,bybit,0.0,0.1314,0.0,22.3
2025-07-25T08:17:07.350476,bitget,0.1311,0.13116,465.0,1012.0
2025-07-25T08:17:07.379177,gateio,0.13104,0.13113,172.0,377.0
2025-07-25T08:17:07.457142,binance,0.1312,0.1312,0.0,0.0
2025-07-25T08:17:07.500355,bitget,0.1311,0.13115,465.0,377.0
2025-07-25T08:17:07.529306,gateio,0.13105,0.13113,43.0,377.0
2025-07-25T08:17:07.564038,blofin,0.1311,0.13115,63.0,425.0
2025-07-25T08:17:07.651954,bitget,0.1311,0.13114,465.0,377.0
2025-07-25T08:17:07.663958,lbank,0.131,0.1312,33670.0,1973.0
2025-07-25T08:17:07.713922,bitmart,0.13077,0.13148,25.0,58.0
2025-07-25T08:17:07.800525,bitget,0.1311,0.13114,465.0,377.0
2025-07-25T08:17:07.807966,huobi,0.131,0.1313,2770.9941,248.3903
2025-07-25T08:17:07.952205,bitget,0.1311,0.13114,465.0,377.0
2025-07-25T08:17:08.060253,blofin,0.1311,0.13115,63.0,425.0
2025-07-25T08:17:08.128602,gateio,0.13105,0.13113,26.0,377.0
2025-07-25T08:17:08.146646,gateio,0.131,0.13113,137.0,377.0
2025-07-25T08:17:08.161598,lbank,0.1312,0.1313,13836.0,1973.0
2025-07-25T08:17:08.230715,gateio,0.13101,0.13113,94.0,377.0
2025-07-25T08:17:08.276639,gateio,0.13102,0.13113,137.0,377.0
2025-07-25T08:17:08.498890,gateio,0.13103,0.13113,94.0,377.0
2025-07-25T08:17:08.528718,gateio,0.13104,0.13113,26.0,377.0
2025-07-25T08:17:08.565177,blofin,0.1311,0.13115,63.0,425.0
2025-07-25T08:17:08.654826,bitmart,0.13077,0.13148,25.0,58.0
2025-07-25T08:17:08.779039,gateio,0.13104,0.13113,43.0,377.0
2025-07-25T08:17:08.912056,huobi,0.131,0.1313,2770.9941,248.3903
2025-07-25T08:17:09.003091,bitget,0.1311,0.13114,465.0,377.0
2025-07-25T08:17:09.053927,blofin,0.1311,0.13115,62.0,109.0
2025-07-25T08:17:09.546356,mexc,0.1311,0.1312,6775040.0,6775040.0
2025-07-25T08:17:09.560591,blofin,0.1311,0.13114,4.0,106.0
2025-07-25T08:17:09.667082,bitmart,0.13077,0.13148,25.0,58.0
2025-07-25T08:17:09.738337,bybit,0.1313,0.0,3289.2,0.0
2025-07-25T08:17:09.930598,gateio,0.13105,0.13113,94.0,377.0
2025-07-25T08:17:09.983047,gateio,0.13106,0.13113,137.0,377.0
2025-07-25T08:17:09.995048,gateio,0.13106,0.13126,137.0,94.0
2025-07-25T08:17:10.017216,huobi,0.1311,0.1313,4389.1734,248.3903
2025-07-25T08:17:10.029090,gateio,0.13107,0.13128,94.0,94.0
2025-07-25T08:17:10.053997,bitget,0.13116,0.13125,547.0,500.0
2025-07-25T08:17:10.068867,gateio,0.13108,0.13128,137.0,94.0
2025-07-25T08:17:10.081316,blofin,0.1311,0.13114,4.0,109.0
2025-07-25T08:17:10.112703,huobi,0.1309,0.1313,2573.45,248.3903
2025-07-25T08:17:10.202748,bitget,0.13116,0.13118,547.0,546.0
2025-07-25T08:17:10.203033,lbank,0.1312,0.1313,13836.0,1973.0
2025-07-25T08:17:10.238082,bybit,0.1313,0.0,4051.2,0.0
2025-07-25T08:17:10.309125,huobi,0.1311,0.1313,4389.1734,248.3903
2025-07-25T08:17:10.338079,bybit,0.1313,0.0,4089.3,0.0
2025-07-25T08:17:10.353884,bitget,0.13116,0.13117,547.0,377.0
2025-07-25T08:17:10.454165,binance,0.1312,0.1312,0.0,0.0
2025-07-25T08:17:10.503978,bitget,0.13116,0.13117,547.0,377.0
2025-07-25T08:17:10.537365,bybit,0.1313,0.0,4051.2,0.0
2025-07-25T08:17:10.561713,blofin,0.13113,0.13119,583.0,2472.0
2025-07-25T08:17:10.654387,bitget,0.13116,0.13117,547.0,377.0
2025-07-25T08:17:10.662024,lbank,0.1312,0.1313,13836.0,1973.0
2025-07-25T08:17:10.668527,bitmart,0.13081,0.13152,399.0,103.0
2025-07-25T08:17:10.808722,huobi,0.1311,0.1312,4389.1734,358.4634
2025-07-25T08:17:10.838012,bybit,0.1313,0.0,4089.3,0.0
2025-07-25T08:17:10.911012,huobi,0.131,0.1313,4389.1734,248.3903
2025-07-25T08:17:10.937930,bybit,0.1313,0.0,4051.2,0.0
2025-07-25T08:17:10.953279,bitget,0.13116,0.13117,1012.0,377.0
2025-07-25T08:17:11.065154,blofin,0.13113,0.13119,583.0,2472.0
2025-07-25T08:17:11.102975,bitget,0.13111,0.13117,186.0,377.0
2025-07-25T08:17:11.195258,gateio,0.13108,0.13128,43.0,94.0
2025-07-25T08:17:11.230551,gateio,0.13108,0.13128,26.0,94.0
2025-07-25T08:17:11.246634,gateio,0.13099,0.13128,43.0,94.0
2025-07-25T08:17:11.254200,bitget,0.13112,0.13119,465.0,546.0
2025-07-25T08:17:11.260686,gateio,0.131,0.13127,2384.0,377.0
2025-07-25T08:17:11.272951,gateio,0.13101,0.13126,94.0,94.0
2025-07-25T08:17:11.313454,huobi,0.131,0.1313,4389.1734,248.3903
2025-07-25T08:17:11.346878,gateio,0.13102,0.13126,43.0,94.0
2025-07-25T08:17:11.356731,gateio,0.13102,0.13125,137.0,377.0
2025-07-25T08:17:11.368860,gateio,0.13102,0.13124,137.0,94.0
2025-07-25T08:17:11.395565,gateio,0.13103,0.13124,94.0,94.0
2025-07-25T08:17:11.404847,bitget,0.1311,0.13118,465.0,377.0
2025-07-25T08:17:11.448957,gateio,0.13104,0.13124,137.0,94.0
2025-07-25T08:17:11.460470,binance,0.1312,0.1312,0.0,0.0
2025-07-25T08:17:11.486854,gateio,0.13105,0.13124,94.0,94.0
2025-07-25T08:17:11.512595,gateio,0.13105,0.13126,94.0,94.0
2025-07-25T08:17:11.528425,gateio,0.13105,0.13128,94.0,94.0
2025-07-25T08:17:11.538294,bybit,0.1313,0.0,3289.2,0.0
2025-07-25T08:17:11.550279,gateio,0.13106,0.13128,43.0,94.0
2025-07-25T08:17:11.552933,bitget,0.1311,0.13117,465.0,377.0
2025-07-25T08:17:11.566067,blofin,0.13113,0.13119,583.0,2472.0
2025-07-25T08:17:11.611466,gateio,0.13106,0.13128,137.0,94.0
2025-07-25T08:17:11.656121,bitmart,0.13075,0.13152,4344.0,359.0
2025-07-25T08:17:11.704222,bitget,0.13111,0.13116,186.0,377.0
2025-07-25T08:17:11.854478,bitget,0.13112,0.13115,465.0,377.0
2025-07-25T08:17:11.907281,mexc,0.1311,0.1312,6775040.0,6775040.0
2025-07-25T08:17:12.004051,bitget,0.1311,0.13115,465.0,377.0
2025-07-25T08:17:12.008831,huobi,0.131,0.1311,4389.1734,377.8899
2025-07-25T08:17:12.035326,gateio,0.13107,0.13128,94.0,94.0
2025-07-25T08:17:12.046966,gateio,0.13107,0.13126,94.0,94.0
2025-07-25T08:17:12.061115,blofin,0.13112,0.13119,5.0,2909.0
2025-07-25T08:17:12.066911,gateio,0.13107,0.13125,94.0,377.0
2025-07-25T08:17:12.087061,gateio,0.13107,0.13124,94.0,471.0
2025-07-25T08:17:12.106832,gateio,0.13107,0.13122,94.0,377.0
2025-07-25T08:17:12.110559,huobi,0.131,0.1313,4389.1734,248.3903
2025-07-25T08:17:12.128685,gateio,0.13106,0.13122,26.0,377.0
2025-07-25T08:17:12.146529,gateio,0.13101,0.13122,43.0,377.0
2025-07-25T08:17:12.154857,bitget,0.1311,0.13115,465.0,377.0
2025-07-25T08:17:12.166721,gateio,0.13102,0.1312,94.0,377.0
2025-07-25T08:17:12.186496,gateio,0.13102,0.13119,94.0,377.0
2025-07-25T08:17:12.207124,gateio,0.13102,0.13118,94.0,377.0
2025-07-25T08:17:12.237474,bybit,0.0,0.1314,0.0,639.3
2025-07-25T08:17:12.246848,gateio,0.13103,0.13117,43.0,377.0
2025-07-25T08:17:12.303498,bitget,0.13109,0.13115,186.0,377.0
2025-07-25T08:17:12.337627,bybit,0.0,0.1314,0.0,640.8
2025-07-25T08:17:12.401204,lbank,0.1312,0.1313,13836.0,1973.0
2025-07-25T08:17:12.454076,bitget,0.13109,0.13115,651.0,377.0
2025-07-25T08:17:12.457200,binance,0.1312,0.1312,0.0,0.0
2025-07-25T08:17:12.549810,blofin,0.13106,0.13117,314.0,217.0
2025-07-25T08:17:12.603050,bitget,0.1311,0.13115,465.0,377.0
2025-07-25T08:17:12.632947,bitmart,0.13075,0.13148,178.0,385.0
2025-07-25T08:17:12.659105,lbank,0.1312,0.1313,19049.0,1973.0
2025-07-25T08:17:12.811551,gateio,0.13103,0.13117,137.0,377.0
2025-07-25T08:17:12.838213,bybit,0.0,0.1314,0.0,23.8
2025-07-25T08:17:12.904883,bitget,0.1311,0.13115,465.0,377.0
2025-07-25T08:17:13.039642,gateio,0.13104,0.13117,94.0,377.0
2025-07-25T08:17:13.053534,bitget,0.1311,0.13115,465.0,377.0
2025-07-25T08:17:13.067087,gateio,0.13104,0.13116,94.0,377.0
2025-07-25T08:17:13.068026,blofin,0.13107,0.13115,929.0,316.0
2025-07-25T08:17:13.086904,gateio,0.13104,0.13115,94.0,377.0
2025-07-25T08:17:13.106899,gateio,0.13104,0.13114,94.0,377.0
2025-07-25T08:17:13.109405,huobi,0.1311,0.1313,334.6238,248.3903
2025-07-25T08:17:13.126395,gateio,0.13104,0.13113,94.0,377.0
2025-07-25T08:17:13.144518,gateio,0.13105,0.13112,43.0,377.0
2025-07-25T08:17:13.160849,lbank,0.1312,0.1313,19049.0,1973.0
2025-07-25T08:17:13.205725,bitget,0.13115,0.13117,377.0,546.0
2025-07-25T08:17:13.210284,huobi,0.131,0.1313,4389.1734,248.3903
2025-07-25T08:17:13.230613,gateio,0.13105,0.13112,121.0,377.0
2025-07-25T08:17:13.363087,bitget,0.13115,0.13116,377.0,377.0
2025-07-25T08:17:13.505830,bitget,0.13115,0.13116,377.0,377.0
2025-07-25T08:17:13.558391,blofin,0.13106,0.13115,311.0,1145.0
2025-07-25T08:17:13.655949,bitget,0.13111,0.13116,186.0,377.0
2025-07-25T08:17:13.660871,lbank,0.1312,0.1313,19049.0,1973.0
2025-07-25T08:17:13.669620,bitmart,0.13075,0.13148,371.0,432.0
2025-07-25T08:17:13.729621,gateio,0.13105,0.13112,104.0,377.0
2025-07-25T08:17:13.737894,bybit,0.1313,0.1314,2314.2,640.8
2025-07-25T08:17:13.806028,bitget,0.13108,0.13115,1426.0,377.0
2025-07-25T08:17:13.837207,bybit,0.0,0.0,0.0,0.0
2025-07-25T08:17:13.955900,bitget,0.13109,0.13114,465.0,377.0
2025-07-25T08:17:14.037703,bybit,0.1313,0.1314,1520.3,1098.3
2025-07-25T08:17:14.075864,blofin,0.13106,0.13115,311.0,1145.0
2025-07-25T08:17:14.104080,bitget,0.13109,0.13113,186.0,377.0
2025-07-25T08:17:14.163557,lbank,0.1312,0.1313,19049.0,1973.0
2025-07-25T08:17:14.254938,bitget,0.13108,0.13113,548.0,842.0
2025-07-25T08:17:14.308987,huobi,0.131,0.1313,4389.1734,248.3903
2025-07-25T08:17:14.320156,mexc,0.1311,0.1312,6775040.0,6775040.0
2025-07-25T08:17:14.362479,gateio,0.13105,0.13112,78.0,377.0
2025-07-25T08:17:14.404478,bitget,0.13109,0.13113,465.0,842.0
2025-07-25T08:17:14.460660,binance,0.1312,0.1312,0.0,0.0
2025-07-25T08:17:14.509221,huobi,0.131,0.1313,4389.1734,248.3903
2025-07-25T08:17:14.543591,blofin,0.13106,0.13114,355.0,1146.0
2025-07-25T08:17:14.555325,bitget,0.13109,0.13113,465.0,842.0
2025-07-25T08:17:14.661562,lbank,0.131,0.1312,33835.0,1973.0
2025-07-25T08:17:14.672349,bitmart,0.13072,0.13145,4306.0,44.0
2025-07-25T08:17:14.704634,bitget,0.13109,0.13113,465.0,377.0
2025-07-25T08:17:14.807432,huobi,0.131,0.1313,4389.1734,248.3903
2025-07-25T08:17:14.854340,bitget,0.13109,0.13113,465.0,377.0
2025-07-25T08:17:15.054928,blofin,0.13107,0.13112,112.0,316.0
2025-07-25T08:17:15.155133,bitget,0.13108,0.13113,548.0,863.0
2025-07-25T08:17:15.160605,lbank,0.1311,0.1312,44875.0,1973.0
2025-07-25T08:17:15.304582,bitget,0.13109,0.13112,486.0,377.0
2025-07-25T08:17:15.436907,bybit,0.1313,0.0,2537.3,0.0
2025-07-25T08:17:15.458385,bitget,0.13109,0.13112,486.0,377.0
2025-07-25T08:17:15.558992,blofin,0.13107,0.13111,112.0,92.0
2025-07-25T08:17:15.606281,bitget,0.13109,0.13112,486.0,377.0
2025-07-25T08:17:15.608458,huobi,0.131,0.1313,4389.1734,248.3903
2025-07-25T08:17:15.637760,bybit,0.0,0.0,0.0,0.0
2025-07-25T08:17:15.655437,bitmart,0.13075,0.13145,58.0,44.0
2025-07-25T08:17:15.662484,lbank,0.131,0.1312,33835.0,1973.0
2025-07-25T08:17:16.057579,blofin,0.13107,0.13111,112.0,96.0
2025-07-25T08:17:16.205544,bitget,0.13104,0.13112,186.0,377.0
2025-07-25T08:17:16.355264,bitget,0.13105,0.13112,486.0,377.0
2025-07-25T08:17:16.408625,huobi,0.131,0.1313,4389.1734,248.3903
2025-07-25T08:17:16.505387,bitget,0.13105,0.13112,486.0,377.0
2025-07-25T08:17:16.556995,blofin,0.13107,0.13111,112.0,96.0
2025-07-25T08:17:16.564490,gateio,0.13101,0.13111,43.0,468.0
2025-07-25T08:17:16.574686,gateio,0.13101,0.1311,43.0,377.0
2025-07-25T08:17:16.631192,gateio,0.13101,0.1311,26.0,377.0
2025-07-25T08:17:16.638048,bybit,0.0,0.1314,0.0,2917.9
2025-07-25T08:17:16.646642,gateio,0.13081,0.1311,91.0,377.0
2025-07-25T08:17:16.656947,bitget,0.13105,0.13111,486.0,377.0
2025-07-25T08:17:16.662278,bitmart,0.13075,0.13145,65.0,44.0
2025-07-25T08:17:16.664914,lbank,0.131,0.1312,33835.0,1973.0
2025-07-25T08:17:16.673194,mexc,0.131,0.1312,6775040.0,6775040.0
2025-07-25T08:17:16.712388,huobi,0.131,0.1313,4389.1734,248.3903
2025-07-25T08:17:16.737432,bybit,0.1313,0.0,503.3,0.0
2025-07-25T08:17:16.747314,gateio,0.13083,0.1311,91.0,377.0
2025-07-25T08:17:16.805407,bitget,0.13101,0.13105,467.0,565.0
2025-07-25T08:17:16.831280,gateio,0.13084,0.1311,17.0,377.0
2025-07-25T08:17:16.887304,gateio,0.13085,0.1311,2383.0,377.0
2025-07-25T08:17:16.905101,gateio,0.13086,0.1311,91.0,377.0
2025-07-25T08:17:16.949134,gateio,0.13088,0.1311,91.0,377.0
2025-07-25T08:17:16.958614,bitget,0.13102,0.13105,186.0,565.0
2025-07-25T08:17:17.038434,bybit,0.0,0.1314,0.0,3229.6
2025-07-25T08:17:17.046410,gateio,0.1309,0.1311,91.0,377.0
2025-07-25T08:17:17.066269,blofin,0.13107,0.13111,115.0,96.0
2025-07-25T08:17:17.106211,bitget,0.13103,0.13105,486.0,565.0
2025-07-25T08:17:17.146345,gateio,0.13092,0.1311,91.0,377.0
2025-07-25T08:17:17.160999,lbank,0.131,0.1312,33835.0,1973.0
2025-07-25T08:17:17.230653,gateio,0.13093,0.1311,17.0,377.0
2025-07-25T08:17:17.242326,gateio,0.13093,0.13109,134.0,377.0
2025-07-25T08:17:17.255933,bitget,0.13101,0.13105,186.0,565.0
2025-07-25T08:17:17.266751,gateio,0.13093,0.13108,134.0,377.0
2025-07-25T08:17:17.286644,gateio,0.13093,0.13107,134.0,377.0
2025-07-25T08:17:17.399078,gateio,0.13093,0.13107,43.0,377.0
2025-07-25T08:17:17.407411,bitget,0.13102,0.13105,486.0,565.0
2025-07-25T08:17:17.426561,gateio,0.13094,0.13105,91.0,377.0
2025-07-25T08:17:17.444564,gateio,0.13095,0.13104,43.0,377.0
2025-07-25T08:17:17.456124,binance,0.1312,0.1312,0.0,0.0
2025-07-25T08:17:17.466756,gateio,0.13095,0.13103,43.0,377.0
2025-07-25T08:17:17.537197,bybit,0.0,0.1314,0.0,3729.6
2025-07-25T08:17:17.556134,blofin,0.13101,0.13109,321.0,320.0
2025-07-25T08:17:17.557269,bitget,0.13098,0.13105,186.0,565.0
2025-07-25T08:17:17.662311,lbank,0.1312,0.1313,418.0,3737.0
2025-07-25T08:17:17.706685,bitget,0.13099,0.13105,486.0,565.0
2025-07-25T08:17:17.715009,bitmart,0.13069,0.1314,216.0,155.0
2025-07-25T08:17:18.007486,bitget,0.13099,0.13105,486.0,565.0
2025-07-25T08:17:18.055455,blofin,0.13101,0.13108,1.0,316.0
2025-07-25T08:17:18.156144,bitget,0.13099,0.13105,186.0,565.0
2025-07-25T08:17:18.161920,lbank,0.1312,0.1313,418.0,3737.0
2025-07-25T08:17:18.308590,huobi,0.131,0.1313,4389.1734,248.3903
2025-07-25T08:17:18.317378,bitget,0.131,0.13105,486.0,565.0
2025-07-25T08:17:18.457806,bitget,0.13098,0.13105,186.0,565.0
2025-07-25T08:17:18.575923,blofin,0.13101,0.13108,1.0,316.0
2025-07-25T08:17:18.608051,bitget,0.13099,0.13105,486.0,565.0
2025-07-25T08:17:18.660201,lbank,0.131,0.1312,23475.0,3737.0
2025-07-25T08:17:18.689298,bitmart,0.13069,0.1314,178.0,192.0
2025-07-25T08:17:18.758107,bitget,0.13099,0.13104,486.0,377.0
2025-07-25T08:17:18.910134,huobi,0.131,0.1312,4389.1734,4467.5637
2025-07-25T08:17:18.912313,bitget,0.13097,0.13104,465.0,377.0
2025-07-25T08:17:19.058339,bitget,0.13098,0.13104,186.0,377.0
2025-07-25T08:17:19.061656,blofin,0.13101,0.13109,206.0,320.0
2025-07-25T08:17:19.077122,mexc,0.131,0.1312,6775040.0,6775040.0
2025-07-25T08:17:19.108644,huobi,0.131,0.1312,4389.1734,4467.5637
2025-07-25T08:17:19.207057,bitget,0.13099,0.13104,486.0,377.0
2025-07-25T08:17:19.229347,gateio,0.13095,0.13103,134.0,377.0
2025-07-25T08:17:19.270401,gateio,0.13096,0.13125,91.0,377.0
2025-07-25T08:17:19.286824,gateio,0.13096,0.13124,91.0,468.0
2025-07-25T08:17:19.308004,gateio,0.13096,0.13123,91.0,377.0
2025-07-25T08:17:19.317408,huobi,0.131,0.1312,4389.1734,78.3903
2025-07-25T08:17:19.328151,gateio,0.13096,0.13121,91.0,377.0
2025-07-25T08:17:19.337463,gateio,0.13097,0.1312,43.0,91.0
2025-07-25T08:17:19.357923,bitget,0.13104,0.13114,377.0,486.0
2025-07-25T08:17:19.366849,gateio,0.13098,0.13119,91.0,377.0
2025-07-25T08:17:19.386525,gateio,0.13098,0.13118,91.0,91.0
2025-07-25T08:17:19.406770,gateio,0.13098,0.13117,91.0,377.0
2025-07-25T08:17:19.426533,gateio,0.13098,0.13116,91.0,468.0
2025-07-25T08:17:19.446630,gateio,0.13099,0.13115,43.0,468.0
2025-07-25T08:17:19.458914,binance,0.1312,0.1312,0.0,0.0
2025-07-25T08:17:19.466435,gateio,0.13099,0.13114,43.0,468.0
2025-07-25T08:17:19.486395,gateio,0.13099,0.13113,43.0,377.0
2025-07-25T08:17:19.498564,gateio,0.13099,0.13112,43.0,377.0
2025-07-25T08:17:19.510724,bitget,0.13105,0.1311,486.0,545.0
2025-07-25T08:17:19.562463,blofin,0.13101,0.13106,5.0,316.0
2025-07-25T08:17:19.657736,bitget,0.13105,0.1311,486.0,545.0
2025-07-25T08:17:19.710005,bitmart,0.13069,0.13141,279.0,546.0
2025-07-25T08:17:19.808990,bitget,0.131,0.1311,186.0,545.0
2025-07-25T08:17:19.957039,bitget,0.13101,0.13109,486.0,377.0
2025-07-25T08:17:20.008670,huobi,0.131,0.1311,4389.1734,354.0613
2025-07-25T08:17:20.037577,bybit,0.0,0.1314,0.0,3417.9
2025-07-25T08:17:20.068840,blofin,0.13101,0.13109,321.0,320.0
2025-07-25T08:17:20.107307,huobi,0.131,0.1312,4389.1734,78.3903
2025-07-25T08:17:20.111411,bitget,0.13101,0.13109,486.0,377.0
2025-07-25T08:17:20.164884,lbank,0.131,0.1312,23475.0,3737.0
2025-07-25T08:17:20.166667,gateio,0.13099,0.13111,43.0,377.0
2025-07-25T08:17:20.186546,gateio,0.13099,0.1311,43.0,377.0
2025-07-25T08:17:20.206697,gateio,0.13099,0.13109,43.0,377.0
2025-07-25T08:17:20.207650,huobi,0.1311,0.1312,372.8007,78.3903
2025-07-25T08:17:20.226893,gateio,0.13099,0.13107,43.0,377.0
2025-07-25T08:17:20.246539,gateio,0.13096,0.13106,43.0,377.0
2025-07-25T08:17:20.259896,bitget,0.13101,0.13109,186.0,377.0
2025-07-25T08:17:20.266586,gateio,0.13096,0.13105,43.0,377.0
2025-07-25T08:17:20.283471,gateio,0.13096,0.13105,134.0,377.0
2025-07-25T08:17:20.300539,gateio,0.13097,0.13105,91.0,377.0
2025-07-25T08:17:20.308763,huobi,0.131,0.1312,4389.1734,78.3903
2025-07-25T08:17:20.381125,gateio,0.13098,0.13105,134.0,377.0
2025-07-25T08:17:20.408987,bitget,0.13102,0.13109,486.0,377.0
2025-07-25T08:17:20.516517,gateio,0.13098,0.13105,43.0,377.0
2025-07-25T08:17:20.527014,gateio,0.13098,0.13104,43.0,377.0
2025-07-25T08:17:20.547346,gateio,0.13091,0.13103,43.0,377.0
2025-07-25T08:17:20.560932,bitget,0.13099,0.13109,486.0,377.0
2025-07-25T08:17:20.565278,gateio,0.13091,0.13102,43.0,377.0
2025-07-25T08:17:20.567479,blofin,0.13101,0.13109,616.0,937.0
2025-07-25T08:17:20.586406,gateio,0.13091,0.13101,43.0,377.0
2025-07-25T08:17:20.608613,gateio,0.13091,0.131,43.0,377.0
2025-07-25T08:17:20.615575,huobi,0.131,0.1312,4389.1734,4467.5637
2025-07-25T08:17:20.637593,bybit,0.1312,0.1313,3925.9,611.7
2025-07-25T08:17:20.659769,lbank,0.131,0.1312,23475.0,3737.0
2025-07-25T08:17:20.708431,bitget,0.131,0.13109,486.0,377.0
2025-07-25T08:17:20.733135,bitmart,0.13071,0.1314,261.0,89.0
2025-07-25T08:17:20.737737,bybit,0.1312,0.0,3643.9,0.0
2025-07-25T08:17:20.859463,bitget,0.131,0.13108,186.0,486.0
2025-07-25T08:17:21.008174,bitget,0.13097,0.13108,465.0,486.0
2025-07-25T08:17:21.010216,huobi,0.1308,0.1312,2755.5713,4467.5637
2025-07-25T08:17:21.067509,blofin,0.13101,0.13109,616.0,937.0
2025-07-25T08:17:21.157630,bitget,0.13098,0.1311,186.0,544.0
2025-07-25T08:17:21.170102,lbank,0.131,0.1312,23475.0,3737.0
2025-07-25T08:17:21.313258,bitget,0.13098,0.13109,186.0,863.0
2025-07-25T08:17:21.316345,huobi,0.1309,0.1312,4389.1734,4467.5637
2025-07-25T08:17:21.458645,binance,0.1312,0.1312,0.0,0.0
2025-07-25T08:17:21.458684,bitget,0.13098,0.13099,672.0,377.0
2025-07-25T08:17:21.470920,mexc,0.131,0.1311,6775040.0,6775040.0
2025-07-25T08:17:21.559988,blofin,0.13101,0.13105,1.0,92.0
2025-07-25T08:17:21.610074,bitget,0.13099,0.13101,377.0,544.0
2025-07-25T08:17:21.660908,lbank,0.131,0.1312,23475.0,3737.0
2025-07-25T08:17:21.704202,bitmart,0.13062,0.13134,346.0,151.0
2025-07-25T08:17:21.763026,bitget,0.13099,0.131,377.0,377.0
2025-07-25T08:17:21.813593,huobi,0.1309,0.1312,4389.1734,4467.5637
2025-07-25T08:17:21.910075,bitget,0.13099,0.13102,377.0,544.0
2025-07-25T08:17:22.059956,bitget,0.13099,0.13102,377.0,544.0
2025-07-25T08:17:22.076931,blofin,0.13101,0.13103,1.0,927.0
2025-07-25T08:17:22.461431,binance,0.1312,0.1312,0.0,0.0
2025-07-25T08:17:22.552349,blofin,0.13101,0.13103,1.0,927.0
2025-07-25T08:17:22.566413,gateio,0.13091,0.13099,43.0,377.0
2025-07-25T08:17:22.586587,gateio,0.13091,0.13098,43.0,377.0
2025-07-25T08:17:22.632539,gateio,0.13091,0.13098,26.0,377.0
2025-07-25T08:17:22.646395,gateio,0.13087,0.13097,43.0,377.0
2025-07-25T08:17:22.658653,lbank,0.131,0.1312,3355.0,10463.0
2025-07-25T08:17:22.671306,bitmart,0.13062,0.13134,346.0,151.0
2025-07-25T08:17:23.064986,blofin,0.13101,0.13102,1.0,316.0
2025-07-25T08:17:23.116011,bitget,0.13099,0.13101,377.0,486.0
2025-07-25T08:17:23.161517,lbank,0.131,0.1312,3355.0,10463.0
2025-07-25T08:17:23.260551,bitget,0.13099,0.13103,377.0,1030.0
2025-07-25T08:17:23.409242,huobi,0.1309,0.1311,4389.1734,248.3903
2025-07-25T08:17:23.409631,bitget,0.13096,0.13102,672.0,486.0
2025-07-25T08:17:23.454966,binance,0.1312,0.1312,0.0,0.0
2025-07-25T08:17:23.559504,bitget,0.13097,0.13101,486.0,377.0
2025-07-25T08:17:23.571646,blofin,0.13101,0.13102,1.0,3.0
2025-07-25T08:17:23.655123,bitmart,0.13062,0.13134,346.0,575.0
2025-07-25T08:17:23.662447,lbank,0.131,0.1312,3355.0,10463.0
2025-07-25T08:17:23.711037,bitget,0.13097,0.13101,486.0,377.0
2025-07-25T08:17:23.859216,mexc,0.131,0.1311,6775040.0,6775040.0
2025-07-25T08:17:23.860923,bitget,0.13097,0.13101,486.0,377.0
2025-07-25T08:17:23.862911,gateio,0.13087,0.13097,135.0,377.0
2025-07-25T08:17:24.047277,blofin,0.13101,0.13102,1.0,3.0
2025-07-25T08:17:24.160608,lbank,0.131,0.1312,3355.0,10463.0
2025-07-25T08:17:24.310417,bitget,0.13094,0.13101,186.0,377.0
2025-07-25T08:17:24.338607,bybit,0.1312,0.0,2560.5,0.0
2025-07-25T08:17:24.378667,gateio,0.13087,0.13097,43.0,377.0
2025-07-25T08:17:24.406560,gateio,0.13087,0.13096,43.0,377.0
2025-07-25T08:17:24.426577,gateio,0.13087,0.13095,43.0,377.0
2025-07-25T08:17:24.437832,bybit,0.1312,0.1313,568.5,1591.9
2025-07-25T08:17:24.440463,gateio,0.13086,0.13095,43.0,377.0
2025-07-25T08:17:24.460625,binance,0.1312,0.1312,0.0,0.0
2025-07-25T08:17:24.461195,bitget,0.13094,0.131,486.0,863.0
2025-07-25T08:17:24.466600,gateio,0.13086,0.13093,43.0,377.0
2025-07-25T08:17:24.509135,huobi,0.1308,0.1311,521.1213,248.3903
2025-07-25T08:17:24.546649,gateio,0.13084,0.13093,43.0,377.0
2025-07-25T08:17:24.557038,blofin,0.13101,0.13103,1.0,937.0
2025-07-25T08:17:24.607824,huobi,0.1309,0.1311,4389.1734,248.3903
2025-07-25T08:17:24.613037,bitget,0.13094,0.131,486.0,377.0
2025-07-25T08:17:24.659953,lbank,0.131,0.1312,3355.0,10463.0
2025-07-25T08:17:24.664357,bitmart,0.13058,0.13131,176.0,126.0
2025-07-25T08:17:24.759730,bitget,0.13094,0.131,486.0,377.0
2025-07-25T08:17:24.907722,huobi,0.1309,0.1311,4389.1734,248.3903
2025-07-25T08:17:24.910171,bitget,0.13094,0.131,486.0,377.0
2025-07-25T08:17:25.028616,gateio,0.13084,0.13093,26.0,377.0
2025-07-25T08:17:25.037440,bybit,0.0,0.1313,0.0,1903.8
2025-07-25T08:17:25.046306,gateio,0.13082,0.13092,43.0,377.0
2025-07-25T08:17:25.056960,blofin,0.13094,0.13098,2.0,316.0
2025-07-25T08:17:25.062738,bitget,0.13094,0.131,486.0,377.0
2025-07-25T08:17:25.064698,gateio,0.13082,0.13091,43.0,377.0
2025-07-25T08:17:25.084964,gateio,0.13082,0.1309,43.0,377.0
2025-07-25T08:17:25.210303,bitget,0.13094,0.131,486.0,854.0
2025-07-25T08:17:25.212319,lbank,0.131,0.1312,3355.0,10463.0
2025-07-25T08:17:25.394596,gateio,0.13082,0.1309,135.0,377.0
2025-07-25T08:17:25.406256,gateio,0.13083,0.13122,92.0,91.0
2025-07-25T08:17:25.412319,huobi,0.1309,0.1311,4389.1734,248.3903
2025-07-25T08:17:25.419086,gateio,0.13084,0.13121,2938.0,2663.0
2025-07-25T08:17:25.429765,gateio,0.13085,0.13119,92.0,92.0
2025-07-25T08:17:25.440490,gateio,0.13085,0.13118,135.0,2663.0
2025-07-25T08:17:25.452352,gateio,0.13085,0.13116,135.0,469.0
2025-07-25T08:17:25.459751,binance,0.1312,0.1312,0.0,0.0
2025-07-25T08:17:25.464345,gateio,0.13085,0.13115,135.0,2756.0
2025-07-25T08:17:25.476450,gateio,0.13085,0.13114,135.0,2756.0
2025-07-25T08:17:25.487575,gateio,0.13085,0.13113,135.0,469.0
2025-07-25T08:17:25.506539,gateio,0.13085,0.13112,135.0,92.0
2025-07-25T08:17:25.526423,gateio,0.13085,0.1311,135.0,377.0
2025-07-25T08:17:25.542726,gateio,0.13085,0.13109,135.0,469.0
2025-07-25T08:17:25.560206,blofin,0.13094,0.13098,2.0,1.0
2025-07-25T08:17:25.568939,gateio,0.13085,0.13108,135.0,92.0
2025-07-25T08:17:25.587297,gateio,0.13085,0.13106,135.0,92.0
2025-07-25T08:17:25.658103,bitmart,0.13058,0.13131,176.0,126.0
2025-07-25T08:17:25.658731,lbank,0.131,0.1312,3355.0,10463.0
2025-07-25T08:17:25.742025,gateio,0.13085,0.13108,135.0,92.0
2025-07-25T08:17:25.766319,gateio,0.13085,0.13112,135.0,92.0
2025-07-25T08:17:25.984754,gateio,0.13086,0.13112,92.0,92.0
2025-07-25T08:17:26.046627,gateio,0.13087,0.13111,43.0,377.0
2025-07-25T08:17:26.060941,blofin,0.13094,0.13098,2.0,1.0
2025-07-25T08:17:26.066940,gateio,0.13087,0.1311,43.0,469.0
2025-07-25T08:17:26.084584,gateio,0.13087,0.13109,43.0,469.0
2025-07-25T08:17:26.105047,gateio,0.13088,0.13108,1005.0,469.0
2025-07-25T08:17:26.126595,gateio,0.13088,0.13107,1005.0,92.0
2025-07-25T08:17:26.140431,gateio,0.13089,0.13107,43.0,92.0
2025-07-25T08:17:26.168925,lbank,0.131,0.1312,3355.0,10463.0
2025-07-25T08:17:26.219673,mexc,0.1309,0.131,6775040.0,6775040.0
2025-07-25T08:17:26.261976,bitget,0.13094,0.131,486.0,854.0
2025-07-25T08:17:26.264111,gateio,0.13089,0.13112,43.0,92.0
2025-07-25T08:17:26.328632,gateio,0.13089,0.13112,26.0,92.0
2025-07-25T08:17:26.346606,gateio,0.13087,0.1311,43.0,377.0
2025-07-25T08:17:26.366749,gateio,0.13087,0.13109,43.0,469.0
2025-07-25T08:17:26.384315,gateio,0.13087,0.13108,43.0,469.0
2025-07-25T08:17:26.404703,gateio,0.13087,0.13107,43.0,469.0
2025-07-25T08:17:26.412425,bitget,0.13094,0.131,486.0,854.0
2025-07-25T08:17:26.427029,gateio,0.13087,0.13106,43.0,469.0
2025-07-25T08:17:26.444483,gateio,0.13087,0.13105,43.0,469.0
2025-07-25T08:17:26.464748,gateio,0.13087,0.13104,43.0,469.0
2025-07-25T08:17:26.486219,gateio,0.13087,0.13103,43.0,469.0
2025-07-25T08:17:26.504684,gateio,0.13087,0.13102,43.0,377.0
2025-07-25T08:17:26.526857,gateio,0.13087,0.13101,43.0,377.0
2025-07-25T08:17:26.536972,bybit,0.1312,0.0,607.5,0.0
2025-07-25T08:17:26.544339,blofin,0.13093,0.13098,2944.0,1.0
2025-07-25T08:17:26.545746,gateio,0.13087,0.131,43.0,377.0
2025-07-25T08:17:26.566543,gateio,0.13087,0.13099,43.0,377.0
2025-07-25T08:17:26.576567,gateio,0.13088,0.13098,1005.0,377.0
2025-07-25T08:17:26.624226,gateio,0.13088,0.13097,1005.0,377.0
2025-07-25T08:17:26.642438,gateio,0.13089,0.13096,43.0,377.0
2025-07-25T08:17:26.664860,lbank,0.131,0.1312,3355.0,10463.0
2025-07-25T08:17:26.666475,gateio,0.13089,0.13095,43.0,377.0
2025-07-25T08:17:26.687071,bitmart,0.13058,0.13131,176.0,126.0
2025-07-25T08:17:26.695242,gateio,0.1309,0.13095,1005.0,377.0
2025-07-25T08:17:26.707690,huobi,0.1309,0.1311,4389.1734,248.3903
2025-07-25T08:17:26.710539,gateio,0.13089,0.13095,43.0,377.0
2025-07-25T08:17:26.726409,gateio,0.13089,0.13094,43.0,377.0
2025-07-25T08:17:26.746450,gateio,0.13089,0.13093,26.0,377.0
2025-07-25T08:17:26.766402,gateio,0.13087,0.13092,43.0,377.0
2025-07-25T08:17:26.826637,gateio,0.13087,0.13091,43.0,377.0
2025-07-25T08:17:26.846873,gateio,0.13084,0.13108,43.0,92.0
2025-07-25T08:17:26.866881,bitget,0.13094,0.13099,486.0,477.0
2025-07-25T08:17:26.868279,gateio,0.13084,0.13101,135.0,377.0
2025-07-25T08:17:26.886111,gateio,0.13084,0.131,43.0,377.0
2025-07-25T08:17:26.906591,gateio,0.13085,0.13099,1005.0,377.0
2025-07-25T08:17:26.927009,gateio,0.13085,0.13098,1005.0,377.0
2025-07-25T08:17:26.946407,gateio,0.13086,0.13097,43.0,377.0
2025-07-25T08:17:26.964716,gateio,0.13086,0.13096,43.0,377.0
2025-07-25T08:17:26.984705,gateio,0.13086,0.13095,43.0,377.0
2025-07-25T08:17:27.006247,gateio,0.13086,0.13094,43.0,377.0
2025-07-25T08:17:27.011164,bitget,0.13094,0.13101,486.0,544.0
2025-07-25T08:17:27.054372,blofin,0.13093,0.13098,2944.0,317.0
2025-07-25T08:17:27.058738,gateio,0.13086,0.13094,135.0,377.0
2025-07-25T08:17:27.070735,gateio,0.13087,0.13112,92.0,92.0
2025-07-25T08:17:27.086814,gateio,0.13087,0.1311,92.0,92.0
2025-07-25T08:17:27.163382,bitget,0.13094,0.13101,486.0,544.0
2025-07-25T08:17:27.166871,gateio,0.13088,0.1311,135.0,92.0
2025-07-25T08:17:27.184622,gateio,0.13089,0.1311,92.0,92.0
2025-07-25T08:17:27.228670,gateio,0.13089,0.13109,92.0,377.0
2025-07-25T08:17:27.240511,gateio,0.1309,0.13108,43.0,469.0
2025-07-25T08:17:27.254936,gateio,0.1309,0.13107,43.0,92.0
2025-07-25T08:17:27.316222,bitget,0.13094,0.13101,486.0,544.0
2025-07-25T08:17:27.395926,gateio,0.1309,0.1311,43.0,92.0
2025-07-25T08:17:27.426762,gateio,0.1309,0.13112,43.0,92.0
2025-07-25T08:17:27.458803,binance,0.1312,0.1312,0.0,0.0
2025-07-25T08:17:27.526357,gateio,0.1309,0.13111,43.0,377.0
2025-07-25T08:17:27.546802,gateio,0.13082,0.1311,43.0,469.0
2025-07-25T08:17:27.552363,blofin,0.13093,0.13098,2944.0,359.0
2025-07-25T08:17:27.564403,gateio,0.13083,0.13109,92.0,469.0
2025-07-25T08:17:27.586529,gateio,0.13083,0.13108,92.0,469.0
2025-07-25T08:17:27.606823,gateio,0.13083,0.13106,92.0,92.0
2025-07-25T08:17:27.611649,bitget,0.13094,0.13101,486.0,544.0
2025-07-25T08:17:27.626676,gateio,0.13083,0.13105,92.0,377.0
2025-07-25T08:17:27.648350,gateio,0.13084,0.13104,43.0,469.0
2025-07-25T08:17:27.656946,bitmart,0.13061,0.13131,302.0,15.0
2025-07-25T08:17:27.663665,lbank,0.131,0.1312,3355.0,10463.0
2025-07-25T08:17:27.668101,gateio,0.13085,0.13103,2204.0,377.0
2025-07-25T08:17:27.688594,gateio,0.13086,0.13102,92.0,377.0
2025-07-25T08:17:27.706867,gateio,0.13086,0.13101,92.0,377.0
2025-07-25T08:17:27.726627,gateio,0.13086,0.131,92.0,377.0
2025-07-25T08:17:27.738499,bybit,0.0,0.1313,0.0,1403.8
2025-07-25T08:17:27.746822,gateio,0.13087,0.13099,43.0,377.0
2025-07-25T08:17:27.764120,bitget,0.13094,0.13101,486.0,544.0
2025-07-25T08:17:27.766244,gateio,0.13087,0.13097,135.0,377.0
2025-07-25T08:17:27.785260,gateio,0.13088,0.13097,92.0,377.0
2025-07-25T08:17:27.799363,gateio,0.13088,0.13096,92.0,377.0
2025-07-25T08:17:27.847188,gateio,0.13089,0.13096,43.0,377.0
2025-07-25T08:17:28.008298,huobi,0.1309,0.1311,4389.1734,248.3903
2025-07-25T08:17:28.038462,bybit,0.0,0.1313,0.0,1091.9
2025-07-25T08:17:28.061099,blofin,0.13093,0.13098,2944.0,359.0
2025-07-25T08:17:28.166029,lbank,0.131,0.1312,3355.0,10463.0
2025-07-25T08:17:28.308526,gateio,0.13089,0.13109,135.0,92.0
2025-07-25T08:17:28.355052,gateio,0.13089,0.13112,43.0,92.0
2025-07-25T08:17:28.363891,bitget,0.13094,0.13101,486.0,544.0
2025-07-25T08:17:28.366607,gateio,0.1309,0.13112,92.0,92.0
2025-07-25T08:17:28.437542,bybit,0.1312,0.1313,1087.7,611.7
2025-07-25T08:17:28.446728,gateio,0.13091,0.13111,43.0,377.0
2025-07-25T08:17:28.455291,binance,0.1312,0.1312,0.0,0.0
2025-07-25T08:17:28.471609,gateio,0.13091,0.1311,135.0,92.0
2025-07-25T08:17:28.504422,gateio,0.13092,0.1311,92.0,92.0
2025-07-25T08:17:28.512127,huobi,0.131,0.1311,4389.1734,248.3903
2025-07-25T08:17:28.513346,bitget,0.13101,0.13103,544.0,544.0
2025-07-25T08:17:28.537864,bybit,0.1312,0.1314,2062.7,3417.9
2025-07-25T08:17:28.546684,gateio,0.13093,0.1311,43.0,92.0
2025-07-25T08:17:28.566896,gateio,0.13093,0.13109,135.0,377.0
2025-07-25T08:17:28.567569,blofin,0.13093,0.13098,2944.0,359.0
2025-07-25T08:17:28.587076,gateio,0.13094,0.13108,92.0,377.0
2025-07-25T08:17:28.600137,mexc,0.1309,0.131,6775040.0,6775040.0
2025-07-25T08:17:28.605723,gateio,0.13094,0.13107,92.0,377.0
2025-07-25T08:17:28.626964,gateio,0.13094,0.13105,92.0,377.0
2025-07-25T08:17:28.637427,bybit,0.1312,0.0,2508.7,0.0
2025-07-25T08:17:28.646624,gateio,0.13095,0.13103,43.0,377.0
2025-07-25T08:17:28.660847,lbank,0.131,0.1312,3355.0,10463.0
2025-07-25T08:17:28.661859,bitmart,0.13063,0.13135,454.0,40.0
2025-07-25T08:17:28.663694,bitget,0.13103,0.13105,544.0,545.0
2025-07-25T08:17:28.695720,gateio,0.13095,0.13103,135.0,377.0
2025-07-25T08:17:28.715186,huobi,0.131,0.1311,4743.7341,248.3903
2025-07-25T08:17:28.726919,gateio,0.13096,0.13112,92.0,92.0
2025-07-25T08:17:28.746761,gateio,0.13097,0.13111,43.0,377.0
2025-07-25T08:17:28.768849,gateio,0.13097,0.1311,43.0,377.0
2025-07-25T08:17:28.785764,gateio,0.13097,0.13109,425.0,377.0
2025-07-25T08:17:28.804686,gateio,0.13097,0.13108,807.0,377.0
2025-07-25T08:17:28.814071,bitget,0.13103,0.13107,544.0,545.0
2025-07-25T08:17:28.815876,gateio,0.13097,0.13107,425.0,377.0
2025-07-25T08:17:28.826335,gateio,0.13097,0.13106,425.0,377.0
2025-07-25T08:17:28.837553,bybit,0.1312,0.1314,2546.9,1598.3
2025-07-25T08:17:28.912564,huobi,0.131,0.1311,4743.7341,170.0
2025-07-25T08:17:28.964443,bitget,0.13107,0.13109,545.0,545.0
2025-07-25T08:17:29.039744,bybit,0.1312,0.0,3308.9,0.0
2025-07-25T08:17:29.077367,blofin,0.13096,0.13098,617.0,1.0
2025-07-25T08:17:29.112389,bitget,0.13107,0.13109,545.0,545.0
2025-07-25T08:17:29.138346,bybit,0.1312,0.1314,3582.5,1910.1
2025-07-25T08:17:29.166249,lbank,0.131,0.1312,3355.0,10463.0
2025-07-25T08:17:29.254903,gateio,0.13098,0.13106,92.0,377.0
2025-07-25T08:17:29.265110,gateio,0.13098,0.13122,92.0,91.0
2025-07-25T08:17:29.266663,bitget,0.13109,0.13111,545.0,545.0
2025-07-25T08:17:29.310963,huobi,0.131,0.1311,5134.0406,170.0
2025-07-25T08:17:29.337366,bybit,0.1313,0.1314,1125.4,1410.1
2025-07-25T08:17:29.341718,gateio,0.13099,0.13122,43.0,91.0
2025-07-25T08:17:29.414054,bitget,0.13109,0.1311,545.0,377.0
2025-07-25T08:17:29.438344,bybit,0.1313,0.0,500.0,0.0
2025-07-25T08:17:29.457570,binance,0.1312,0.1312,0.0,0.0
2025-07-25T08:17:29.509914,huobi,0.131,0.1311,744.8672,170.0
2025-07-25T08:17:29.530315,gateio,0.13098,0.13122,26.0,91.0
2025-07-25T08:17:29.548737,gateio,0.13097,0.13122,135.0,91.0
2025-07-25T08:17:29.564260,bitget,0.13104,0.1311,477.0,854.0
2025-07-25T08:17:29.566740,blofin,0.13102,0.13105,575.0,456.0
2025-07-25T08:17:29.609845,huobi,0.131,0.1311,5134.0406,170.0
2025-07-25T08:17:29.660899,lbank,0.131,0.1312,3355.0,10463.0
2025-07-25T08:17:29.700009,bitmart,0.13072,0.13143,301.0,646.0
2025-07-25T08:17:29.713167,bitget,0.13106,0.13109,477.0,377.0
2025-07-25T08:17:29.750854,gateio,0.13098,0.13122,92.0,91.0
2025-07-25T08:17:29.765839,gateio,0.13098,0.13121,92.0,377.0
2025-07-25T08:17:29.786503,gateio,0.13098,0.1312,92.0,92.0
2025-07-25T08:17:29.806515,gateio,0.13098,0.13118,92.0,377.0
2025-07-25T08:17:29.826264,gateio,0.13098,0.13117,92.0,469.0
2025-07-25T08:17:29.844761,gateio,0.13099,0.13116,43.0,469.0
2025-07-25T08:17:29.864955,bitget,0.13104,0.13109,477.0,377.0
2025-07-25T08:17:29.866381,gateio,0.13099,0.13115,43.0,469.0
2025-07-25T08:17:29.884813,gateio,0.13099,0.13114,43.0,469.0
2025-07-25T08:17:29.904560,gateio,0.13099,0.13113,43.0,469.0
2025-07-25T08:17:29.908209,huobi,0.131,0.1311,744.8672,170.0
2025-07-25T08:17:29.926196,gateio,0.13099,0.13112,43.0,469.0
2025-07-25T08:17:29.946433,gateio,0.13082,0.13111,43.0,377.0
2025-07-25T08:17:29.964184,gateio,0.13083,0.1311,2385.0,377.0
2025-07-25T08:17:29.986404,gateio,0.13084,0.13109,92.0,377.0
2025-07-25T08:17:30.000328,gateio,0.13085,0.13108,2292.0,377.0
2025-07-25T08:17:30.012921,bitget,0.13104,0.13105,477.0,377.0
2025-07-25T08:17:30.018650,gateio,0.13086,0.13106,92.0,377.0
2025-07-25T08:17:30.028674,gateio,0.13087,0.13104,2292.0,377.0
2025-07-25T08:17:30.037571,bybit,0.0,0.1314,0.0,1098.3
2025-07-25T08:17:30.046609,gateio,0.13088,0.13103,92.0,377.0
2025-07-25T08:17:30.056898,blofin,0.13102,0.13105,575.0,456.0
2025-07-25T08:17:30.062286,gateio,0.13088,0.13102,92.0,377.0
2025-07-25T08:17:30.086475,gateio,0.13088,0.13101,474.0,377.0
2025-07-25T08:17:30.106854,gateio,0.13089,0.131,92.0,377.0
2025-07-25T08:17:30.146344,gateio,0.13091,0.131,92.0,377.0
2025-07-25T08:17:30.166450,gateio,0.13092,0.131,92.0,377.0
2025-07-25T08:17:30.167936,bitget,0.13105,0.13109,377.0,854.0
2025-07-25T08:17:30.250862,gateio,0.13093,0.131,135.0,377.0
2025-07-25T08:17:30.466327,bitget,0.13105,0.13109,377.0,854.0
2025-07-25T08:17:30.536523,gateio,0.13094,0.131,92.0,377.0
2025-07-25T08:17:30.554026,blofin,0.13099,0.13105,452.0,456.0
2025-07-25T08:17:30.616336,bitget,0.13105,0.13109,377.0,377.0
2025-07-25T08:17:30.688614,bitmart,0.1307,0.1314,159.0,370.0
2025-07-25T08:17:30.688814,gateio,0.13095,0.131,43.0,377.0
2025-07-25T08:17:30.698708,gateio,0.13095,0.131,135.0,377.0
2025-07-25T08:17:30.727334,gateio,0.13096,0.13111,92.0,377.0
2025-07-25T08:17:30.738137,bybit,0.0,0.1314,0.0,2917.9
2025-07-25T08:17:30.746614,gateio,0.13097,0.1311,43.0,377.0
2025-07-25T08:17:30.764943,bitget,0.13106,0.13109,477.0,377.0
2025-07-25T08:17:30.767328,gateio,0.13097,0.13109,43.0,377.0
2025-07-25T08:17:30.786388,gateio,0.13097,0.13108,43.0,377.0
2025-07-25T08:17:30.806258,gateio,0.13097,0.13107,43.0,377.0
2025-07-25T08:17:30.809016,huobi,0.131,0.1311,5134.0406,170.0
2025-07-25T08:17:30.826628,gateio,0.13097,0.13106,43.0,377.0
2025-07-25T08:17:30.847371,gateio,0.13097,0.13105,43.0,377.0
2025-07-25T08:17:30.907977,huobi,0.131,0.1311,5134.0406,170.0
2025-07-25T08:17:30.915422,bitget,0.13106,0.13109,477.0,377.0
2025-07-25T08:17:30.965346,gateio,0.13097,0.13104,26.0,377.0
2025-07-25T08:17:30.965404,gateio,0.1309,0.13103,43.0,377.0
2025-07-25T08:17:30.979811,mexc,0.131,0.1312,6775040.0,6775040.0
2025-07-25T08:17:31.003224,gateio,0.13091,0.13102,92.0,377.0
2025-07-25T08:17:31.003271,gateio,0.13092,0.13102,92.0,377.0
2025-07-25T08:17:31.012654,gateio,0.13092,0.1312,474.0,92.0
2025-07-25T08:17:31.035250,gateio,0.13093,0.13121,92.0,377.0
2025-07-25T08:17:31.047289,gateio,0.13094,0.1312,43.0,92.0
2025-07-25T08:17:31.067523,gateio,0.13094,0.13118,135.0,377.0
2025-07-25T08:17:31.068533,blofin,0.13098,0.13105,299.0,456.0
2025-07-25T08:17:31.084982,gateio,0.13095,0.13117,92.0,469.0
2025-07-25T08:17:31.107055,gateio,0.13095,0.13115,92.0,92.0
2025-07-25T08:17:31.107558,huobi,0.131,0.1311,5473.9913,170.0
2025-07-25T08:17:31.127874,gateio,0.13095,0.13114,92.0,377.0
2025-07-25T08:17:31.146692,gateio,0.13095,0.13113,92.0,469.0
2025-07-25T08:17:31.167343,gateio,0.13095,0.13111,92.0,377.0
2025-07-25T08:17:31.186454,gateio,0.13095,0.1311,92.0,377.0
2025-07-25T08:17:31.204382,gateio,0.13095,0.13109,92.0,377.0
2025-07-25T08:17:31.208072,huobi,0.131,0.1311,5134.0406,170.0
2025-07-25T08:17:31.213765,bitget,0.13106,0.13109,477.0,377.0
2025-07-25T08:17:31.226400,gateio,0.13095,0.13108,92.0,377.0
2025-07-25T08:17:31.278546,gateio,0.13095,0.13107,92.0,377.0
2025-07-25T08:17:31.302326,gateio,0.13095,0.13105,92.0,377.0
2025-07-25T08:17:31.326453,gateio,0.13095,0.13104,92.0,377.0
2025-07-25T08:17:31.346406,gateio,0.13095,0.13103,92.0,377.0
2025-07-25T08:17:31.366293,gateio,0.13095,0.13102,92.0,377.0
2025-07-25T08:17:31.367700,bitget,0.13106,0.13109,477.0,377.0
2025-07-25T08:17:31.434845,gateio,0.13094,0.13102,43.0,377.0
2025-07-25T08:17:31.447437,gateio,0.13094,0.13101,43.0,377.0
2025-07-25T08:17:31.461023,binance,0.1312,0.1312,0.0,0.0
2025-07-25T08:17:31.466417,gateio,0.13094,0.131,43.0,377.0
2025-07-25T08:17:31.484614,gateio,0.13094,0.13099,43.0,377.0
2025-07-25T08:17:31.505525,gateio,0.13094,0.13098,43.0,377.0
2025-07-25T08:17:31.508953,huobi,0.131,0.1311,744.8672,170.0
2025-07-25T08:17:31.515065,bitget,0.13103,0.13109,730.0,854.0
2025-07-25T08:17:31.537506,bybit,0.0,0.0,0.0,0.0
2025-07-25T08:17:31.548665,gateio,0.1309,0.13098,43.0,377.0
2025-07-25T08:17:31.562878,blofin,0.131,0.13105,618.0,456.0
2025-07-25T08:17:31.658523,gateio,0.1309,0.13098,517.0,377.0
2025-07-25T08:17:31.660012,lbank,0.131,0.1312,3355.0,10463.0
2025-07-25T08:17:31.660775,bitmart,0.13067,0.13139,449.0,321.0
2025-07-25T08:17:31.665440,bitget,0.13103,0.13107,544.0,477.0
2025-07-25T08:17:31.815479,bitget,0.13103,0.13106,544.0,377.0
2025-07-25T08:17:31.965825,bitget,0.13103,0.13104,544.0,377.0
2025-07-25T08:17:32.062230,blofin,0.131,0.13105,618.0,456.0
2025-07-25T08:17:32.082598,gateio,0.1309,0.13098,425.0,377.0
2025-07-25T08:17:32.095804,gateio,0.13091,0.13112,92.0,92.0
2025-07-25T08:17:32.107481,gateio,0.13091,0.1312,92.0,92.0
2025-07-25T08:17:32.116045,bitget,0.13103,0.13104,544.0,377.0
2025-07-25T08:17:32.130626,gateio,0.13091,0.13122,92.0,91.0
2025-07-25T08:17:32.138591,bybit,0.0,0.1314,0.0,3229.6
2025-07-25T08:17:32.146602,gateio,0.13093,0.13122,92.0,91.0
2025-07-25T08:17:32.159448,lbank,0.131,0.1312,3355.0,10463.0
2025-07-25T08:17:32.160584,gateio,0.13093,0.13121,92.0,377.0
2025-07-25T08:17:32.186411,gateio,0.13093,0.1312,92.0,92.0
2025-07-25T08:17:32.208490,gateio,0.13093,0.13118,92.0,377.0
2025-07-25T08:17:32.226647,gateio,0.13093,0.13117,92.0,377.0
2025-07-25T08:17:32.236663,gateio,0.13094,0.13116,43.0,469.0
2025-07-25T08:17:32.258315,gateio,0.13094,0.13114,43.0,92.0
2025-07-25T08:17:32.265114,bitget,0.13106,0.13115,377.0,477.0
2025-07-25T08:17:32.278447,gateio,0.13094,0.13112,43.0,469.0
2025-07-25T08:17:32.307714,gateio,0.13094,0.13109,43.0,377.0
2025-07-25T08:17:32.326668,gateio,0.13094,0.13108,43.0,377.0
2025-07-25T08:17:32.346243,gateio,0.13094,0.13107,43.0,377.0
2025-07-25T08:17:32.366553,gateio,0.13094,0.13106,43.0,377.0
2025-07-25T08:17:32.384437,gateio,0.13094,0.13105,43.0,377.0
2025-07-25T08:17:32.407744,gateio,0.13094,0.13105,135.0,377.0
2025-07-25T08:17:32.415742,bitget,0.13106,0.13107,377.0,377.0
2025-07-25T08:17:32.424638,gateio,0.13095,0.13111,92.0,92.0
2025-07-25T08:17:32.444846,gateio,0.13096,0.1312,43.0,92.0
2025-07-25T08:17:32.458079,binance,0.1312,0.1312,0.0,0.0
2025-07-25T08:17:32.467147,gateio,0.13096,0.13112,135.0,377.0
