timestamp,exchange,bid,ask,bid_vol,ask_vol
2025-07-25T08:16:26.227660,bybit,0.1464,0.1465,36814.0,111699.0
2025-07-25T08:16:26.228632,bybit,0.0,0.1465,0.0,93302.0
2025-07-25T08:16:26.228732,bybit,0.0,0.1465,0.0,91978.0
2025-07-25T08:16:26.292576,bybit,0.0,0.1465,0.0,111709.0
2025-07-25T08:16:26.406748,bybit,0.1464,0.1465,28525.0,133074.0
2025-07-25T08:16:26.506931,bybit,0.1464,0.0,34536.0,0.0
2025-07-25T08:16:26.606593,bybit,0.0,0.1465,0.0,115991.0
2025-07-25T08:16:26.682652,bitget,0.1465,0.1466,60763.0,68488.0
2025-07-25T08:16:26.707136,bybit,0.1464,0.1465,34535.0,133074.0
2025-07-25T08:16:26.754778,bitget,0.1465,0.1466,60763.0,58748.0
2025-07-25T08:16:26.877435,bitget,0.1465,0.1466,60763.0,58748.0
2025-07-25T08:16:27.016124,huobi,0.1463,0.1464,6166.6048,1310.5935
2025-07-25T08:16:27.016278,huobi,0.1462,0.1464,947.9884,1310.5935
2025-07-25T08:16:27.028857,bitget,0.1465,0.1466,60763.0,58748.0
2025-07-25T08:16:27.177464,bitget,0.1465,0.1466,60763.0,68488.0
2025-07-25T08:16:27.207124,bybit,0.1464,0.0,34464.0,0.0
2025-07-25T08:16:27.329010,bitget,0.1465,0.1466,60763.0,58748.0
2025-07-25T08:16:27.375803,bingx,0.14647,0.14651,408.21,1266.3
2025-07-25T08:16:27.387353,ascendex,0.0,0.1467,0.0,20700.7
2025-07-25T08:16:27.479396,bitget,0.1465,0.1466,60763.0,58748.0
2025-07-25T08:16:27.628917,bitget,0.1465,0.1466,60763.0,58748.0
2025-07-25T08:16:27.642066,bitmart,0.14614,0.14658,4788.0,113385.0
2025-07-25T08:16:27.749611,ascendex,0.0,0.1467,0.0,0.0
2025-07-25T08:16:27.779499,bitget,0.1465,0.1466,60763.0,58748.0
2025-07-25T08:16:27.907227,bybit,0.0,0.1465,0.0,133756.0
2025-07-25T08:16:28.014615,lbank,0.1463,0.1465,1413.16,5678.14
2025-07-25T08:16:28.052471,ascendex,0.0,0.1467,0.0,42585.4
2025-07-25T08:16:28.078070,bitget,0.1465,0.1466,60763.0,58748.0
2025-07-25T08:16:28.109234,huobi,0.1463,0.1464,836.2727,216.0
2025-07-25T08:16:28.173660,lbank,0.1463,0.1465,1413.16,5678.14
2025-07-25T08:16:28.207221,bybit,0.1464,0.0,34286.0,0.0
2025-07-25T08:16:28.227909,bitget,0.1465,0.1466,60763.0,58748.0
2025-07-25T08:16:28.277116,bingx,0.14647,0.14651,408.21,1266.3
2025-07-25T08:16:28.374168,ascendex,0.0,0.1467,0.0,0.0
2025-07-25T08:16:28.378487,bitget,0.1465,0.1466,60763.0,58748.0
2025-07-25T08:16:28.407684,bybit,0.1464,0.0,40286.0,0.0
2025-07-25T08:16:28.454323,gateio,0.1464,0.1465,813.0,7064.0
2025-07-25T08:16:28.454430,gateio,0.1464,0.1465,813.0,6064.0
2025-07-25T08:16:28.506567,bybit,0.0,0.1465,0.0,135121.0
2025-07-25T08:16:28.511582,huobi,0.1463,0.1464,1776.5543,1310.5935
2025-07-25T08:16:28.596559,blofin,0.1462,0.1464,37770.0,18592.0
2025-07-25T08:16:28.596995,blofin,0.1462,0.1464,37770.0,18592.0
2025-07-25T08:16:28.606984,bybit,0.1464,0.0,34286.0,0.0
2025-07-25T08:16:28.655144,bitmart,0.14614,0.14659,4788.0,113787.0
2025-07-25T08:16:28.672990,lbank,0.1463,0.1465,1413.16,5678.14
2025-07-25T08:16:28.678091,bitget,0.1465,0.1466,60763.0,58748.0
2025-07-25T08:16:28.706717,ascendex,0.0,0.1467,0.0,42583.3
2025-07-25T08:16:28.806684,bybit,0.1464,0.0,34302.0,0.0
2025-07-25T08:16:28.824872,gateio,0.1464,0.1465,813.0,8475.0
2025-07-25T08:16:28.828601,bitget,0.1465,0.1466,60763.0,58748.0
2025-07-25T08:16:28.881222,bingx,0.14647,0.14651,408.21,1266.3
2025-07-25T08:16:28.963075,mexc,0.1464,0.1465,37401252.0,37401252.0
2025-07-25T08:16:28.984200,bitget,0.1465,0.1466,60763.0,58748.0
2025-07-25T08:16:29.006777,bybit,0.0,0.1465,0.0,133797.0
2025-07-25T08:16:29.011314,ascendex,0.0,0.1467,0.0,42591.5
2025-07-25T08:16:29.073188,gateio,0.1464,0.1465,813.0,6064.0
2025-07-25T08:16:29.077580,blofin,0.1462,0.1464,37768.0,18592.0
2025-07-25T08:16:29.106832,bybit,0.0,0.1465,0.0,121110.0
2025-07-25T08:16:29.135903,bitget,0.1465,0.1466,60763.0,58748.0
2025-07-25T08:16:29.173176,lbank,0.1463,0.1465,1413.16,5678.14
2025-07-25T08:16:29.182349,bingx,0.14646,0.1465,408.21,1266.3
2025-07-25T08:16:29.202994,gateio,0.1464,0.1465,2413.0,6064.0
2025-07-25T08:16:29.207764,bybit,0.0,0.1465,0.0,135121.0
2025-07-25T08:16:29.208700,huobi,0.1463,0.1464,2733.3916,1310.5935
2025-07-25T08:16:29.281189,bitget,0.1465,0.1466,60763.0,58748.0
2025-07-25T08:16:29.307165,bybit,0.1464,0.1465,35766.0,115390.0
2025-07-25T08:16:29.331648,ascendex,0.0,0.1467,0.0,9757.8
2025-07-25T08:16:29.406913,bybit,0.1464,0.0,55766.0,0.0
2025-07-25T08:16:29.429974,bitget,0.1465,0.1466,70503.0,56624.0
2025-07-25T08:16:29.512033,huobi,0.1463,0.1464,3589.5634,1310.5935
2025-07-25T08:16:29.544292,blofin,0.1462,0.1464,37768.0,18592.0
2025-07-25T08:16:29.579515,bitget,0.1465,0.1466,60763.0,56624.0
2025-07-25T08:16:29.606676,bybit,0.1464,0.0,55759.0,0.0
2025-07-25T08:16:29.644502,bitmart,0.14614,0.14658,4788.0,21918.0
2025-07-25T08:16:29.653699,ascendex,0.0,0.1467,0.0,0.0
2025-07-25T08:16:29.807548,bybit,0.1464,0.0,57083.0,0.0
2025-07-25T08:16:29.842112,gateio,0.1464,0.1465,2413.0,5208.0
2025-07-25T08:16:29.851286,gateio,0.1464,0.1465,3405.0,2956.0
2025-07-25T08:16:29.863335,gateio,0.1464,0.1465,4105.0,2472.0
2025-07-25T08:16:29.879969,bitget,0.1465,0.1466,60763.0,56624.0
2025-07-25T08:16:29.892872,gateio,0.1464,0.1465,3405.0,2472.0
2025-07-25T08:16:29.906827,bybit,0.1464,0.1465,60716.0,48759.0
2025-07-25T08:16:29.912831,huobi,0.1463,0.1464,3589.5634,1094.5935
2025-07-25T08:16:29.931017,lbank,0.1464,0.1465,432.45,5678.14
2025-07-25T08:16:29.991637,gateio,0.1464,0.1465,3678.0,2472.0
2025-07-25T08:16:30.013825,huobi,0.1463,0.1464,3929.7434,1094.5935
2025-07-25T08:16:30.029240,bitget,0.1465,0.1467,79241.0,101841.0
2025-07-25T08:16:30.031114,gateio,0.1464,0.1465,3678.0,33.0
2025-07-25T08:16:30.049816,blofin,0.1462,0.1464,37768.0,18592.0
2025-07-25T08:16:30.085490,bingx,0.14646,0.1465,408.21,1266.3
2025-07-25T08:16:30.085922,gateio,0.1464,0.1465,3678.0,1.0
2025-07-25T08:16:30.101129,gateio,0.1464,0.1466,6654.0,7384.0
2025-07-25T08:16:30.107544,bybit,0.1464,0.1465,63099.0,29024.0
2025-07-25T08:16:30.112491,huobi,0.1463,0.1465,3589.5634,5432.3935
2025-07-25T08:16:30.164409,gateio,0.1464,0.1466,9423.0,7384.0
2025-07-25T08:16:30.180137,bitget,0.1466,0.1467,16292.0,54973.0
2025-07-25T08:16:30.186679,lbank,0.1463,0.1465,1413.16,5678.14
2025-07-25T08:16:30.190652,gateio,0.1464,0.1466,10423.0,7384.0
2025-07-25T08:16:30.206893,bybit,0.1464,0.1465,63135.0,45340.0
2025-07-25T08:16:30.234824,gateio,0.1464,0.1466,10423.0,9806.0
2025-07-25T08:16:30.278375,ascendex,0.1462,0.0,136845.6,0.0
2025-07-25T08:16:30.289103,gateio,0.1464,0.1466,8354.0,9806.0
2025-07-25T08:16:30.304778,gateio,0.1464,0.1466,7654.0,9806.0
2025-07-25T08:16:30.306617,bybit,0.1464,0.0,61734.0,0.0
2025-07-25T08:16:30.311945,huobi,0.1463,0.1464,3589.5634,216.0
2025-07-25T08:16:30.330714,bitget,0.1466,0.1467,46726.0,101378.0
2025-07-25T08:16:30.406877,bybit,0.1464,0.0,75734.0,0.0
2025-07-25T08:16:30.407958,huobi,0.1463,0.1464,4477.8161,216.0
2025-07-25T08:16:30.449897,bingx,0.14652,0.14655,408.21,1266.3
2025-07-25T08:16:30.474361,gateio,0.1465,0.1466,717.0,9806.0
2025-07-25T08:16:30.483343,gateio,0.1465,0.1466,2000.0,8109.0
2025-07-25T08:16:30.484593,bitget,0.1466,0.1467,46726.0,101378.0
2025-07-25T08:16:30.507426,bybit,0.0,0.1465,0.0,42353.0
2025-07-25T08:16:30.508162,gateio,0.1465,0.1466,2000.0,7391.0
2025-07-25T08:16:30.526253,blofin,0.1462,0.1464,48321.0,17887.0
2025-07-25T08:16:30.587125,ascendex,0.1462,0.1467,136845.6,42574.9
2025-07-25T08:16:30.592253,gateio,0.1464,0.1466,8709.0,7391.0
2025-07-25T08:16:30.604990,gateio,0.1464,0.1466,8009.0,8485.0
2025-07-25T08:16:30.606997,bybit,0.0,0.1465,0.0,44839.0
2025-07-25T08:16:30.619303,huobi,0.1463,0.1465,4477.8161,5432.3935
2025-07-25T08:16:30.630071,bitget,0.1466,0.1467,46726.0,101378.0
2025-07-25T08:16:30.642642,bitmart,0.14621,0.14669,93838.0,214352.0
2025-07-25T08:16:30.674969,lbank,0.1463,0.1465,1413.16,5678.14
2025-07-25T08:16:30.691530,bingx,0.14654,0.14659,110.81,1310.06
2025-07-25T08:16:30.706854,bybit,0.1464,0.0,76875.0,0.0
2025-07-25T08:16:30.710380,huobi,0.1463,0.1464,4477.8161,216.0
2025-07-25T08:16:30.779684,bitget,0.1466,0.1467,44602.0,101378.0
2025-07-25T08:16:30.906348,ascendex,0.1462,0.1468,136845.6,88623.0
2025-07-25T08:16:30.930005,bitget,0.1466,0.1467,46726.0,101378.0
2025-07-25T08:16:30.989326,bingx,0.14654,0.14657,408.21,1266.3
2025-07-25T08:16:31.049779,blofin,0.1462,0.1464,48321.0,17887.0
2025-07-25T08:16:31.081695,bitget,0.1466,0.1467,46726.0,115378.0
2025-07-25T08:16:31.107833,bybit,0.1464,0.0,76903.0,0.0
2025-07-25T08:16:31.173912,lbank,0.1463,0.1465,1413.16,5678.14
2025-07-25T08:16:31.178955,gateio,0.1464,0.1466,8009.0,10085.0
2025-07-25T08:16:31.211136,huobi,0.1463,0.1464,5322.7765,216.0
2025-07-25T08:16:31.213072,ascendex,0.1462,0.1468,136845.6,113861.5
2025-07-25T08:16:31.235496,bitget,0.1466,0.1467,46726.0,115378.0
2025-07-25T08:16:31.248922,gateio,0.1464,0.1466,8709.0,10085.0
2025-07-25T08:16:31.267227,gateio,0.1464,0.1466,8009.0,10085.0
2025-07-25T08:16:31.284969,bingx,0.14652,0.14655,408.21,1266.3
2025-07-25T08:16:31.295010,gateio,0.1464,0.1466,8709.0,10085.0
2025-07-25T08:16:31.306832,bybit,0.1464,0.0,78311.0,0.0
2025-07-25T08:16:31.309401,huobi,0.1463,0.1464,5437.4965,216.0
2025-07-25T08:16:31.363094,mexc,0.1464,0.1465,37408082.0,37408082.0
2025-07-25T08:16:31.380442,bitget,0.1466,0.1467,46726.0,115378.0
2025-07-25T08:16:31.409122,huobi,0.1463,0.1465,5437.4965,5432.3935
2025-07-25T08:16:31.510558,huobi,0.1463,0.1465,5322.7765,5432.3935
2025-07-25T08:16:31.532612,bitget,0.1466,0.1467,46726.0,115378.0
2025-07-25T08:16:31.533464,ascendex,0.1462,0.1468,102645.9,71296.8
2025-07-25T08:16:31.539019,blofin,0.1463,0.1464,21487.0,3.0
2025-07-25T08:16:31.592170,bingx,0.14654,0.14658,408.21,1266.3
2025-07-25T08:16:31.649911,bitmart,0.14616,0.14669,116508.0,111687.0
2025-07-25T08:16:31.673685,lbank,0.1463,0.1465,1413.16,5678.14
2025-07-25T08:16:31.680049,bitget,0.1466,0.1467,46726.0,115378.0
2025-07-25T08:16:31.808960,gateio,0.1464,0.1466,8009.0,10085.0
2025-07-25T08:16:31.809676,huobi,0.1463,0.1464,5322.7765,216.0
2025-07-25T08:16:31.830769,gateio,0.1464,0.1466,7009.0,13013.0
2025-07-25T08:16:31.849539,ascendex,0.1462,0.1467,136845.6,42574.9
2025-07-25T08:16:31.851002,gateio,0.1464,0.1466,6654.0,10085.0
2025-07-25T08:16:31.865223,gateio,0.1464,0.1466,6518.0,10085.0
2025-07-25T08:16:31.891111,bingx,0.14656,0.1466,408.21,1266.3
2025-07-25T08:16:31.906888,bybit,0.1464,0.1465,37863.0,48888.0
2025-07-25T08:16:31.914186,huobi,0.1461,0.1464,800.0,216.0
2025-07-25T08:16:31.915411,gateio,0.1464,0.1466,6245.0,10358.0
2025-07-25T08:16:31.984308,bitget,0.1466,0.1467,2306.0,125118.0
2025-07-25T08:16:32.009190,bybit,0.0,0.1465,0.0,51625.0
2025-07-25T08:16:32.068732,blofin,0.1463,0.1464,21492.0,3.0
2025-07-25T08:16:32.131094,bitget,0.1465,0.1466,67195.0,6333.0
2025-07-25T08:16:32.156682,ascendex,0.1462,0.1468,136845.6,113857.2
2025-07-25T08:16:32.169116,gateio,0.1464,0.1466,6245.0,11358.0
2025-07-25T08:16:32.173527,lbank,0.1463,0.1465,1413.16,5678.14
2025-07-25T08:16:32.206566,bybit,0.0,0.0,0.0,0.0
2025-07-25T08:16:32.209189,huobi,0.1462,0.1464,861.3619,216.0
2025-07-25T08:16:32.280646,bitget,0.1465,0.1466,67195.0,58443.0
2025-07-25T08:16:32.307203,bybit,0.1464,0.1465,55863.0,63625.0
2025-07-25T08:16:32.317000,gateio,0.1464,0.1466,4645.0,11358.0
2025-07-25T08:16:32.348853,gateio,0.1464,0.1465,4645.0,3406.0
2025-07-25T08:16:32.359026,gateio,0.1464,0.1465,96.0,5006.0
2025-07-25T08:16:32.378947,gateio,0.1464,0.1465,781.0,5006.0
2025-07-25T08:16:32.407475,bybit,0.1464,0.1465,36845.0,80708.0
2025-07-25T08:16:32.410271,huobi,0.1462,0.1464,861.3619,1310.5935
2025-07-25T08:16:32.430874,bitget,0.1465,0.1466,58457.0,64739.0
2025-07-25T08:16:32.449176,gateio,0.1464,0.1465,781.0,5862.0
2025-07-25T08:16:32.478003,ascendex,0.1462,0.1468,171045.3,71296.8
2025-07-25T08:16:32.498109,bingx,0.14651,0.14654,408.21,1266.3
2025-07-25T08:16:32.507315,bybit,0.0,0.1465,0.0,82073.0
2025-07-25T08:16:32.545216,blofin,0.1463,0.1464,21492.0,3.0
2025-07-25T08:16:32.545854,gateio,0.1464,0.1465,96.0,5862.0
2025-07-25T08:16:32.581752,bitget,0.1465,0.1466,58457.0,74821.0
2025-07-25T08:16:32.659016,bitmart,0.14613,0.14659,235948.0,121495.0
2025-07-25T08:16:32.677726,lbank,0.1463,0.1465,1413.16,5678.14
2025-07-25T08:16:32.706656,bybit,0.1464,0.1465,17534.0,83438.0
2025-07-25T08:16:32.733843,bitget,0.1465,0.1466,58457.0,74821.0
2025-07-25T08:16:32.786304,ascendex,0.1462,0.1467,136845.6,0.0
2025-07-25T08:16:32.791130,gateio,0.1464,0.1465,781.0,5862.0
2025-07-25T08:16:32.794026,bingx,0.14648,0.14652,408.21,1266.3
2025-07-25T08:16:32.807564,bybit,0.1464,0.0,18035.0,0.0
2025-07-25T08:16:32.881334,bitget,0.1465,0.1466,58457.0,74821.0
2025-07-25T08:16:32.966904,gateio,0.1464,0.1465,96.0,5862.0
2025-07-25T08:16:33.013394,huobi,0.1463,0.1464,926.7503,1310.5935
2025-07-25T08:16:33.019275,gateio,0.1464,0.1465,97.0,5862.0
2025-07-25T08:16:33.032047,bitget,0.1465,0.1466,58457.0,65081.0
2025-07-25T08:16:33.058454,blofin,0.1463,0.1464,21811.0,3.0
2025-07-25T08:16:33.105431,ascendex,0.146,0.1468,21578.4,95294.4
2025-07-25T08:16:33.106889,bybit,0.1464,0.0,17534.0,0.0
2025-07-25T08:16:33.157580,gateio,0.1464,0.1465,97.0,6462.0
2025-07-25T08:16:33.182164,bitget,0.1465,0.1466,58457.0,65081.0
2025-07-25T08:16:33.206901,bybit,0.0,0.1465,0.0,100035.0
2025-07-25T08:16:33.306647,bybit,0.0,0.1465,0.0,124809.0
2025-07-25T08:16:33.333854,bitget,0.1465,0.1466,58457.0,65081.0
2025-07-25T08:16:33.398712,bingx,0.14647,0.1465,408.21,1266.3
2025-07-25T08:16:33.406973,bybit,0.0,0.1465,0.0,126851.0
2025-07-25T08:16:33.411088,huobi,0.1463,0.1464,1904.6647,1310.5935
2025-07-25T08:16:33.414379,ascendex,0.0,0.1468,0.0,71296.8
2025-07-25T08:16:33.483385,bitget,0.1465,0.1466,44471.0,74821.0
2025-07-25T08:16:33.506627,bybit,0.1464,0.1465,11888.0,128214.0
2025-07-25T08:16:33.537016,blofin,0.1463,0.1464,3.0,49888.0
2025-07-25T08:16:33.557095,gateio,0.1463,0.1464,6881.0,97.0
2025-07-25T08:16:33.575571,gateio,0.1463,0.1464,901.0,4173.0
2025-07-25T08:16:33.583133,gateio,0.1463,0.1464,901.0,4873.0
2025-07-25T08:16:33.601816,gateio,0.1463,0.1464,901.0,4173.0
2025-07-25T08:16:33.603496,bitmart,0.14614,0.14658,4788.0,118843.0
2025-07-25T08:16:33.606860,bybit,0.1463,0.1464,21250.0,127567.0
2025-07-25T08:16:33.612512,huobi,0.1462,0.1463,861.3619,216.0
2025-07-25T08:16:33.615057,gateio,0.1463,0.1464,901.0,4873.0
2025-07-25T08:16:33.625666,gateio,0.1463,0.1464,901.0,7307.0
2025-07-25T08:16:33.632369,bitget,0.1465,0.1466,2175.0,85054.0
2025-07-25T08:16:33.672990,lbank,0.1463,0.1465,1413.16,5678.14
2025-07-25T08:16:33.679142,gateio,0.1463,0.1464,888.0,7307.0
2025-07-25T08:16:33.696146,bingx,0.14644,0.14648,408.21,1266.3
2025-07-25T08:16:33.706706,bybit,0.0,0.1464,0.0,125520.0
2025-07-25T08:16:33.733980,ascendex,0.1462,0.1467,68399.4,35365.3
2025-07-25T08:16:33.763716,mexc,0.1464,0.1466,37408082.0,37408082.0
2025-07-25T08:16:33.781686,bitget,0.1464,0.1465,22387.0,22494.0
2025-07-25T08:16:33.830914,gateio,0.1463,0.1464,888.0,5908.0
2025-07-25T08:16:33.858895,gateio,0.1463,0.1465,2544.0,12534.0
2025-07-25T08:16:33.907129,bybit,0.1463,0.1464,40479.0,50333.0
2025-07-25T08:16:33.910708,huobi,0.1463,0.1464,951.1536,216.0
2025-07-25T08:16:33.932408,bitget,0.1464,0.1466,43171.0,216406.0
2025-07-25T08:16:33.981157,gateio,0.1463,0.1464,2544.0,2435.0
2025-07-25T08:16:33.996716,bingx,0.14641,0.14645,408.21,1266.3
2025-07-25T08:16:34.000879,gateio,0.1463,0.1464,1880.0,2435.0
2025-07-25T08:16:34.006860,bybit,0.0,0.1464,0.0,56559.0
2025-07-25T08:16:34.010238,huobi,0.1462,0.1464,861.3619,216.0
2025-07-25T08:16:34.041653,blofin,0.1463,0.1464,3.0,49888.0
2025-07-25T08:16:34.052563,ascendex,0.1461,0.1464,68493.2,42691.3
2025-07-25T08:16:34.082894,bitget,0.1464,0.1466,89412.0,115639.0
2025-07-25T08:16:34.091008,gateio,0.1463,0.1464,1880.0,3834.0
2025-07-25T08:16:34.145180,gateio,0.1463,0.1464,4480.0,3834.0
2025-07-25T08:16:34.172859,gateio,0.1463,0.1464,4480.0,1399.0
2025-07-25T08:16:34.175733,lbank,0.1463,0.1464,1413.16,2985.16
2025-07-25T08:16:34.232268,bitget,0.1464,0.1465,137618.0,13986.0
2025-07-25T08:16:34.240523,gateio,0.1463,0.1464,4344.0,1399.0
2025-07-25T08:16:34.255007,gateio,0.1463,0.1464,4344.0,1384.0
2025-07-25T08:16:34.301255,bingx,0.14645,0.14648,408.21,1266.3
2025-07-25T08:16:34.306691,bybit,0.1463,0.1464,59831.0,67284.0
2025-07-25T08:16:34.361643,ascendex,0.1442,0.0,34674.1,0.0
2025-07-25T08:16:34.382419,bitget,0.1464,0.1465,117637.0,13986.0
2025-07-25T08:16:34.399067,gateio,0.1463,0.1464,4344.0,1248.0
2025-07-25T08:16:34.407076,bybit,0.1463,0.1464,62479.0,57960.0
2025-07-25T08:16:34.409146,huobi,0.1462,0.1464,861.3619,1310.5935
2025-07-25T08:16:34.415069,gateio,0.1463,0.1464,4480.0,1248.0
2025-07-25T08:16:34.436844,gateio,0.1463,0.1465,4480.0,14971.0
2025-07-25T08:16:34.447429,gateio,0.1464,0.1465,685.0,14136.0
2025-07-25T08:16:34.460871,gateio,0.1464,0.1465,2885.0,7456.0
2025-07-25T08:16:34.471293,gateio,0.1464,0.1465,2885.0,6972.0
2025-07-25T08:16:34.499118,gateio,0.1464,0.1465,2885.0,6272.0
2025-07-25T08:16:34.507567,bybit,0.1464,0.1465,63160.0,94350.0
2025-07-25T08:16:34.517963,huobi,0.1462,0.1464,861.3619,216.0
2025-07-25T08:16:34.521440,gateio,0.1464,0.1465,2885.0,5143.0
2025-07-25T08:16:34.532889,gateio,0.1464,0.1465,2885.0,1535.0
2025-07-25T08:16:34.540609,bitget,0.1465,0.1466,13986.0,115639.0
2025-07-25T08:16:34.544802,blofin,0.1462,0.1463,3.0,23979.0
2025-07-25T08:16:34.545083,gateio,0.1464,0.1466,2885.0,20436.0
2025-07-25T08:16:34.606514,bybit,0.1464,0.1465,65808.0,85364.0
2025-07-25T08:16:34.610704,huobi,0.1462,0.1465,861.3619,216.0
2025-07-25T08:16:34.620603,gateio,0.1464,0.1465,3369.0,32.0
2025-07-25T08:16:34.633040,gateio,0.1464,0.1465,2885.0,821.0
2025-07-25T08:16:34.663194,bitmart,0.14613,0.14659,235948.0,233111.0
2025-07-25T08:16:34.668978,gateio,0.1464,0.1465,2885.0,3257.0
2025-07-25T08:16:34.677757,ascendex,0.1462,0.1464,136845.6,42691.3
2025-07-25T08:16:34.684238,bitget,0.1465,0.1466,69488.0,44762.0
2025-07-25T08:16:34.707294,bybit,0.0,0.1465,0.0,91754.0
2025-07-25T08:16:34.715960,huobi,0.1462,0.1464,861.3619,216.0
2025-07-25T08:16:34.761048,gateio,0.1464,0.1465,2885.0,3121.0
2025-07-25T08:16:34.800938,gateio,0.1464,0.1465,6161.0,3121.0
2025-07-25T08:16:34.806633,bybit,0.1464,0.1465,57808.0,88647.0
2025-07-25T08:16:34.825053,gateio,0.1464,0.1465,5461.0,6045.0
2025-07-25T08:16:34.837520,bitget,0.1465,0.1466,79228.0,58748.0
2025-07-25T08:16:34.840824,gateio,0.1464,0.1465,5461.0,3121.0
2025-07-25T08:16:34.893409,gateio,0.1464,0.1465,5734.0,3121.0
2025-07-25T08:16:34.897372,bingx,0.1464,0.14644,408.21,1266.3
2025-07-25T08:16:34.909522,huobi,0.1463,0.1464,844.7725,216.0
2025-07-25T08:16:34.923095,gateio,0.1464,0.1465,5734.0,685.0
2025-07-25T08:16:34.984675,bitget,0.1465,0.1467,79228.0,115306.0
2025-07-25T08:16:34.986652,ascendex,0.1459,0.1467,34293.6,461.6
2025-07-25T08:16:35.007210,bybit,0.0,0.1465,0.0,54511.0
2025-07-25T08:16:35.057623,blofin,0.1462,0.1463,3.0,23979.0
2025-07-25T08:16:35.107009,bybit,0.1464,0.0,57850.0,0.0
2025-07-25T08:16:35.134903,gateio,0.1464,0.1465,6134.0,685.0
2025-07-25T08:16:35.135810,bitget,0.1465,0.1467,91012.0,115306.0
2025-07-25T08:16:35.198924,gateio,0.1464,0.1466,6134.0,11270.0
2025-07-25T08:16:35.207942,bybit,0.0,0.1465,0.0,48278.0
2025-07-25T08:16:35.238708,gateio,0.1464,0.1466,9280.0,11270.0
2025-07-25T08:16:35.247371,bingx,0.1465,0.14653,91.77,82.1
2025-07-25T08:16:35.284322,bitget,0.1465,0.1467,91012.0,115306.0
2025-07-25T08:16:35.299188,gateio,0.1464,0.1466,9280.0,11302.0
2025-07-25T08:16:35.305162,ascendex,0.1462,0.1467,205245.0,42333.4
2025-07-25T08:16:35.307075,bybit,0.1464,0.1465,81850.0,29044.0
2025-07-25T08:16:35.352907,gateio,0.1464,0.1466,9280.0,11270.0
2025-07-25T08:16:35.395078,gateio,0.1464,0.1466,9280.0,10997.0
2025-07-25T08:16:35.406675,bybit,0.0,0.1465,0.0,32031.0
2025-07-25T08:16:35.432654,bitget,0.1465,0.1467,238447.0,115306.0
2025-07-25T08:16:35.527243,blofin,0.1462,0.1464,3.0,37.0
2025-07-25T08:16:35.536377,gateio,0.1464,0.1466,9280.0,9397.0
2025-07-25T08:16:35.584102,bitget,0.1465,0.1467,238447.0,115647.0
2025-07-25T08:16:35.589864,gateio,0.1464,0.1466,9929.0,9397.0
2025-07-25T08:16:35.606801,bybit,0.1464,0.1465,112561.0,29044.0
2025-07-25T08:16:35.612576,huobi,0.1463,0.1465,844.7725,7204.1402
2025-07-25T08:16:35.626332,ascendex,0.1462,0.1468,205245.0,71296.8
2025-07-25T08:16:35.638638,gateio,0.1464,0.1466,9929.0,8697.0
2025-07-25T08:16:35.643215,bitmart,0.14621,0.14669,215238.0,120594.0
2025-07-25T08:16:35.649487,gateio,0.1464,0.1466,10599.0,7298.0
2025-07-25T08:16:35.671741,lbank,0.1463,0.1464,1413.16,2985.16
2025-07-25T08:16:35.687243,gateio,0.1464,0.1466,11998.0,7998.0
2025-07-25T08:16:35.706879,bybit,0.1464,0.0,118791.0,0.0
2025-07-25T08:16:35.738210,bitget,0.1466,0.1467,16292.0,68972.0
2025-07-25T08:16:35.794885,gateio,0.1464,0.1466,11998.0,9397.0
2025-07-25T08:16:35.806731,bybit,0.1464,0.0,90769.0,0.0
2025-07-25T08:16:35.807834,bingx,0.14652,0.14655,91.77,82.1
2025-07-25T08:16:35.884223,bitget,0.1466,0.1467,60764.0,68972.0
2025-07-25T08:16:35.901195,gateio,0.1464,0.1466,11998.0,7956.0
2025-07-25T08:16:35.907253,bybit,0.1464,0.1465,118791.0,5364.0
2025-07-25T08:16:35.912295,huobi,0.1464,0.1465,890.9131,7204.1402
2025-07-25T08:16:35.921809,gateio,0.1465,0.1466,3285.0,7956.0
2025-07-25T08:16:35.934725,ascendex,0.1462,0.1468,205245.0,71296.8
2025-07-25T08:16:35.939913,gateio,0.1465,0.1466,3285.0,6709.0
2025-07-25T08:16:35.957018,gateio,0.1465,0.1466,3285.0,6225.0
2025-07-25T08:16:35.979715,gateio,0.1465,0.1466,3285.0,4826.0
2025-07-25T08:16:35.989518,gateio,0.1465,0.1466,3285.0,1972.0
2025-07-25T08:16:36.001545,gateio,0.1465,0.1466,4121.0,1157.0
2025-07-25T08:16:36.006640,bybit,0.1465,0.1466,80041.0,35980.0
2025-07-25T08:16:36.016391,huobi,0.1464,0.1465,890.9131,3109.8402
2025-07-25T08:16:36.034567,bitget,0.1466,0.1468,125965.0,180034.0
2025-07-25T08:16:36.051708,gateio,0.1465,0.1466,4394.0,1157.0
2025-07-25T08:16:36.057019,blofin,0.1463,0.1464,21830.0,8.0
2025-07-25T08:16:36.106469,bybit,0.0,0.1466,0.0,33243.0
2025-07-25T08:16:36.106703,gateio,0.1465,0.1466,5793.0,1157.0
2025-07-25T08:16:36.110558,bingx,0.14651,0.14655,91.77,82.1
2025-07-25T08:16:36.171065,gateio,0.1465,0.1466,5793.0,442.0
2025-07-25T08:16:36.177923,mexc,0.1463,0.1464,37408082.0,37408082.0
2025-07-25T08:16:36.185246,bitget,0.1466,0.1468,125965.0,32609.0
2025-07-25T08:16:36.204506,lbank,0.1463,0.1464,1413.16,2985.16
2025-07-25T08:16:36.206852,gateio,0.1465,0.1466,5793.0,123.0
2025-07-25T08:16:36.207372,bybit,0.0,0.1466,0.0,48445.0
2025-07-25T08:16:36.228691,gateio,0.1465,0.1466,7128.0,1.0
2025-07-25T08:16:36.238777,gateio,0.1465,0.1466,6428.0,1.0
2025-07-25T08:16:36.245373,ascendex,0.1464,0.1464,34176.3,0.0
2025-07-25T08:16:36.250889,gateio,0.1465,0.1466,6428.0,686.0
2025-07-25T08:16:36.283235,gateio,0.1465,0.1466,3694.0,686.0
2025-07-25T08:16:36.306505,bybit,0.1465,0.0,88041.0,0.0
2025-07-25T08:16:36.310965,gateio,0.1465,0.1466,3726.0,686.0
2025-07-25T08:16:36.334505,bitget,0.1467,0.1468,2306.0,32609.0
2025-07-25T08:16:36.407463,bingx,0.14653,0.14657,91.77,82.1
2025-07-25T08:16:36.470973,gateio,0.1465,0.1466,3726.0,1.0
2025-07-25T08:16:36.485827,bitget,0.1467,0.1468,46778.0,79326.0
2025-07-25T08:16:36.500982,gateio,0.1465,0.1466,6468.0,1.0
2025-07-25T08:16:36.540198,blofin,0.1463,0.1464,21830.0,8.0
2025-07-25T08:16:36.568089,ascendex,0.0,0.1468,0.0,127695.7
2025-07-25T08:16:36.588971,gateio,0.1465,0.1466,6468.0,686.0
2025-07-25T08:16:36.599234,gateio,0.1465,0.1466,3726.0,686.0
2025-07-25T08:16:36.634349,bitget,0.1467,0.1468,46778.0,79326.0
2025-07-25T08:16:36.657084,bitmart,0.14632,0.14673,4783.0,1.0
2025-07-25T08:16:36.672240,lbank,0.1464,0.1465,695.99,4683.81
2025-07-25T08:16:36.707344,bybit,0.0,0.0,0.0,0.0
2025-07-25T08:16:36.722082,bingx,0.14658,0.14662,91.77,82.1
2025-07-25T08:16:36.753064,gateio,0.1465,0.1466,3726.0,1.0
2025-07-25T08:16:36.764857,gateio,0.1465,0.1466,6740.0,1.0
2025-07-25T08:16:36.784365,bitget,0.1467,0.1468,46778.0,79667.0
2025-07-25T08:16:36.806566,bybit,0.0,0.1466,0.0,31447.0
2025-07-25T08:16:36.812211,huobi,0.1464,0.1465,1851.8362,3109.8402
2025-07-25T08:16:36.876101,gateio,0.1465,0.1466,8139.0,1.0
2025-07-25T08:16:36.887386,ascendex,0.1463,0.1468,34199.7,164237.3
2025-07-25T08:16:36.913770,huobi,0.1461,0.1465,5715.6141,216.0
2025-07-25T08:16:36.936232,bitget,0.1467,0.1468,46778.0,79667.0
2025-07-25T08:16:37.011043,huobi,0.1462,0.1465,1949.29,216.0
2025-07-25T08:16:37.054006,blofin,0.1464,0.1466,28556.0,121986.0
2025-07-25T08:16:37.087571,bitget,0.1467,0.1468,46778.0,115667.0
2025-07-25T08:16:37.106628,bybit,0.1465,0.0,93159.0,0.0
2025-07-25T08:16:37.177050,lbank,0.1464,0.1466,695.99,2862.0
2025-07-25T08:16:37.196145,ascendex,0.1444,0.1468,0.0,121662.4
2025-07-25T08:16:37.210078,huobi,0.1463,0.1465,968.5579,216.0
2025-07-25T08:16:37.236975,bitget,0.1467,0.1468,46778.0,115667.0
2025-07-25T08:16:37.406716,bybit,0.0,0.1466,0.0,33964.0
2025-07-25T08:16:37.418983,huobi,0.1464,0.1465,903.0901,216.0
2025-07-25T08:16:37.503027,ascendex,0.0,0.1468,0.0,164237.3
2025-07-25T08:16:37.514890,gateio,0.1465,0.1466,8139.0,686.0
2025-07-25T08:16:37.534391,bitget,0.1467,0.1468,46778.0,115667.0
2025-07-25T08:16:37.536559,blofin,0.1464,0.1466,28556.0,121986.0
2025-07-25T08:16:37.576651,gateio,0.1465,0.1466,5125.0,1.0
2025-07-25T08:16:37.616192,bingx,0.1466,0.14663,91.77,82.1
2025-07-25T08:16:37.642007,bitmart,0.14632,0.14673,4783.0,1.0
2025-07-25T08:16:37.707426,bybit,0.1465,0.0,94560.0,0.0
2025-07-25T08:16:37.753103,gateio,0.1465,0.1466,5981.0,1.0
2025-07-25T08:16:37.827113,gateio,0.1465,0.1466,5981.0,2356.0
2025-07-25T08:16:37.828090,ascendex,0.0,0.1468,0.0,206812.2
2025-07-25T08:16:37.834249,bitget,0.1467,0.1468,46778.0,115667.0
2025-07-25T08:16:37.907357,bybit,0.0,0.0,0.0,0.0
2025-07-25T08:16:37.910108,bingx,0.14662,0.14666,91.77,82.1
2025-07-25T08:16:37.985891,bitget,0.1467,0.1468,46778.0,115667.0
2025-07-25T08:16:38.055544,blofin,0.1464,0.1466,16924.0,17787.0
2025-07-25T08:16:38.123616,gateio,0.1465,0.1466,5981.0,1.0
2025-07-25T08:16:38.136398,bitget,0.1467,0.1468,44602.0,115667.0
2025-07-25T08:16:38.139747,ascendex,0.0,0.1468,0.0,249387.1
2025-07-25T08:16:38.206715,bybit,0.1465,0.0,89442.0,0.0
2025-07-25T08:16:38.221295,bingx,0.14662,0.14666,91.77,82.1
2025-07-25T08:16:38.284619,bitget,0.1467,0.1468,44602.0,115667.0
2025-07-25T08:16:38.406619,bybit,0.0,0.1466,0.0,31478.0
2025-07-25T08:16:38.410994,huobi,0.1464,0.1465,1795.0932,216.0
2025-07-25T08:16:38.436221,bitget,0.1467,0.1468,44602.0,115667.0
2025-07-25T08:16:38.458343,ascendex,0.1454,0.0,20112.6,0.0
2025-07-25T08:16:38.515415,bingx,0.14662,0.14666,91.77,82.1
2025-07-25T08:16:38.546609,mexc,0.1465,0.1466,37421800.0,37421800.0
2025-07-25T08:16:38.554106,blofin,0.1464,0.1466,26724.0,18939.0
2025-07-25T08:16:38.584828,bitget,0.1467,0.1468,46778.0,115667.0
2025-07-25T08:16:38.660371,bitmart,0.14632,0.14673,4783.0,1.0
2025-07-25T08:16:38.706985,bybit,0.1465,0.0,89455.0,0.0
2025-07-25T08:16:38.735654,bitget,0.1467,0.1468,46778.0,115667.0
2025-07-25T08:16:38.772495,ascendex,0.1431,0.1477,9577.2,25033.5
2025-07-25T08:16:38.806950,bybit,0.0,0.0,0.0,0.0
2025-07-25T08:16:38.817112,bingx,0.14662,0.14665,91.77,82.1
2025-07-25T08:16:38.906697,bybit,0.1465,0.0,94573.0,0.0
2025-07-25T08:16:39.008645,huobi,0.1464,0.1465,1795.0932,1310.5935
2025-07-25T08:16:39.038021,blofin,0.1464,0.1466,26724.0,18939.0
2025-07-25T08:16:39.083668,ascendex,0.1431,0.0,0.0,0.0
2025-07-25T08:16:39.107128,bybit,0.1465,0.1466,89455.0,33964.0
2025-07-25T08:16:39.120739,bingx,0.14662,0.14665,91.77,82.1
2025-07-25T08:16:39.186060,bitget,0.1467,0.1468,46778.0,115667.0
2025-07-25T08:16:39.210937,huobi,0.1464,0.1465,2692.4356,1310.5935
2025-07-25T08:16:39.227128,gateio,0.1465,0.1466,5981.0,686.0
2025-07-25T08:16:39.279268,gateio,0.1465,0.1466,4582.0,686.0
2025-07-25T08:16:39.307028,bybit,0.1465,0.1466,68190.0,47975.0
2025-07-25T08:16:39.334862,bitget,0.1467,0.1468,44602.0,115667.0
2025-07-25T08:16:39.394440,ascendex,0.0,0.1469,0.0,39271.6
2025-07-25T08:16:39.406821,bybit,0.1465,0.0,69514.0,0.0
2025-07-25T08:16:39.485528,bitget,0.1467,0.1468,8602.0,115667.0
2025-07-25T08:16:39.509948,huobi,0.1464,0.1465,3634.2657,1310.5935
2025-07-25T08:16:39.552853,blofin,0.1464,0.1466,27694.0,18962.0
2025-07-25T08:16:39.635723,bitget,0.1467,0.1468,8602.0,115667.0
2025-07-25T08:16:39.641351,bitmart,0.14632,0.14673,4783.0,1.0
2025-07-25T08:16:39.707364,bybit,0.0,0.0,0.0,0.0
2025-07-25T08:16:39.715722,ascendex,0.0,0.1469,0.0,13123.0
2025-07-25T08:16:39.722154,bingx,0.14659,0.14663,91.77,82.1
2025-07-25T08:16:39.786931,bitget,0.1466,0.1468,258206.0,115667.0
2025-07-25T08:16:39.806557,bybit,0.1465,0.0,63891.0,0.0
2025-07-25T08:16:39.906820,bybit,0.1465,0.1466,55473.0,50700.0
2025-07-25T08:16:39.940904,bitget,0.1466,0.1467,271094.0,2176.0
2025-07-25T08:16:40.006940,bybit,0.1465,0.0,48797.0,0.0
2025-07-25T08:16:40.009007,gateio,0.1465,0.1466,3726.0,686.0
2025-07-25T08:16:40.021293,gateio,0.1465,0.1466,990.0,1522.0
2025-07-25T08:16:40.022404,ascendex,0.0,0.1469,0.0,29396.9
2025-07-25T08:16:40.051192,blofin,0.1464,0.1466,16925.0,19900.0
2025-07-25T08:16:40.078865,gateio,0.1465,0.1466,3117.0,1522.0
2025-07-25T08:16:40.087075,bitget,0.1466,0.1467,261354.0,2176.0
2025-07-25T08:16:40.106952,bybit,0.1465,0.1466,37251.0,52024.0
2025-07-25T08:16:40.130962,gateio,0.1465,0.1466,3117.0,822.0
2025-07-25T08:16:40.207991,bybit,0.1465,0.1466,53251.0,66024.0
2025-07-25T08:16:40.236293,bitget,0.1466,0.1467,113919.0,22458.0
2025-07-25T08:16:40.261174,gateio,0.1465,0.1466,3117.0,686.0
2025-07-25T08:16:40.301218,gateio,0.1465,0.1466,4652.0,686.0
2025-07-25T08:16:40.306963,bybit,0.1465,0.1466,55899.0,33964.0
2025-07-25T08:16:40.323102,bingx,0.14659,0.14663,91.77,82.1
2025-07-25T08:16:40.337642,ascendex,0.0,0.1469,0.0,0.0
2025-07-25T08:16:40.387009,bitget,0.1466,0.1468,123659.0,263055.0
2025-07-25T08:16:40.399839,lbank,0.1464,0.1466,695.99,2862.0
2025-07-25T08:16:40.437522,lbank,0.1464,0.1466,695.99,2862.0
2025-07-25T08:16:40.508032,bybit,0.0,0.1466,0.0,34450.0
2025-07-25T08:16:40.535602,blofin,0.1464,0.1466,16925.0,19900.0
2025-07-25T08:16:40.536330,bitget,0.1466,0.1467,123659.0,2176.0
2025-07-25T08:16:40.573134,gateio,0.1465,0.1466,3253.0,686.0
2025-07-25T08:16:40.658812,bitmart,0.14632,0.14673,4783.0,1.0
2025-07-25T08:16:40.689407,bitget,0.1466,0.1468,271047.0,115667.0
2025-07-25T08:16:40.708898,huobi,0.1464,0.1465,4467.8026,1310.5935
2025-07-25T08:16:40.825694,gateio,0.1465,0.1466,3253.0,4191.0
2025-07-25T08:16:40.835981,bitget,0.1466,0.1468,271047.0,125407.0
2025-07-25T08:16:40.842697,gateio,0.1465,0.1466,3253.0,686.0
2025-07-25T08:16:40.912023,mexc,0.1465,0.1466,37504654.0,37504654.0
2025-07-25T08:16:40.912814,bybit,0.1465,0.1466,54575.0,49862.0
2025-07-25T08:16:40.926876,bingx,0.14659,0.14663,91.77,82.1
2025-07-25T08:16:40.988291,bitget,0.1466,0.1467,261307.0,2176.0
2025-07-25T08:16:41.006729,bybit,0.1465,0.1466,53251.0,52510.0
2025-07-25T08:16:41.008243,huobi,0.1464,0.1465,5439.5446,1310.5935
2025-07-25T08:16:41.048282,blofin,0.1464,0.1466,15941.0,19900.0
2025-07-25T08:16:41.138309,bitget,0.1466,0.1467,113919.0,2176.0
2025-07-25T08:16:41.206963,bybit,0.1465,0.1466,37251.0,74510.0
2025-07-25T08:16:41.228845,bingx,0.14659,0.14663,91.77,82.1
2025-07-25T08:16:41.306601,bybit,0.0,0.1466,0.0,74471.0
2025-07-25T08:16:41.439835,bitget,0.1466,0.1467,113919.0,2176.0
2025-07-25T08:16:41.506958,bybit,0.1465,0.1466,52575.0,68508.0
2025-07-25T08:16:41.548879,blofin,0.1464,0.1466,15941.0,19900.0
2025-07-25T08:16:41.590642,bitget,0.1466,0.1468,113919.0,115667.0
2025-07-25T08:16:41.607217,bybit,0.1465,0.1466,59899.0,65890.0
2025-07-25T08:16:41.617974,bitmart,0.14632,0.14673,4783.0,1.0
2025-07-25T08:16:41.674203,lbank,0.1464,0.1466,695.99,2862.0
2025-07-25T08:16:41.736687,bitget,0.1466,0.1468,113919.0,125407.0
2025-07-25T08:16:41.886928,bitget,0.1466,0.1468,123659.0,125407.0
2025-07-25T08:16:41.909404,huobi,0.1463,0.1465,858.6355,1310.5935
2025-07-25T08:16:41.916263,ascendex,0.0,0.1469,0.0,25862.1
2025-07-25T08:16:42.007584,bybit,0.0,0.1466,0.0,45166.0
2025-07-25T08:16:42.038597,bitget,0.1466,0.1468,123659.0,115667.0
2025-07-25T08:16:42.051673,blofin,0.1464,0.1466,15941.0,19900.0
2025-07-25T08:16:42.124141,bingx,0.14659,0.14663,91.77,82.1
2025-07-25T08:16:42.175294,lbank,0.1464,0.1466,695.99,2862.0
2025-07-25T08:16:42.186988,bitget,0.1466,0.1468,123659.0,115667.0
2025-07-25T08:16:42.207470,bybit,0.1465,0.0,67899.0,0.0
2025-07-25T08:16:42.226074,ascendex,0.0,0.1469,0.0,39172.7
2025-07-25T08:16:42.366724,bitget,0.1466,0.1468,123659.0,115667.0
2025-07-25T08:16:42.491494,bitget,0.1466,0.1468,271017.0,115667.0
2025-07-25T08:16:42.542873,ascendex,0.0,0.1469,0.0,0.0
2025-07-25T08:16:42.547426,blofin,0.1464,0.1466,15378.0,42908.0
2025-07-25T08:16:42.611166,huobi,0.1464,0.1465,923.2733,1310.5935
2025-07-25T08:16:42.641175,bitget,0.1466,0.1468,271017.0,115667.0
2025-07-25T08:16:42.651084,gateio,0.1465,0.1466,4109.0,686.0
2025-07-25T08:16:42.661165,bitmart,0.14632,0.14673,4783.0,1.0
2025-07-25T08:16:42.663191,gateio,0.1465,0.1466,4109.0,1.0
2025-07-25T08:16:42.672461,lbank,0.1464,0.1466,695.99,2862.0
2025-07-25T08:16:42.688835,gateio,0.1465,0.1466,5508.0,1.0
2025-07-25T08:16:42.700984,gateio,0.1465,0.1466,6208.0,1.0
2025-07-25T08:16:42.706690,bybit,0.1465,0.1466,69300.0,29754.0
2025-07-25T08:16:42.729112,bingx,0.14659,0.14663,91.77,82.1
2025-07-25T08:16:42.754991,gateio,0.1465,0.1466,5781.0,1.0
2025-07-25T08:16:42.790869,bitget,0.1467,0.1468,4482.0,115667.0
2025-07-25T08:16:42.909684,gateio,0.1465,0.1466,5781.0,684.0
2025-07-25T08:16:42.939742,bitget,0.1467,0.1468,46778.0,115667.0
2025-07-25T08:16:42.983067,gateio,0.1465,0.1466,4382.0,684.0
2025-07-25T08:16:43.006732,bybit,0.0,0.1466,0.0,43765.0
2025-07-25T08:16:43.030057,gateio,0.1465,0.1466,4383.0,685.0
2025-07-25T08:16:43.054673,blofin,0.1464,0.1466,17219.0,34508.0
2025-07-25T08:16:43.087549,bitget,0.1467,0.1468,44602.0,115667.0
2025-07-25T08:16:43.108557,huobi,0.1464,0.1465,1842.123,1310.5935
2025-07-25T08:16:43.170697,lbank,0.1464,0.1466,695.99,2862.0
2025-07-25T08:16:43.207266,bybit,0.0,0.1466,0.0,51765.0
2025-07-25T08:16:43.237662,bitget,0.1467,0.1468,44602.0,115667.0
2025-07-25T08:16:43.299128,mexc,0.1465,0.1466,37504654.0,37504654.0
2025-07-25T08:16:43.306609,bybit,0.0,0.1466,0.0,43765.0
2025-07-25T08:16:43.331097,bingx,0.14661,0.14664,91.77,82.1
2025-07-25T08:16:43.406827,bybit,0.1465,0.0,74418.0,0.0
2025-07-25T08:16:43.491213,ascendex,0.0,0.152,0.0,27622.9
2025-07-25T08:16:43.537917,bitget,0.1467,0.1468,44602.0,115667.0
2025-07-25T08:16:43.545300,blofin,0.1464,0.1466,17219.0,34508.0
2025-07-25T08:16:43.554244,gateio,0.1465,0.1466,4383.0,2.0
2025-07-25T08:16:43.606602,bybit,0.0,0.1466,0.0,43670.0
2025-07-25T08:16:43.655901,bitmart,0.14632,0.14673,4783.0,1.0
2025-07-25T08:16:43.671260,lbank,0.1464,0.1466,695.99,2862.0
2025-07-25T08:16:43.690450,bitget,0.1467,0.1468,46778.0,115667.0
2025-07-25T08:16:43.824927,gateio,0.1465,0.1466,4383.0,3140.0
2025-07-25T08:16:43.839170,bitget,0.1467,0.1468,46778.0,115667.0
2025-07-25T08:16:43.937983,bingx,0.14662,0.14665,91.77,82.1
2025-07-25T08:16:44.034875,gateio,0.1465,0.1466,4383.0,2.0
2025-07-25T08:16:44.049580,blofin,0.1464,0.1466,17243.0,18448.0
2025-07-25T08:16:44.139378,bitget,0.1467,0.1468,44602.0,115667.0
2025-07-25T08:16:44.167235,gateio,0.1465,0.1466,4383.0,685.0
2025-07-25T08:16:44.171852,lbank,0.1464,0.1466,695.99,2862.0
2025-07-25T08:16:44.207389,bybit,0.0,0.1466,0.0,49670.0
2025-07-25T08:16:44.208511,huobi,0.1464,0.1465,2701.9033,1310.5935
2025-07-25T08:16:44.406918,bybit,0.0,0.1466,0.0,49662.0
2025-07-25T08:16:44.437179,gateio,0.1465,0.1466,4383.0,2.0
2025-07-25T08:16:44.507188,bybit,0.0,0.1466,0.0,43662.0
2025-07-25T08:16:44.508847,huobi,0.1464,0.1465,3686.5465,1310.5935
2025-07-25T08:16:44.532616,bingx,0.14658,0.14666,825.44,1214.99
2025-07-25T08:16:44.551276,blofin,0.1464,0.1466,17243.0,18447.0
2025-07-25T08:16:44.613909,bitmart,0.14632,0.14673,4783.0,1.0
2025-07-25T08:16:44.678925,lbank,0.1464,0.1466,695.99,2862.0
2025-07-25T08:16:44.738761,bitget,0.1467,0.1468,46692.0,115667.0
2025-07-25T08:16:44.839598,bingx,0.14658,0.14666,825.44,1214.99
2025-07-25T08:16:44.892654,bitget,0.1467,0.1468,46692.0,115667.0
2025-07-25T08:16:45.053731,blofin,0.1464,0.1466,17243.0,18447.0
2025-07-25T08:16:45.063766,ascendex,0.0,0.1469,0.0,25663.0
2025-07-25T08:16:45.107349,bybit,0.0,0.1466,0.0,41176.0
2025-07-25T08:16:45.143442,bingx,0.14657,0.14665,1507.63,533.08
2025-07-25T08:16:45.169711,lbank,0.1464,0.1466,695.99,2862.0
2025-07-25T08:16:45.207047,bybit,0.0,0.1466,0.0,51662.0
2025-07-25T08:16:45.259601,huobi,0.1464,0.1465,4573.453,1310.5935
2025-07-25T08:16:45.306611,bybit,0.0,0.1466,0.0,43662.0
2025-07-25T08:16:45.339590,bitget,0.1467,0.1468,46692.0,115667.0
2025-07-25T08:16:45.372427,ascendex,0.0,0.1469,0.0,24480.9
2025-07-25T08:16:45.439916,bingx,0.14658,0.14667,825.46,1214.99
2025-07-25T08:16:45.490751,bitget,0.1467,0.1468,46692.0,115667.0
2025-07-25T08:16:45.549623,blofin,0.1464,0.1466,17243.0,18973.0
2025-07-25T08:16:45.648964,bitmart,0.14632,0.14673,4783.0,1.0
2025-07-25T08:16:45.669929,lbank,0.1464,0.1466,695.99,2862.0
2025-07-25T08:16:45.680949,ascendex,0.0,0.1469,0.0,0.0
2025-07-25T08:16:45.680977,gateio,0.1465,0.1466,6482.0,2.0
2025-07-25T08:16:45.684143,mexc,0.1465,0.1466,37504654.0,37504654.0
2025-07-25T08:16:45.706710,bybit,0.1465,0.1466,89793.0,27165.0
2025-07-25T08:16:45.711749,huobi,0.1464,0.1465,4573.453,1094.5935
2025-07-25T08:16:45.739078,bingx,0.14658,0.14667,825.46,1214.99
2025-07-25T08:16:45.778997,gateio,0.1465,0.1466,5782.0,2.0
2025-07-25T08:16:45.789140,bitget,0.1467,0.1468,60678.0,115667.0
2025-07-25T08:16:45.806727,bybit,0.1465,0.0,75782.0,0.0
2025-07-25T08:16:45.940533,bitget,0.1467,0.1468,60678.0,115667.0
2025-07-25T08:16:45.991112,ascendex,0.0,0.1469,0.0,20610.2
2025-07-25T08:16:46.008004,huobi,0.1464,0.1466,4573.453,10670.8708
2025-07-25T08:16:46.059054,blofin,0.1464,0.1466,17280.0,18868.0
2025-07-25T08:16:46.106855,bybit,0.1465,0.1466,105168.0,14290.0
2025-07-25T08:16:46.171716,lbank,0.1464,0.1466,695.99,2862.0
2025-07-25T08:16:46.207102,bybit,0.1465,0.0,83484.0,0.0
2025-07-25T08:16:46.209261,huobi,0.1464,0.1465,4573.453,216.0
2025-07-25T08:16:46.245916,bitget,0.1467,0.1468,46692.0,115667.0
2025-07-25T08:16:46.301545,ascendex,0.0,0.1469,0.0,2921.9
2025-07-25T08:16:46.306599,bybit,0.1465,0.1466,81438.0,16776.0
2025-07-25T08:16:46.317369,huobi,0.1464,0.1466,5502.0266,10670.8708
2025-07-25T08:16:46.339268,bingx,0.14659,0.14667,1507.63,533.17
2025-07-25T08:16:46.389776,bitget,0.1467,0.1468,46692.0,115667.0
2025-07-25T08:16:46.407075,bybit,0.1465,0.0,80756.0,0.0
2025-07-25T08:16:46.507058,bybit,0.1465,0.0,75638.0,0.0
2025-07-25T08:16:46.540239,bitget,0.1467,0.1468,46692.0,115667.0
2025-07-25T08:16:46.548293,blofin,0.1464,0.1466,17280.0,18868.0
2025-07-25T08:16:46.609641,huobi,0.1464,0.1465,5502.0266,216.0
2025-07-25T08:16:46.624513,ascendex,0.0,0.1469,0.0,19557.4
2025-07-25T08:16:46.660279,bitmart,0.14632,0.14673,4783.0,1.0
2025-07-25T08:16:46.690468,bitget,0.1467,0.1468,46692.0,115667.0
2025-07-25T08:16:46.707096,bybit,0.0,0.1466,0.0,16917.0
2025-07-25T08:16:46.816374,huobi,0.1464,0.1466,5502.0266,10670.8708
2025-07-25T08:16:46.826928,gateio,0.1465,0.1466,5782.0,2562.0
2025-07-25T08:16:46.908727,huobi,0.1463,0.1465,800.0,216.0
2025-07-25T08:16:46.932339,ascendex,0.0,0.1469,0.0,21925.8
2025-07-25T08:16:46.961676,bingx,0.14658,0.14666,1507.63,1214.99
2025-07-25T08:16:47.005514,gateio,0.1465,0.1466,5782.0,2.0
2025-07-25T08:16:47.005560,bitget,0.1467,0.1468,46692.0,115667.0
2025-07-25T08:16:47.063264,blofin,0.1464,0.1466,17280.0,18867.0
2025-07-25T08:16:47.083499,gateio,0.1466,0.1467,683.0,10436.0
2025-07-25T08:16:47.099094,gateio,0.1466,0.1467,2483.0,7009.0
2025-07-25T08:16:47.110271,bybit,0.1465,0.1466,92713.0,13647.0
2025-07-25T08:16:47.111165,huobi,0.1463,0.1466,800.0,10670.8708
2025-07-25T08:16:47.111568,gateio,0.1466,0.1467,2483.0,5825.0
2025-07-25T08:16:47.131332,gateio,0.1466,0.1467,2483.0,5552.0
2025-07-25T08:16:47.144285,gateio,0.1466,0.1467,2483.0,6252.0
2025-07-25T08:16:47.147502,bitget,0.1467,0.1468,56432.0,115667.0
2025-07-25T08:16:47.177889,lbank,0.1464,0.1466,695.99,2862.0
2025-07-25T08:16:47.209010,bybit,0.1465,0.0,94072.0,0.0
2025-07-25T08:16:47.251155,ascendex,0.0,0.1469,0.0,0.0
2025-07-25T08:16:47.296061,bitget,0.1467,0.1468,56432.0,115667.0
2025-07-25T08:16:47.306890,bybit,0.0,0.1466,0.0,8451.0
2025-07-25T08:16:47.310166,gateio,0.1466,0.1467,2483.0,5552.0
2025-07-25T08:16:47.314091,huobi,0.1463,0.1466,4868.1,10670.8708
2025-07-25T08:16:47.411987,huobi,0.1464,0.1466,849.3186,10670.8708
2025-07-25T08:16:47.440265,bitget,0.1467,0.1468,56432.0,115667.0
2025-07-25T08:16:47.541089,gateio,0.1466,0.1467,2483.0,5403.0
2025-07-25T08:16:47.541115,blofin,0.1464,0.1466,18504.0,19128.0
2025-07-25T08:16:47.543953,bingx,0.1466,0.14668,1507.63,1214.99
2025-07-25T08:16:47.591668,bitget,0.1467,0.1468,69416.0,26313.0
2025-07-25T08:16:47.594662,gateio,0.1466,0.1467,2483.0,4004.0
2025-07-25T08:16:47.606077,gateio,0.1466,0.1467,4904.0,1566.0
2025-07-25T08:16:47.606876,bybit,0.1466,0.1467,74210.0,56145.0
2025-07-25T08:16:47.614045,huobi,0.1464,0.1466,849.3186,7419.3753
2025-07-25T08:16:47.620382,gateio,0.1466,0.1467,5040.0,1566.0
2025-07-25T08:16:47.642919,bitmart,0.14636,0.14673,125239.0,1.0
2025-07-25T08:16:47.668993,lbank,0.1464,0.1466,695.99,2862.0
2025-07-25T08:16:47.706962,bybit,0.1466,0.1467,72167.0,56110.0
2025-07-25T08:16:47.714702,huobi,0.1464,0.1466,849.3186,3321.9753
2025-07-25T08:16:47.740503,bitget,0.1467,0.1469,79156.0,79318.0
2025-07-25T08:16:47.806604,bybit,0.1466,0.1467,25049.0,68785.0
2025-07-25T08:16:47.868725,gateio,0.1466,0.1467,4904.0,1566.0
2025-07-25T08:16:47.881767,ascendex,0.1464,0.1467,102482.3,0.0
2025-07-25T08:16:47.891826,bitget,0.1467,0.1468,79156.0,16076.0
2025-07-25T08:16:47.906825,bybit,0.1466,0.1467,16237.0,72846.0
2025-07-25T08:16:48.038266,blofin,0.1464,0.1466,18504.0,19128.0
2025-07-25T08:16:48.043505,bitget,0.1467,0.1468,79156.0,58372.0
2025-07-25T08:16:48.051715,mexc,0.1466,0.1467,37505890.0,37505890.0
2025-07-25T08:16:48.104944,gateio,0.1466,0.1467,5704.0,1702.0
2025-07-25T08:16:48.106467,bybit,0.1466,0.0,34659.0,0.0
2025-07-25T08:16:48.121057,gateio,0.1466,0.1467,5704.0,2402.0
2025-07-25T08:16:48.149724,gateio,0.1466,0.1467,5704.0,1702.0
2025-07-25T08:16:48.153075,bingx,0.14663,0.14672,825.69,1214.99
2025-07-25T08:16:48.185611,lbank,0.1464,0.1466,695.99,2862.0
2025-07-25T08:16:48.191881,ascendex,0.1464,0.147,102482.3,186692.6
2025-07-25T08:16:48.194560,bitget,0.1467,0.1468,70964.0,6296.0
2025-07-25T08:16:48.195317,gateio,0.1466,0.1467,5704.0,1566.0
2025-07-25T08:16:48.207313,bybit,0.1466,0.1467,50659.0,86846.0
2025-07-25T08:16:48.307076,bybit,0.1466,0.1467,53307.0,56099.0
2025-07-25T08:16:48.322354,gateio,0.1466,0.1467,7239.0,1566.0
2025-07-25T08:16:48.342065,bitget,0.1467,0.1468,70964.0,8386.0
2025-07-25T08:16:48.367456,gateio,0.1466,0.1467,7239.0,751.0
2025-07-25T08:16:48.406435,bybit,0.0,0.1467,0.0,42099.0
2025-07-25T08:16:48.450496,bingx,0.14664,0.14673,825.74,1214.99
2025-07-25T08:16:48.491203,bitget,0.1467,0.1469,80704.0,262634.0
2025-07-25T08:16:48.503567,ascendex,0.1464,0.0,102482.3,0.0
2025-07-25T08:16:48.512723,huobi,0.1465,0.1466,872.4438,3321.9753
2025-07-25T08:16:48.519286,gateio,0.1466,0.1467,5840.0,751.0
2025-07-25T08:16:48.530482,blofin,0.1465,0.1466,40205.0,8.0
2025-07-25T08:16:48.606622,bybit,0.0,0.1467,0.0,34872.0
2025-07-25T08:16:48.641120,bitget,0.1467,0.1469,228020.0,115318.0
2025-07-25T08:16:48.655841,bitmart,0.14641,0.14673,102520.0,1.0
2025-07-25T08:16:48.657147,gateio,0.1466,0.1467,5840.0,36.0
2025-07-25T08:16:48.680022,lbank,0.1464,0.1466,695.99,2862.0
2025-07-25T08:16:48.707132,bybit,0.1466,0.1467,58422.0,32135.0
2025-07-25T08:16:48.792175,bitget,0.1468,0.1469,2090.0,115318.0
2025-07-25T08:16:48.808831,gateio,0.1466,0.1467,5840.0,719.0
2025-07-25T08:16:48.822612,ascendex,0.1464,0.147,102482.3,224784.5
2025-07-25T08:16:48.836956,gateio,0.1466,0.1467,5840.0,36.0
2025-07-25T08:16:48.943969,bitget,0.1468,0.1469,36000.0,115318.0
2025-07-25T08:16:48.957634,gateio,0.1466,0.1467,5840.0,28.0
2025-07-25T08:16:48.980908,gateio,0.1467,0.1468,22.0,8378.0
2025-07-25T08:16:48.991237,gateio,0.1467,0.1468,1422.0,8378.0
2025-07-25T08:16:49.007311,bybit,0.1466,0.1467,59823.0,6275.0
2025-07-25T08:16:49.011574,huobi,0.1465,0.1466,872.4438,3105.9753
2025-07-25T08:16:49.070644,blofin,0.1465,0.1466,17192.0,4.0
2025-07-25T08:16:49.089295,gateio,0.1467,0.1468,1422.0,7678.0
2025-07-25T08:16:49.093461,bitget,0.1468,0.1469,44386.0,115318.0
2025-07-25T08:16:49.107372,bybit,0.1466,0.0,113391.0,0.0
2025-07-25T08:16:49.147700,ascendex,0.1464,0.0,102482.3,0.0
2025-07-25T08:16:49.187181,gateio,0.1467,0.1468,1422.0,6507.0
2025-07-25T08:16:49.210228,bybit,0.0,0.1467,0.0,6223.0
2025-07-25T08:16:49.222518,gateio,0.1467,0.1468,1422.0,6234.0
2025-07-25T08:16:49.243029,bitget,0.1468,0.1469,58372.0,115318.0
2025-07-25T08:16:49.302982,gateio,0.1467,0.1468,1422.0,6130.0
2025-07-25T08:16:49.308018,bybit,0.1467,0.1468,31725.0,140287.0
2025-07-25T08:16:49.313258,huobi,0.1465,0.1466,1729.7872,3105.9753
2025-07-25T08:16:49.314760,gateio,0.1467,0.1468,1422.0,4699.0
2025-07-25T08:16:49.348136,bingx,0.14666,0.14675,1507.63,1523.96
2025-07-25T08:16:49.394912,bitget,0.1468,0.1469,76850.0,12319.0
2025-07-25T08:16:49.407049,bybit,0.1467,0.1468,27494.0,126957.0
2025-07-25T08:16:49.463335,ascendex,0.1464,0.1465,68329.3,2856.2
2025-07-25T08:16:49.541856,bitget,0.1468,0.1469,123218.0,2104.0
2025-07-25T08:16:49.559804,blofin,0.1465,0.1466,17192.0,4.0
2025-07-25T08:16:49.577058,gateio,0.1467,0.1468,1422.0,2278.0
2025-07-25T08:16:49.607028,bybit,0.0,0.1468,0.0,120774.0
2025-07-25T08:16:49.637886,gateio,0.1467,0.1468,1422.0,1463.0
2025-07-25T08:16:49.642183,bitmart,0.14651,0.14673,109890.0,1.0
2025-07-25T08:16:49.659609,bingx,0.14668,0.14676,1507.63,1214.99
2025-07-25T08:16:49.661760,gateio,0.1467,0.1468,1422.0,979.0
2025-07-25T08:16:49.695135,bitget,0.1468,0.1469,123218.0,6296.0
2025-07-25T08:16:49.706543,bybit,0.1467,0.1468,30142.0,117203.0
2025-07-25T08:16:49.782473,ascendex,0.1466,0.1465,34129.7,0.0
2025-07-25T08:16:49.807588,bybit,0.1467,0.0,29338.0,0.0
2025-07-25T08:16:49.826974,gateio,0.1467,0.1468,1422.0,4296.0
2025-07-25T08:16:49.840771,gateio,0.1467,0.1468,1422.0,979.0
2025-07-25T08:16:49.844071,bitget,0.1468,0.147,123218.0,238508.0
2025-07-25T08:16:49.907364,bybit,0.0,0.0,0.0,0.0
2025-07-25T08:16:49.962433,bingx,0.14671,0.1468,1507.63,1214.99
2025-07-25T08:16:49.992420,bitget,0.1468,0.147,123218.0,229770.0
2025-07-25T08:16:50.008417,huobi,0.1465,0.1466,2607.3526,3105.9753
2025-07-25T08:16:50.019027,gateio,0.1467,0.1468,2622.0,979.0
2025-07-25T08:16:50.049975,blofin,0.1465,0.1466,60741.0,4.0
2025-07-25T08:16:50.104557,ascendex,0.1456,0.0,15881.3,0.0
2025-07-25T08:16:50.107651,bybit,0.1467,0.1468,34050.0,131103.0
2025-07-25T08:16:50.142816,bitget,0.1468,0.1469,76850.0,2090.0
2025-07-25T08:16:50.190695,gateio,0.1467,0.1468,2622.0,272.0
2025-07-25T08:16:50.200711,gateio,0.1468,0.1469,1156.0,1771.0
2025-07-25T08:16:50.206929,bybit,0.1467,0.1468,96999.0,89767.0
2025-07-25T08:16:50.211632,gateio,0.1468,0.1469,1156.0,3110.0
2025-07-25T08:16:50.219695,huobi,0.1465,0.1466,2607.3526,776.4938
2025-07-25T08:16:50.222679,gateio,0.1468,0.1469,97.0,3110.0
2025-07-25T08:16:50.234729,gateio,0.1468,0.1469,97.0,5209.0
2025-07-25T08:16:50.246714,gateio,0.1468,0.1469,97.0,2974.0
2025-07-25T08:16:50.256695,gateio,0.1468,0.1469,780.0,2974.0
2025-07-25T08:16:50.268593,gateio,0.1468,0.1469,780.0,1803.0
2025-07-25T08:16:50.281040,lbank,0.1464,0.1466,695.99,2862.0
2025-07-25T08:16:50.292437,bitget,0.1469,0.147,2090.0,35745.0
2025-07-25T08:16:50.304891,gateio,0.1468,0.1469,780.0,3810.0
2025-07-25T08:16:50.306469,bybit,0.1467,0.1468,84543.0,38431.0
2025-07-25T08:16:50.309866,huobi,0.1465,0.1468,3514.4341,516.0
2025-07-25T08:16:50.352940,gateio,0.1468,0.1469,780.0,6230.0
2025-07-25T08:16:50.389108,gateio,0.1468,0.1469,780.0,7629.0
2025-07-25T08:16:50.404625,gateio,0.1468,0.1469,97.0,7629.0
2025-07-25T08:16:50.406850,bybit,0.1467,0.0,56537.0,0.0
2025-07-25T08:16:50.408738,huobi,0.1465,0.1468,3514.4341,4583.3
2025-07-25T08:16:50.421514,ascendex,0.0,0.1479,0.0,24268.5
2025-07-25T08:16:50.429729,mexc,0.1466,0.1467,37505890.0,37505890.0
2025-07-25T08:16:50.444472,bitget,0.1469,0.147,60768.0,35745.0
2025-07-25T08:16:50.510221,huobi,0.1465,0.1467,3514.4341,216.0
2025-07-25T08:16:50.540887,blofin,0.1466,0.1468,4801.0,50202.0
2025-07-25T08:16:50.549400,gateio,0.1468,0.1469,97.0,7902.0
2025-07-25T08:16:50.553074,bingx,0.14672,0.1468,1507.63,1214.99
2025-07-25T08:16:50.607060,bybit,0.1467,0.0,55136.0,0.0
2025-07-25T08:16:50.618999,bitget,0.1469,0.147,46782.0,25877.0
2025-07-25T08:16:50.669579,lbank,0.1467,0.1468,5094.07,2862.0
2025-07-25T08:16:50.679344,bitmart,0.14652,0.14673,4777.0,1.0
2025-07-25T08:16:50.742891,bitget,0.1469,0.147,46782.0,25877.0
2025-07-25T08:16:50.743621,ascendex,0.1461,0.1474,1665.4,23498.8
2025-07-25T08:16:50.807194,bybit,0.1467,0.0,84559.0,0.0
2025-07-25T08:16:50.819945,gateio,0.1468,0.1469,780.0,7902.0
2025-07-25T08:16:50.834302,gateio,0.1468,0.1469,780.0,7321.0
2025-07-25T08:16:50.852523,bingx,0.14676,0.14684,1539.04,1214.99
2025-07-25T08:16:50.866731,gateio,0.1468,0.1469,780.0,5922.0
2025-07-25T08:16:50.892670,bitget,0.1469,0.147,70508.0,57536.0
2025-07-25T08:16:50.907127,bybit,0.1467,0.0,70548.0,0.0
2025-07-25T08:16:50.912351,huobi,0.1465,0.1468,3514.4341,5677.8935
2025-07-25T08:16:50.945944,gateio,0.1468,0.1469,780.0,5877.0
2025-07-25T08:16:50.945982,gateio,0.1468,0.1469,97.0,5877.0
2025-07-25T08:16:50.973491,gateio,0.1468,0.1469,97.0,6877.0
2025-07-25T08:16:51.041694,gateio,0.1468,0.1469,780.0,6877.0
2025-07-25T08:16:51.046431,gateio,0.1468,0.1469,780.0,5877.0
2025-07-25T08:16:51.052583,blofin,0.1466,0.1468,4801.0,50202.0
2025-07-25T08:16:51.106950,bybit,0.1467,0.0,84548.0,0.0
2025-07-25T08:16:51.154158,bingx,0.14676,0.14684,1539.04,1214.99
2025-07-25T08:16:51.179756,lbank,0.1467,0.1468,5094.07,2862.0
2025-07-25T08:16:51.193154,gateio,0.1468,0.1469,97.0,5877.0
2025-07-25T08:16:51.193871,bitget,0.1469,0.147,70508.0,57536.0
2025-07-25T08:16:51.208814,gateio,0.1468,0.1469,97.0,6577.0
2025-07-25T08:16:51.309101,huobi,0.1465,0.1467,3514.4341,216.0
2025-07-25T08:16:51.336933,gateio,0.1468,0.1469,97.0,7777.0
2025-07-25T08:16:51.343291,bitget,0.1469,0.147,70508.0,57536.0
2025-07-25T08:16:51.386152,ascendex,0.0,0.1473,0.0,193505.5
2025-07-25T08:16:51.406624,bybit,0.1467,0.1468,66488.0,69178.0
2025-07-25T08:16:51.428778,gateio,0.1468,0.1469,97.0,8050.0
2025-07-25T08:16:51.458328,bingx,0.14678,0.14687,1507.63,1214.99
2025-07-25T08:16:51.488892,gateio,0.1467,0.1469,6699.0,8050.0
2025-07-25T08:16:51.492696,bitget,0.1469,0.147,46782.0,57877.0
2025-07-25T08:16:51.499009,gateio,0.1467,0.1468,4235.0,683.0
2025-07-25T08:16:51.506468,bybit,0.0,0.1468,0.0,42480.0
2025-07-25T08:16:51.510496,huobi,0.1466,0.1467,893.8425,216.0
2025-07-25T08:16:51.548813,blofin,0.1466,0.1468,50498.0,14414.0
2025-07-25T08:16:51.606468,bybit,0.1467,0.1468,69136.0,39832.0
2025-07-25T08:16:51.609407,bitmart,0.14652,0.14673,4777.0,1.0
2025-07-25T08:16:51.640366,gateio,0.1467,0.1468,5286.0,683.0
2025-07-25T08:16:51.645527,bitget,0.1469,0.147,2090.0,66615.0
2025-07-25T08:16:51.670187,lbank,0.1467,0.1468,5094.07,2862.0
2025-07-25T08:16:51.704965,ascendex,0.1452,0.1473,0.0,235726.7
2025-07-25T08:16:51.725185,gateio,0.1467,0.1469,5286.0,13556.0
2025-07-25T08:16:51.759616,bingx,0.1468,0.14688,1507.63,1214.99
2025-07-25T08:16:51.793083,bitget,0.1469,0.147,38090.0,77824.0
2025-07-25T08:16:51.906767,bybit,0.0,0.1468,0.0,33256.0
2025-07-25T08:16:51.908967,huobi,0.1464,0.1467,800.0,216.0
2025-07-25T08:16:51.943259,bitget,0.1469,0.147,46692.0,68084.0
2025-07-25T08:16:51.945000,gateio,0.1467,0.1469,8429.0,14356.0
2025-07-25T08:16:52.007039,bybit,0.1467,0.1468,85910.0,8580.0
2025-07-25T08:16:52.012891,ascendex,0.0,0.1473,0.0,235546.3
2025-07-25T08:16:52.037004,gateio,0.1467,0.1469,8429.0,13556.0
2025-07-25T08:16:52.051551,blofin,0.1466,0.1468,50496.0,14412.0
2025-07-25T08:16:52.055849,bingx,0.14676,0.14684,1533.9499999999998,1214.99
2025-07-25T08:16:52.072895,gateio,0.1467,0.1469,9129.0,12856.0
2025-07-25T08:16:52.096591,bitget,0.1469,0.147,46692.0,68081.0
2025-07-25T08:16:52.098547,gateio,0.1467,0.1469,9129.0,9984.0
2025-07-25T08:16:52.106886,bybit,0.1467,0.1468,99921.0,5593.0
2025-07-25T08:16:52.108691,huobi,0.1465,0.1467,1949.29,216.0
2025-07-25T08:16:52.153091,gateio,0.1467,0.1469,9129.0,9972.0
2025-07-25T08:16:52.176190,lbank,0.1467,0.1468,5094.07,2862.0
2025-07-25T08:16:52.211182,gateio,0.1467,0.1469,9129.0,10672.0
2025-07-25T08:16:52.247280,bitget,0.1469,0.147,70418.0,57536.0
2025-07-25T08:16:52.272823,gateio,0.1467,0.1469,9129.0,12071.0
2025-07-25T08:16:52.334965,gateio,0.1468,0.1469,683.0,12071.0
2025-07-25T08:16:52.351746,gateio,0.1468,0.1469,3283.0,7049.0
2025-07-25T08:16:52.397931,bitget,0.1469,0.147,70418.0,57536.0
2025-07-25T08:16:52.399132,gateio,0.1468,0.1469,3283.0,6565.0
2025-07-25T08:16:52.414644,huobi,0.1465,0.1468,1949.29,5477.8935
2025-07-25T08:16:52.502769,gateio,0.1468,0.1469,2600.0,6565.0
2025-07-25T08:16:52.511683,huobi,0.1465,0.1468,1949.29,5377.8935
2025-07-25T08:16:52.520497,gateio,0.1467,0.1469,9129.0,7049.0
2025-07-25T08:16:52.534993,gateio,0.1467,0.1469,9129.0,11305.0
2025-07-25T08:16:52.544990,bitget,0.1469,0.147,70418.0,57536.0
2025-07-25T08:16:52.551881,blofin,0.1466,0.1468,45353.0,70.0
2025-07-25T08:16:52.608539,gateio,0.1467,0.1469,9129.0,11337.0
2025-07-25T08:16:52.627260,huobi,0.1466,0.1468,980.4305,5377.8935
2025-07-25T08:16:52.632407,bitmart,0.14652,0.14673,4777.0,1.0
2025-07-25T08:16:52.633163,gateio,0.1468,0.1469,2200.0,7049.0
2025-07-25T08:16:52.672523,gateio,0.1468,0.1469,2200.0,5865.0
2025-07-25T08:16:52.673850,lbank,0.1467,0.1468,5094.07,2862.0
2025-07-25T08:16:52.677328,bingx,0.14678,0.14686,1507.63,1214.99
2025-07-25T08:16:52.699710,bitget,0.1469,0.147,116771.0,57536.0
2025-07-25T08:16:52.706822,bybit,0.1467,0.1468,99905.0,5685.0
2025-07-25T08:16:52.790486,mexc,0.1468,0.1469,37505890.0,37505890.0
2025-07-25T08:16:52.827696,gateio,0.1468,0.1469,2200.0,8909.0
2025-07-25T08:16:52.837856,gateio,0.1468,0.1469,2200.0,5865.0
2025-07-25T08:16:52.847623,bitget,0.1469,0.147,107031.0,57536.0
2025-07-25T08:16:52.994050,bitget,0.1469,0.147,107031.0,57536.0
2025-07-25T08:16:53.001800,gateio,0.1468,0.1469,2900.0,4298.0
2025-07-25T08:16:53.006576,bybit,0.1467,0.1468,122162.0,4420.0
2025-07-25T08:16:53.010200,huobi,0.1466,0.1468,980.4305,4283.3
2025-07-25T08:16:53.015273,gateio,0.1468,0.1469,2201.0,4298.0
2025-07-25T08:16:53.046046,blofin,0.1466,0.1468,45353.0,70.0
2025-07-25T08:16:53.098803,gateio,0.1468,0.1469,3736.0,1612.0
2025-07-25T08:16:53.106922,bybit,0.1468,0.1469,30621.0,78613.0
2025-07-25T08:16:53.113552,huobi,0.1466,0.1468,980.4305,216.0
2025-07-25T08:16:53.144991,gateio,0.1468,0.1469,2337.0,1612.0
2025-07-25T08:16:53.152292,bitget,0.1469,0.147,125509.0,37254.0
2025-07-25T08:16:53.171677,lbank,0.1467,0.1468,5094.07,2862.0
2025-07-25T08:16:53.198684,gateio,0.1468,0.1469,2337.0,1493.0
2025-07-25T08:16:53.207112,bybit,0.1468,0.1469,4005.0,97442.0
2025-07-25T08:16:53.226537,gateio,0.1468,0.1469,2201.0,1493.0
2025-07-25T08:16:53.263618,ascendex,0.1466,0.1469,102342.5,0.0
2025-07-25T08:16:53.268181,bingx,0.1468,0.14689,1507.63,1214.99
2025-07-25T08:16:53.294693,bitget,0.1469,0.147,125509.0,2106.0
2025-07-25T08:16:53.306753,bybit,0.1468,0.1469,22427.0,96761.0
2025-07-25T08:16:53.312485,gateio,0.1468,0.1469,3600.0,2664.0
2025-07-25T08:16:53.406572,bybit,0.1468,0.0,29282.0,0.0
2025-07-25T08:16:53.408597,huobi,0.1467,0.1468,852.5307,216.0
2025-07-25T08:16:53.411215,gateio,0.1468,0.1469,3600.0,1493.0
2025-07-25T08:16:53.444493,bitget,0.1469,0.147,125509.0,8402.0
2025-07-25T08:16:53.506531,bybit,0.0,0.1469,0.0,81426.0
2025-07-25T08:16:53.547859,blofin,0.1467,0.1468,46199.0,3.0
2025-07-25T08:16:53.571958,ascendex,0.1466,0.1478,102342.5,23951.2
2025-07-25T08:16:53.573561,bingx,0.14684,0.14692,1507.63,1214.99
2025-07-25T08:16:53.595244,bitget,0.1469,0.147,125509.0,6296.0
2025-07-25T08:16:53.607592,bybit,0.1468,0.1469,31930.0,56130.0
2025-07-25T08:16:53.667926,bitmart,0.14661,0.14673,129203.0,1.0
2025-07-25T08:16:53.673208,lbank,0.1467,0.1468,5094.07,2862.0
2025-07-25T08:16:53.750608,bitget,0.1469,0.1471,125509.0,226579.0
2025-07-25T08:16:53.809697,bybit,0.0,0.0,0.0,0.0
2025-07-25T08:16:53.860760,bingx,0.14685,0.14694,826.71,1214.99
2025-07-25T08:16:53.892736,ascendex,0.1466,0.0,102342.5,0.0
2025-07-25T08:16:53.894763,bitget,0.1469,0.1471,125509.0,79307.0
2025-07-25T08:16:53.906561,bybit,0.1468,0.0,30606.0,0.0
2025-07-25T08:16:53.922807,gateio,0.1468,0.1469,4000.0,1493.0
2025-07-25T08:16:53.960930,gateio,0.1468,0.1469,4000.0,795.0
2025-07-25T08:16:54.006887,bybit,0.1468,0.1469,31930.0,52346.0
2025-07-25T08:16:54.008609,gateio,0.1468,0.1469,4136.0,795.0
2025-07-25T08:16:54.050615,bitget,0.147,0.1471,2159.0,79307.0
2025-07-25T08:16:54.069286,blofin,0.1467,0.1468,46199.0,3.0
2025-07-25T08:16:54.106869,bybit,0.1468,0.1469,51930.0,47324.0
2025-07-25T08:16:54.111958,huobi,0.1467,0.1468,1839.8322,216.0
2025-07-25T08:16:54.175811,lbank,0.1465,0.1468,391.47,2862.0
2025-07-25T08:16:54.194412,bitget,0.147,0.1471,36000.0,79307.0
2025-07-25T08:16:54.201777,ascendex,0.1466,0.1468,102342.5,42545.9
2025-07-25T08:16:54.206591,bybit,0.1468,0.1469,50606.0,40748.0
2025-07-25T08:16:54.307348,bybit,0.1468,0.1469,51930.0,38011.0
2025-07-25T08:16:54.344837,bitget,0.147,0.1471,38159.0,79307.0
2025-07-25T08:16:54.407131,bybit,0.1468,0.1469,50606.0,38691.0
2025-07-25T08:16:54.494575,bitget,0.147,0.1471,38159.0,79307.0
2025-07-25T08:16:54.507739,bybit,0.1468,0.0,51930.0,0.0
2025-07-25T08:16:54.522276,ascendex,0.1466,0.0,102342.5,0.0
2025-07-25T08:16:54.533244,blofin,0.1467,0.1469,1890.0,47750.0
2025-07-25T08:16:54.606577,bybit,0.0,0.1469,0.0,37290.0
2025-07-25T08:16:54.618759,gateio,0.1468,0.1469,4409.0,795.0
2025-07-25T08:16:54.642808,bitmart,0.14661,0.14673,116568.0,1.0
2025-07-25T08:16:54.646715,bitget,0.147,0.1471,44455.0,79307.0
2025-07-25T08:16:54.670495,lbank,0.1465,0.1468,391.47,2862.0
2025-07-25T08:16:54.706971,bybit,0.1468,0.0,31930.0,0.0
2025-07-25T08:16:54.709755,huobi,0.1467,0.1468,2776.5489,216.0
2025-07-25T08:16:54.762815,bingx,0.14685,0.14694,826.71,1214.99
2025-07-25T08:16:54.798502,bitget,0.147,0.1471,44455.0,115307.0
2025-07-25T08:16:54.806825,bybit,0.1468,0.1469,30606.0,47093.0
2025-07-25T08:16:54.841352,ascendex,0.1466,0.0,102342.5,0.0
2025-07-25T08:16:54.907202,bybit,0.1468,0.1469,31930.0,46449.0
2025-07-25T08:16:54.945305,bitget,0.147,0.1471,38159.0,115307.0
2025-07-25T08:16:55.056022,blofin,0.1467,0.1469,15034.0,29840.0
2025-07-25T08:16:55.067583,bingx,0.14685,0.14696,1360.7800000000002,1214.99
2025-07-25T08:16:55.089034,gateio,0.1468,0.1469,3010.0,795.0
2025-07-25T08:16:55.095434,bitget,0.147,0.1471,36000.0,115307.0
2025-07-25T08:16:55.106451,bybit,0.1468,0.1469,29282.0,77119.0
2025-07-25T08:16:55.119602,gateio,0.1468,0.1469,2874.0,795.0
2025-07-25T08:16:55.158547,ascendex,0.1466,0.0,102342.5,0.0
2025-07-25T08:16:55.170860,lbank,0.1465,0.1468,391.47,2862.0
2025-07-25T08:16:55.194953,gateio,0.1468,0.1469,4409.0,795.0
2025-07-25T08:16:55.206625,bybit,0.1468,0.1469,22427.0,46449.0
2025-07-25T08:16:55.215555,mexc,0.1468,0.1469,37505890.0,37505890.0
2025-07-25T08:16:55.247960,bitget,0.147,0.1471,36000.0,115307.0
2025-07-25T08:16:55.307155,bybit,0.1468,0.0,25075.0,0.0
2025-07-25T08:16:55.369556,bingx,0.14685,0.14694,1360.74,1214.99
2025-07-25T08:16:55.394847,bitget,0.147,0.1471,39148.0,115307.0
2025-07-25T08:16:55.411127,huobi,0.1467,0.1468,3723.7613,216.0
2025-07-25T08:16:55.472859,ascendex,0.1466,0.0,68236.1,0.0
2025-07-25T08:16:55.546399,bitget,0.147,0.1471,39148.0,115307.0
2025-07-25T08:16:55.556699,blofin,0.1467,0.1469,15035.0,29840.0
2025-07-25T08:16:55.634582,bitmart,0.14661,0.14673,112816.0,1.0
2025-07-25T08:16:55.669280,bingx,0.14684,0.14694,1214.99,1214.99
2025-07-25T08:16:55.673222,lbank,0.1465,0.1468,391.47,2862.0
2025-07-25T08:16:55.707817,huobi,0.1467,0.1468,4649.8301,216.0
2025-07-25T08:16:55.782509,ascendex,0.1466,0.0,102342.5,0.0
2025-07-25T08:16:55.807172,bybit,0.0,0.1469,0.0,39371.0
2025-07-25T08:16:55.826710,gateio,0.1468,0.1469,4409.0,3839.0
2025-07-25T08:16:55.851452,bitget,0.147,0.1471,39148.0,115307.0
2025-07-25T08:16:55.900863,gateio,0.1468,0.1469,4409.0,795.0
2025-07-25T08:16:55.906669,bybit,0.0,0.0,0.0,0.0
2025-07-25T08:16:56.049602,blofin,0.1467,0.1469,15035.0,29840.0
2025-07-25T08:16:56.101197,ascendex,0.1466,0.1468,68236.1,0.0
2025-07-25T08:16:56.106854,bybit,0.1468,0.1469,51075.0,38691.0
2025-07-25T08:16:56.114879,gateio,0.1468,0.1469,4409.0,19.0
2025-07-25T08:16:56.136542,gateio,0.1468,0.1469,4409.0,702.0
2025-07-25T08:16:56.152552,bitget,0.147,0.1471,39148.0,115307.0
2025-07-25T08:16:56.171620,lbank,0.1465,0.1468,391.47,2862.0
2025-07-25T08:16:56.212148,huobi,0.1467,0.1468,5623.6124,216.0
2025-07-25T08:16:56.278366,bingx,0.14684,0.14694,1214.99,1214.99
2025-07-25T08:16:56.296713,bitget,0.147,0.1471,42296.0,115307.0
2025-07-25T08:16:56.306525,bybit,0.0,0.1469,0.0,26931.0
2025-07-25T08:16:56.306744,gateio,0.1468,0.1469,4409.0,19.0
2025-07-25T08:16:56.406443,bybit,0.0,0.1469,0.0,25530.0
2025-07-25T08:16:56.421352,ascendex,0.1466,0.147,68236.1,85005.1
2025-07-25T08:16:56.445638,bitget,0.147,0.1471,44455.0,115307.0
2025-07-25T08:16:56.509957,bybit,0.0,0.1469,0.0,24850.0
2025-07-25T08:16:56.540085,blofin,0.1467,0.1469,16868.0,22609.0
2025-07-25T08:16:56.595679,bitmart,0.14661,0.14673,192517.0,1.0
2025-07-25T08:16:56.597076,bitget,0.147,0.1471,44455.0,115307.0
2025-07-25T08:16:56.668487,lbank,0.1465,0.1468,391.47,2862.0
2025-07-25T08:16:56.732742,ascendex,0.1466,0.0,68236.1,0.0
2025-07-25T08:16:56.746895,bitget,0.147,0.1471,44455.0,115307.0
2025-07-25T08:16:56.810081,huobi,0.1467,0.1469,5623.6124,5376.5935
2025-07-25T08:16:56.875447,bingx,0.14686,0.14696,1214.99,1214.99
2025-07-25T08:16:56.909260,huobi,0.1465,0.1468,4866.0,216.0
2025-07-25T08:16:57.044821,blofin,0.1467,0.1469,16800.0,22040.0
2025-07-25T08:16:57.055912,ascendex,0.1466,0.1472,68236.1,120426.7
2025-07-25T08:16:57.058825,gateio,0.1468,0.1469,4136.0,19.0
2025-07-25T08:16:57.094726,gateio,0.1468,0.1469,4136.0,702.0
2025-07-25T08:16:57.106904,bybit,0.0,0.1469,0.0,42850.0
2025-07-25T08:16:57.108332,huobi,0.1466,0.1468,1949.29,216.0
2025-07-25T08:16:57.184108,bingx,0.14686,0.14697,1068.22,534.54
2025-07-25T08:16:57.199814,gateio,0.1468,0.1469,4949.0,702.0
2025-07-25T08:16:57.208390,bybit,0.1468,0.1469,58485.0,5905.0
2025-07-25T08:16:57.212629,gateio,0.1468,0.1469,4949.0,11.0
2025-07-25T08:16:57.231342,gateio,0.1469,0.147,331.0,9271.0
2025-07-25T08:16:57.239281,gateio,0.1469,0.147,1531.0,7454.0
2025-07-25T08:16:57.253308,huobi,0.1467,0.1468,886.2211,216.0
2025-07-25T08:16:57.269381,gateio,0.1469,0.147,1531.0,6055.0
2025-07-25T08:16:57.278974,lbank,0.1465,0.1466,391.47,485.19
2025-07-25T08:16:57.306769,bybit,0.1468,0.1469,90757.0,2851.0
2025-07-25T08:16:57.314447,huobi,0.1467,0.1469,886.2211,5376.5935
2025-07-25T08:16:57.331944,gateio,0.1469,0.147,1531.0,7454.0
2025-07-25T08:16:57.351643,bitget,0.147,0.1471,44455.0,115307.0
2025-07-25T08:16:57.363666,ascendex,0.1466,0.0,68236.1,0.0
2025-07-25T08:16:57.406952,bybit,0.0,0.0,0.0,0.0
2025-07-25T08:16:57.415250,gateio,0.1469,0.147,1531.0,7727.0
2025-07-25T08:16:57.476742,bingx,0.14685,0.14695,1214.99,1214.99
2025-07-25T08:16:57.497444,bitget,0.147,0.1471,68181.0,115307.0
2025-07-25T08:16:57.506944,bybit,0.1468,0.0,104768.0,0.0
2025-07-25T08:16:57.528556,gateio,0.1469,0.147,1531.0,7027.0
2025-07-25T08:16:57.541088,blofin,0.1467,0.1469,16800.0,22040.0
2025-07-25T08:16:57.607266,mexc,0.1468,0.1469,37505890.0,37505890.0
2025-07-25T08:16:57.641342,bitmart,0.14661,0.14673,221404.0,1.0
2025-07-25T08:16:57.651134,bitget,0.147,0.1471,68181.0,115307.0
2025-07-25T08:16:57.674074,lbank,0.1465,0.1468,391.47,2862.0
2025-07-25T08:16:57.679118,ascendex,0.1466,0.1471,102342.5,48870.7
2025-07-25T08:16:57.706853,bybit,0.0,0.0,0.0,0.0
2025-07-25T08:16:57.785984,bingx,0.14687,0.14697,1214.99,1214.9899999999998
2025-07-25T08:16:57.797153,bitget,0.147,0.1471,58441.0,115307.0
2025-07-25T08:16:57.879335,gateio,0.1469,0.147,2531.0,7027.0
2025-07-25T08:16:57.941691,gateio,0.1469,0.147,1531.0,7027.0
2025-07-25T08:16:57.948151,bitget,0.147,0.1471,58441.0,115307.0
2025-07-25T08:16:57.981801,ascendex,0.1466,0.1472,68236.1,137062.9
2025-07-25T08:16:58.053997,blofin,0.1467,0.1469,36929.0,9081.0
2025-07-25T08:16:58.077848,bingx,0.14687,0.14697,1214.99,1214.9899999999998
2025-07-25T08:16:58.096862,bitget,0.147,0.1471,58441.0,115307.0
2025-07-25T08:16:58.173985,lbank,0.1465,0.1468,391.47,2862.0
2025-07-25T08:16:58.206706,bybit,0.1468,0.0,105112.0,0.0
2025-07-25T08:16:58.262482,bitget,0.147,0.1471,58441.0,115307.0
2025-07-25T08:16:58.292090,ascendex,0.1466,0.1471,102342.5,67956.6
2025-07-25T08:16:58.306963,bybit,0.1468,0.1469,111061.0,2949.0
2025-07-25T08:16:58.375955,bingx,0.14689,0.14699,1214.99,1214.99
2025-07-25T08:16:58.411485,huobi,0.1468,0.1469,878.581,5376.5935
2025-07-25T08:16:58.508759,gateio,0.1469,0.147,331.0,7027.0
2025-07-25T08:16:58.519067,gateio,0.1468,0.147,9137.0,8211.0
2025-07-25T08:16:58.553611,blofin,0.1467,0.1469,36929.0,9081.0
2025-07-25T08:16:58.600581,gateio,0.1468,0.147,9137.0,9681.0
2025-07-25T08:16:58.602391,ascendex,0.1466,0.1472,68236.1,160430.3
2025-07-25T08:16:58.606850,bybit,0.1468,0.1469,73041.0,24656.0
2025-07-25T08:16:58.659569,bitmart,0.14661,0.14673,96856.0,1.0
2025-07-25T08:16:58.672738,lbank,0.1465,0.1468,391.47,2862.0
2025-07-25T08:16:58.673637,gateio,0.1468,0.147,8436.0,9681.0
2025-07-25T08:16:58.681330,bingx,0.1469,0.147,534.28,1214.99
2025-07-25T08:16:58.698409,bitget,0.147,0.1471,44455.0,115307.0
2025-07-25T08:16:58.698619,gateio,0.1468,0.1469,8436.0,683.0
2025-07-25T08:16:58.707419,bybit,0.1468,0.0,36393.0,0.0
2025-07-25T08:16:58.709907,huobi,0.1467,0.1468,886.2211,216.0
2025-07-25T08:16:58.714593,gateio,0.1468,0.1469,5576.0,683.0
2025-07-25T08:16:58.806365,bybit,0.1468,0.0,39654.0,0.0
2025-07-25T08:16:58.826572,gateio,0.1468,0.1469,5576.0,3616.0
2025-07-25T08:16:58.847637,bitget,0.147,0.1471,36000.0,125047.0
2025-07-25T08:16:58.859019,gateio,0.1468,0.1469,5221.0,683.0
2025-07-25T08:16:58.996015,ascendex,0.1466,0.1471,102342.5,74828.4
2025-07-25T08:16:58.997889,bitget,0.147,0.1471,36000.0,115307.0
2025-07-25T08:16:59.007469,bybit,0.1468,0.1469,59654.0,34656.0
2025-07-25T08:16:59.044718,blofin,0.1467,0.1469,36930.0,9081.0
2025-07-25T08:16:59.147741,bitget,0.147,0.1471,42296.0,115307.0
2025-07-25T08:16:59.174436,lbank,0.1465,0.1468,391.47,2862.0
2025-07-25T08:16:59.206302,bybit,0.1468,0.0,54932.0,0.0
2025-07-25T08:16:59.221047,gateio,0.1468,0.147,5221.0,6283.0
2025-07-25T08:16:59.243528,gateio,0.1468,0.147,8237.0,8237.0
2025-07-25T08:16:59.252811,ascendex,0.1466,0.1471,102342.5,67956.6
2025-07-25T08:16:59.287770,bingx,0.14684,0.14694,1214.99,1214.99
2025-07-25T08:16:59.297646,bitget,0.147,0.1471,44455.0,115307.0
2025-07-25T08:16:59.306725,bybit,0.0,0.1469,0.0,24656.0
2025-07-25T08:16:59.455146,bitget,0.147,0.1471,44455.0,115307.0
2025-07-25T08:16:59.506881,bybit,0.1468,0.0,55041.0,0.0
2025-07-25T08:16:59.509651,huobi,0.1467,0.1468,1731.8616,216.0
2025-07-25T08:16:59.522268,blofin,0.1467,0.1469,56387.0,9141.0
2025-07-25T08:16:59.552458,ascendex,0.1466,0.0,102342.5,0.0
2025-07-25T08:16:59.558993,gateio,0.1468,0.147,8237.0,8478.0
2025-07-25T08:16:59.582594,gateio,0.1468,0.147,8937.0,7079.0
2025-07-25T08:16:59.598806,bitget,0.147,0.1471,44455.0,115307.0
2025-07-25T08:16:59.609634,huobi,0.1467,0.1469,1731.8616,5376.5935
2025-07-25T08:16:59.618476,gateio,0.1468,0.147,8937.0,6806.0
2025-07-25T08:16:59.665737,bitmart,0.14661,0.14673,100812.0,1.0
2025-07-25T08:16:59.675157,lbank,0.1465,0.1468,391.47,2862.0
2025-07-25T08:16:59.707102,bybit,0.1468,0.0,55253.0,0.0
2025-07-25T08:16:59.751131,bitget,0.147,0.1471,58441.0,115307.0
2025-07-25T08:16:59.784915,gateio,0.1468,0.147,8937.0,8205.0
2025-07-25T08:16:59.806913,bybit,0.1468,0.0,55697.0,0.0
2025-07-25T08:16:59.866896,gateio,0.1468,0.147,8937.0,9805.0
2025-07-25T08:16:59.881087,ascendex,0.1466,0.1471,102342.5,67956.6
2025-07-25T08:16:59.884739,bingx,0.14688,0.14698,1214.99,1214.99
2025-07-25T08:16:59.898654,bitget,0.147,0.1471,58441.0,115307.0
2025-07-25T08:17:00.000975,mexc,0.1469,0.147,37505890.0,37505890.0
2025-07-25T08:17:00.006662,bybit,0.1468,0.0,82336.0,0.0
2025-07-25T08:17:00.012906,gateio,0.1468,0.1469,8937.0,683.0
2025-07-25T08:17:00.043316,huobi,0.1467,0.1468,2601.8464,216.0
2025-07-25T08:17:00.048670,bitget,0.147,0.1471,58441.0,115307.0
2025-07-25T08:17:00.056141,gateio,0.1468,0.1469,5705.0,683.0
2025-07-25T08:17:00.070635,blofin,0.1467,0.1469,39467.0,24023.0
2025-07-25T08:17:00.106593,bybit,0.1468,0.0,39001.0,0.0
2025-07-25T08:17:00.142402,huobi,0.1467,0.1468,2601.8464,216.0
2025-07-25T08:17:00.183983,ascendex,0.1466,0.1472,68236.1,160430.3
2025-07-25T08:17:00.188558,gateio,0.1468,0.1469,5569.0,683.0
2025-07-25T08:17:00.189255,bingx,0.14688,0.14698,1214.99,1214.99
2025-07-25T08:17:00.198397,bitget,0.147,0.1471,6296.0,115307.0
2025-07-25T08:17:00.198942,gateio,0.1468,0.1469,4170.0,683.0
2025-07-25T08:17:00.206453,bybit,0.1468,0.1469,29433.0,28705.0
2025-07-25T08:17:00.244890,gateio,0.1468,0.1469,1970.0,683.0
2025-07-25T08:17:00.279072,gateio,0.1468,0.1469,2485.0,683.0
2025-07-25T08:17:00.306493,bybit,0.1468,0.0,29783.0,0.0
2025-07-25T08:17:00.350098,bitget,0.1469,0.147,115769.0,2159.0
2025-07-25T08:17:00.406870,bybit,0.0,0.1469,0.0,27381.0
2025-07-25T08:17:00.487594,bingx,0.14686,0.14697,1214.99,534.54
2025-07-25T08:17:00.494428,ascendex,0.1466,0.1472,102342.5,202872.9
2025-07-25T08:17:00.505228,bitget,0.1469,0.147,115769.0,38159.0
2025-07-25T08:17:00.507227,bybit,0.0,0.1469,0.0,56727.0
2025-07-25T08:17:00.526721,gateio,0.1468,0.1469,1086.0,1383.0
2025-07-25T08:17:00.534507,blofin,0.1467,0.1469,39467.0,24023.0
2025-07-25T08:17:00.540312,gateio,0.1468,0.1469,813.0,683.0
2025-07-25T08:17:00.560635,gateio,0.1468,0.1469,2212.0,683.0
2025-07-25T08:17:00.607491,bybit,0.1468,0.1469,40912.0,33260.0
2025-07-25T08:17:00.623011,gateio,0.1468,0.1469,3031.0,683.0
2025-07-25T08:17:00.648410,bitget,0.1469,0.147,117317.0,38159.0
2025-07-25T08:17:00.668467,bitmart,0.14661,0.14673,96310.0,1.0
2025-07-25T08:17:00.674532,lbank,0.1465,0.1468,391.47,2862.0
2025-07-25T08:17:00.707746,bybit,0.1468,0.0,40953.0,0.0
2025-07-25T08:17:00.708982,huobi,0.1467,0.1468,3478.4663,216.0
2025-07-25T08:17:00.800220,bitget,0.1469,0.147,127526.0,38159.0
2025-07-25T08:17:00.807892,bybit,0.1468,0.0,39629.0,0.0
2025-07-25T08:17:00.823918,ascendex,0.1466,0.1472,68236.1,178570.7
2025-07-25T08:17:00.839417,bingx,0.14686,0.14697,1214.99,534.54
2025-07-25T08:17:00.846368,gateio,0.1468,0.1469,5231.0,683.0
2025-07-25T08:17:00.907017,bybit,0.0,0.1469,0.0,34584.0
2025-07-25T08:17:00.949121,bitget,0.1469,0.147,117317.0,36000.0
2025-07-25T08:17:01.006733,bybit,0.1468,0.1469,54953.0,49260.0
2025-07-25T08:17:01.048678,gateio,0.1468,0.1469,3031.0,683.0
2025-07-25T08:17:01.058188,blofin,0.1467,0.1469,39467.0,24025.0
2025-07-25T08:17:01.068905,gateio,0.1468,0.1469,2895.0,683.0
2025-07-25T08:17:01.095999,bingx,0.14683,0.14693,1214.99,1214.99
2025-07-25T08:17:01.098929,bitget,0.1469,0.147,117317.0,38159.0
2025-07-25T08:17:01.101305,gateio,0.1468,0.1469,1496.0,1383.0
2025-07-25T08:17:01.106383,bybit,0.1468,0.1469,39629.0,85403.0
2025-07-25T08:17:01.137618,ascendex,0.1466,0.1471,102342.5,67956.6
2025-07-25T08:17:01.181272,lbank,0.1465,0.1468,391.47,2862.0
2025-07-25T08:17:01.206361,bybit,0.0,0.1469,0.0,85757.0
2025-07-25T08:17:01.252887,bitget,0.1469,0.147,117317.0,58441.0
2025-07-25T08:17:01.254865,gateio,0.1468,0.1469,1496.0,683.0
2025-07-25T08:17:01.300771,gateio,0.1468,0.1469,2895.0,683.0
2025-07-25T08:17:01.306620,bybit,0.0,0.1469,0.0,57735.0
2025-07-25T08:17:01.344581,gateio,0.1468,0.1469,3031.0,683.0
2025-07-25T08:17:01.360665,gateio,0.1468,0.147,3515.0,9805.0
2025-07-25T08:17:01.382581,gateio,0.1468,0.147,6129.0,9805.0
2025-07-25T08:17:01.403247,bitget,0.1469,0.147,117317.0,8455.0
2025-07-25T08:17:01.406611,bybit,0.1468,0.1469,42277.0,32290.0
2025-07-25T08:17:01.412520,gateio,0.1468,0.147,6129.0,10078.0
2025-07-25T08:17:01.442931,ascendex,0.1466,0.0,46325.4,0.0
2025-07-25T08:17:01.486936,gateio,0.1468,0.147,6402.0,8478.0
2025-07-25T08:17:01.506413,bybit,0.1468,0.1469,57689.0,10583.0
2025-07-25T08:17:01.509537,huobi,0.1467,0.1469,3478.4663,5376.5935
2025-07-25T08:17:01.526863,gateio,0.1469,0.147,683.0,8478.0
2025-07-25T08:17:01.540598,gateio,0.1468,0.147,7102.0,8544.0
2025-07-25T08:17:01.549278,bitget,0.1469,0.1471,137266.0,115307.0
2025-07-25T08:17:01.550617,blofin,0.1467,0.1469,15418.0,18703.0
2025-07-25T08:17:01.572976,gateio,0.1469,0.147,683.0,8544.0
2025-07-25T08:17:01.588635,gateio,0.1469,0.147,683.0,5609.0
2025-07-25T08:17:01.606535,bybit,0.1468,0.1469,73061.0,3505.0
2025-07-25T08:17:01.614851,gateio,0.1469,0.147,683.0,5125.0
2025-07-25T08:17:01.659117,bitmart,0.14661,0.14673,116772.0,1.0
2025-07-25T08:17:01.678697,gateio,0.1469,0.147,683.0,6524.0
2025-07-25T08:17:01.681359,lbank,0.1465,0.1468,391.47,2862.0
2025-07-25T08:17:01.688565,gateio,0.1468,0.147,7772.0,6524.0
2025-07-25T08:17:01.698881,bitget,0.147,0.1471,61202.0,68939.0
2025-07-25T08:17:01.699140,bingx,0.14685,0.14694,1214.99,1214.99
2025-07-25T08:17:01.700638,gateio,0.1468,0.147,7102.0,8636.0
2025-07-25T08:17:01.706853,bybit,0.0,0.1469,0.0,6492.0
2025-07-25T08:17:01.769409,ascendex,0.1466,0.0,68236.1,0.0
2025-07-25T08:17:01.795154,gateio,0.1468,0.147,7102.0,7936.0
2025-07-25T08:17:01.824699,gateio,0.1468,0.1469,7102.0,2500.0
2025-07-25T08:17:01.838811,gateio,0.1469,0.147,1000.0,5941.0
2025-07-25T08:17:01.849883,bitget,0.147,0.1471,61202.0,58737.0
2025-07-25T08:17:01.850587,gateio,0.1469,0.147,2000.0,4184.0
2025-07-25T08:17:01.870634,gateio,0.1469,0.147,1000.0,5583.0
2025-07-25T08:17:01.906533,bybit,0.0,0.1469,0.0,3505.0
2025-07-25T08:17:01.909858,huobi,0.1465,0.1469,5685.0552,5376.5935
2025-07-25T08:17:01.999394,bitget,0.147,0.1471,61202.0,58737.0
2025-07-25T08:17:02.004049,bingx,0.14688,0.14698,1214.99,1214.99
2025-07-25T08:17:02.007039,bybit,0.1468,0.0,107061.0,0.0
2025-07-25T08:17:02.056758,blofin,0.1467,0.1469,15418.0,18703.0
2025-07-25T08:17:02.063647,ascendex,0.1466,0.0,102342.5,0.0
2025-07-25T08:17:02.106548,bybit,0.1468,0.1469,98518.0,3821.0
2025-07-25T08:17:02.108555,huobi,0.1466,0.1469,1949.29,5376.5935
2025-07-25T08:17:02.152284,bitget,0.147,0.1471,61202.0,58737.0
2025-07-25T08:17:02.206604,bybit,0.1468,0.0,107070.0,0.0
2025-07-25T08:17:02.257104,gateio,0.1469,0.147,1000.0,5739.0
2025-07-25T08:17:02.286878,gateio,0.1468,0.147,9620.0,5739.0
2025-07-25T08:17:02.295293,bingx,0.14686,0.14697,1214.99,534.54
2025-07-25T08:17:02.300894,gateio,0.1468,0.147,9620.0,8532.0
2025-07-25T08:17:02.308768,bitget,0.147,0.1471,61202.0,58737.0
2025-07-25T08:17:02.385137,ascendex,0.1466,0.1472,68236.1,165894.1
2025-07-25T08:17:02.400440,mexc,0.1468,0.1469,37505890.0,37505890.0
2025-07-25T08:17:02.406893,bybit,0.1468,0.0,107750.0,0.0
2025-07-25T08:17:02.449948,bitget,0.147,0.1471,61202.0,58737.0
2025-07-25T08:17:02.506439,bybit,0.1468,0.0,108430.0,0.0
2025-07-25T08:17:02.538679,blofin,0.1467,0.1469,15978.0,35499.0
2025-07-25T08:17:02.560510,gateio,0.1469,0.147,685.0,6223.0
2025-07-25T08:17:02.585008,gateio,0.1469,0.147,685.0,5739.0
2025-07-25T08:17:02.600013,bingx,0.14688,0.14699,1214.99,1214.99
2025-07-25T08:17:02.600317,bitget,0.147,0.1471,61202.0,58737.0
2025-07-25T08:17:02.638210,gateio,0.1468,0.147,9620.0,5739.0
2025-07-25T08:17:02.645008,gateio,0.1468,0.147,9620.0,8442.0
2025-07-25T08:17:02.663150,bitmart,0.14661,0.14673,231840.0,1.0
2025-07-25T08:17:02.678751,lbank,0.1465,0.1468,391.47,2862.0
2025-07-25T08:17:02.692915,ascendex,0.1466,0.1472,102342.5,176728.2
2025-07-25T08:17:02.706485,bybit,0.1468,0.1469,40998.0,41942.0
2025-07-25T08:17:02.708748,huobi,0.1466,0.1468,1949.29,216.0
2025-07-25T08:17:02.718585,gateio,0.1468,0.147,8920.0,8442.0
2025-07-25T08:17:02.728755,gateio,0.1468,0.147,8920.0,8715.0
2025-07-25T08:17:02.748626,gateio,0.1468,0.147,7521.0,8715.0
2025-07-25T08:17:02.750150,bitget,0.147,0.1471,61202.0,58737.0
2025-07-25T08:17:02.774695,gateio,0.1468,0.147,7385.0,8715.0
2025-07-25T08:17:02.807126,bybit,0.1468,0.1469,39638.0,45991.0
2025-07-25T08:17:02.810402,huobi,0.1467,0.1468,843.0199,216.0
2025-07-25T08:17:02.822675,gateio,0.1468,0.147,7385.0,11315.0
2025-07-25T08:17:02.891123,bingx,0.14688,0.14699,1214.99,1214.99
2025-07-25T08:17:02.903063,bitget,0.1469,0.1471,117768.0,68477.0
2025-07-25T08:17:02.907007,bybit,0.1468,0.0,39672.0,0.0
2025-07-25T08:17:02.928423,gateio,0.1468,0.147,8784.0,11315.0
2025-07-25T08:17:02.928449,gateio,0.1468,0.1469,6184.0,685.0
2025-07-25T08:17:03.004661,ascendex,0.1466,0.1472,102342.5,160430.3
2025-07-25T08:17:03.006406,bybit,0.0,0.1469,0.0,75991.0
2025-07-25T08:17:03.037920,gateio,0.1468,0.1469,3168.0,1885.0
2025-07-25T08:17:03.038204,gateio,0.1468,0.1469,3169.0,1885.0
2025-07-25T08:17:03.051727,bitget,0.1469,0.1471,117768.0,68477.0
2025-07-25T08:17:03.064566,blofin,0.1467,0.1469,41861.0,2764.0
2025-07-25T08:17:03.093969,gateio,0.1468,0.1469,3169.0,685.0
2025-07-25T08:17:03.139453,gateio,0.1468,0.147,3169.0,11283.0
2025-07-25T08:17:03.143228,gateio,0.1468,0.147,6321.0,11283.0
2025-07-25T08:17:03.163387,gateio,0.1468,0.147,6321.0,11315.0
2025-07-25T08:17:03.189824,lbank,0.1465,0.1468,391.47,2862.0
2025-07-25T08:17:03.197885,bingx,0.14687,0.14697,1214.99,1214.9899999999998
2025-07-25T08:17:03.200848,bitget,0.1469,0.147,127508.0,36000.0
2025-07-25T08:17:03.207020,bybit,0.1468,0.1469,42320.0,71942.0
2025-07-25T08:17:03.293146,gateio,0.1468,0.147,6320.0,11315.0
2025-07-25T08:17:03.307256,bybit,0.1468,0.1469,43721.0,32606.0
2025-07-25T08:17:03.333838,ascendex,0.1466,0.1471,102342.5,73599.0
2025-07-25T08:17:03.350549,bitget,0.1469,0.1471,117768.0,68939.0
2025-07-25T08:17:03.406530,bybit,0.1468,0.1469,59093.0,13886.0
2025-07-25T08:17:03.420657,gateio,0.1468,0.147,7020.0,8715.0
2025-07-25T08:17:03.494064,bingx,0.14685,0.14696,1214.99,1214.99
2025-07-25T08:17:03.500645,bitget,0.1469,0.1471,137717.0,68939.0
2025-07-25T08:17:03.547573,blofin,0.1467,0.1469,41861.0,2764.0
2025-07-25T08:17:03.632671,ascendex,0.1466,0.1471,102342.5,67956.6
2025-07-25T08:17:03.650957,bitget,0.147,0.1471,60747.0,68939.0
2025-07-25T08:17:03.652152,bitmart,0.14661,0.14673,190232.0,1.0
2025-07-25T08:17:03.684069,lbank,0.1465,0.1468,391.47,2862.0
2025-07-25T08:17:03.784990,gateio,0.1468,0.147,7020.0,8683.0
2025-07-25T08:17:03.794015,bingx,0.14687,0.14697,1214.99,1214.9899999999998
2025-07-25T08:17:03.800671,bitget,0.147,0.1471,60747.0,58737.0
2025-07-25T08:17:03.806963,bybit,0.0,0.1469,0.0,6808.0
2025-07-25T08:17:03.808839,huobi,0.1467,0.1469,843.0199,5376.5935
2025-07-25T08:17:03.811490,gateio,0.1468,0.147,7020.0,9601.0
2025-07-25T08:17:03.917137,gateio,0.1469,0.147,685.0,9601.0
2025-07-25T08:17:03.938662,gateio,0.1469,0.147,685.0,8082.0
2025-07-25T08:17:03.944896,ascendex,0.1466,0.1486,102342.5,38190.9
2025-07-25T08:17:03.990773,gateio,0.1469,0.147,685.0,7282.0
2025-07-25T08:17:04.000533,gateio,0.1469,0.147,685.0,4731.0
2025-07-25T08:17:04.006543,bybit,0.1468,0.1469,107104.0,3821.0
2025-07-25T08:17:04.012770,gateio,0.1469,0.147,685.0,4458.0
2025-07-25T08:17:04.055277,blofin,0.1467,0.1469,41863.0,2765.0
2025-07-25T08:17:04.098766,gateio,0.1468,0.147,9620.0,4458.0
2025-07-25T08:17:04.099207,bingx,0.14688,0.14698,534.19,1214.99
2025-07-25T08:17:04.101134,bitget,0.147,0.1471,60747.0,58737.0
2025-07-25T08:17:04.106311,bybit,0.1468,0.1469,79082.0,6808.0
2025-07-25T08:17:04.148774,gateio,0.1468,0.147,9620.0,8560.0
2025-07-25T08:17:04.177050,lbank,0.1465,0.1469,1535.12,2547.72
2025-07-25T08:17:04.200508,gateio,0.1468,0.147,9620.0,8528.0
2025-07-25T08:17:04.206706,bybit,0.1468,0.0,93093.0,0.0
2025-07-25T08:17:04.250429,bitget,0.147,0.1471,60747.0,58737.0
2025-07-25T08:17:04.271206,ascendex,0.1466,0.1471,102342.5,71928.3
2025-07-25T08:17:04.400712,bitget,0.147,0.1471,60747.0,58737.0
2025-07-25T08:17:04.411061,huobi,0.1467,0.1468,843.0199,216.0
2025-07-25T08:17:04.506543,bybit,0.1468,0.1469,91732.0,25242.0
2025-07-25T08:17:04.546449,blofin,0.1467,0.1469,41863.0,2765.0
2025-07-25T08:17:04.555150,bitget,0.147,0.1471,60747.0,58737.0
2025-07-25T08:17:04.582984,ascendex,0.1466,0.1471,102342.5,86371.5
2025-07-25T08:17:04.588979,gateio,0.1468,0.147,8920.0,8528.0
2025-07-25T08:17:04.606581,bybit,0.1468,0.0,57732.0,0.0
2025-07-25T08:17:04.657813,bitmart,0.14661,0.14673,121956.0,1.0
2025-07-25T08:17:04.706538,bybit,0.0,0.1469,0.0,6808.0
2025-07-25T08:17:04.770285,mexc,0.1469,0.147,37505890.0,37505890.0
2025-07-25T08:17:04.800920,gateio,0.1468,0.147,8920.0,10728.0
2025-07-25T08:17:04.806867,bybit,0.1468,0.0,57722.0,0.0
2025-07-25T08:17:04.824885,gateio,0.1468,0.1469,8920.0,3297.0
2025-07-25T08:17:04.851167,bitget,0.147,0.1471,60747.0,58737.0
2025-07-25T08:17:04.900641,ascendex,0.1466,0.1471,102342.5,67956.6
2025-07-25T08:17:05.001838,bitget,0.147,0.1471,60747.0,58737.0
2025-07-25T08:17:05.004878,bingx,0.14688,0.14698,534.19,1214.99
2025-07-25T08:17:05.006598,bybit,0.1468,0.1469,81722.0,12808.0
2025-07-25T08:17:05.054120,blofin,0.1467,0.1469,16056.0,21199.0
2025-07-25T08:17:05.132614,gateio,0.1468,0.147,8863.0,10728.0
2025-07-25T08:17:05.155928,bitget,0.147,0.1471,60747.0,58737.0
2025-07-25T08:17:05.206618,bybit,0.1468,0.0,73170.0,0.0
2025-07-25T08:17:05.208000,huobi,0.1467,0.1468,1823.682,216.0
2025-07-25T08:17:05.213835,ascendex,0.1466,0.1472,102342.5,198024.1
2025-07-25T08:17:05.299949,bingx,0.14688,0.14696,1068.38,1214.99
2025-07-25T08:17:05.301299,bitget,0.147,0.1471,60747.0,58737.0
2025-07-25T08:17:05.306536,bybit,0.1468,0.1469,86266.0,6808.0
2025-07-25T08:17:05.407032,huobi,0.1467,0.1469,1823.682,5376.5935
2025-07-25T08:17:05.407306,bybit,0.1468,0.1469,91627.0,6435.0
2025-07-25T08:17:05.506286,bybit,0.1468,0.0,90681.0,0.0
2025-07-25T08:17:05.509211,huobi,0.1467,0.1468,1823.682,216.0
2025-07-25T08:17:05.520773,ascendex,0.1466,0.1472,102342.5,177227.0
2025-07-25T08:17:05.540123,blofin,0.1467,0.1469,33452.0,18305.0
2025-07-25T08:17:05.641939,bitmart,0.14661,0.14673,239547.0,1.0
2025-07-25T08:17:05.733006,gateio,0.1468,0.147,9563.0,10760.0
2025-07-25T08:17:05.752986,bitget,0.147,0.1471,60747.0,58737.0
2025-07-25T08:17:05.807136,bybit,0.1468,0.0,92042.0,0.0
2025-07-25T08:17:05.808513,huobi,0.1467,0.1468,2743.1688,216.0
2025-07-25T08:17:05.833044,ascendex,0.1466,0.1472,102342.5,202877.4
2025-07-25T08:17:05.905799,bingx,0.14688,0.14696,1068.38,1214.99
2025-07-25T08:17:05.920232,bitget,0.147,0.1471,60747.0,58737.0
2025-07-25T08:17:06.046584,gateio,0.1468,0.147,8863.0,10728.0
2025-07-25T08:17:06.048798,blofin,0.1467,0.1469,33452.0,18305.0
2025-07-25T08:17:06.107211,bybit,0.1468,0.0,62681.0,0.0
2025-07-25T08:17:06.140504,ascendex,0.1466,0.1472,102342.5,160430.3
2025-07-25T08:17:06.175068,lbank,0.1465,0.1469,1535.12,2547.72
2025-07-25T08:17:06.204062,bitget,0.147,0.1471,60747.0,105012.0
2025-07-25T08:17:06.285666,gateio,0.1468,0.1469,8863.0,685.0
2025-07-25T08:17:06.300976,gateio,0.1468,0.1469,3304.0,1000.0
2025-07-25T08:17:06.306320,bybit,0.1468,0.1469,44621.0,41605.0
2025-07-25T08:17:06.339814,gateio,0.1468,0.1469,3168.0,1000.0
2025-07-25T08:17:06.351476,bitget,0.147,0.1471,22588.0,115210.0
2025-07-25T08:17:06.390652,gateio,0.1468,0.1469,1769.0,1000.0
2025-07-25T08:17:06.406536,bybit,0.0,0.1469,0.0,28918.0
2025-07-25T08:17:06.411046,gateio,0.1468,0.1469,3168.0,1000.0
2025-07-25T08:17:06.424135,lbank,0.1467,0.1469,52.79,2547.72
2025-07-25T08:17:06.459325,ascendex,0.1466,0.1487,102342.5,0.0
2025-07-25T08:17:06.503072,gateio,0.1468,0.147,3168.0,10728.0
2025-07-25T08:17:06.504682,bitget,0.1469,0.1471,127900.0,124950.0
2025-07-25T08:17:06.507100,bybit,0.1468,0.1469,76729.0,24869.0
2025-07-25T08:17:06.514955,gateio,0.1468,0.1469,4363.0,1385.0
2025-07-25T08:17:06.526720,gateio,0.1468,0.147,3304.0,8309.0
2025-07-25T08:17:06.537381,gateio,0.1468,0.147,7694.0,6910.0
2025-07-25T08:17:06.542020,blofin,0.1467,0.1469,33525.0,18304.0
2025-07-25T08:17:06.606541,bybit,0.1468,0.1469,78053.0,6435.0
2025-07-25T08:17:06.609212,huobi,0.1467,0.1469,2743.1688,5376.5935
2025-07-25T08:17:06.626719,gateio,0.1468,0.147,7694.0,9325.0
2025-07-25T08:17:06.652047,bitget,0.1469,0.1471,284671.0,115200.0
2025-07-25T08:17:06.655700,bitmart,0.14661,0.14673,109269.0,1.0
2025-07-25T08:17:06.671834,lbank,0.1465,0.1469,1535.12,2547.72
2025-07-25T08:17:06.672537,gateio,0.1468,0.147,7694.0,10724.0
2025-07-25T08:17:06.745009,gateio,0.1469,0.147,685.0,10724.0
2025-07-25T08:17:06.762257,ascendex,0.1466,0.1472,102342.5,162046.1
2025-07-25T08:17:06.804333,bitget,0.147,0.1471,18378.0,115200.0
2025-07-25T08:17:06.810606,bingx,0.14687,0.14695,1214.99,534.47
2025-07-25T08:17:06.861897,gateio,0.1469,0.147,685.0,9205.0
2025-07-25T08:17:06.906762,bybit,0.1468,0.1469,78180.0,22435.0
2025-07-25T08:17:06.909468,huobi,0.1466,0.1469,800.0,5376.5935
2025-07-25T08:17:06.953085,bitget,0.147,0.1471,60674.0,115200.0
2025-07-25T08:17:06.956710,gateio,0.1468,0.147,7694.0,9205.0
2025-07-25T08:17:06.979378,gateio,0.1468,0.147,7024.0,10674.0
2025-07-25T08:17:07.006863,bybit,0.1468,0.0,62180.0,0.0
2025-07-25T08:17:07.008620,huobi,0.1466,0.1468,800.0,216.0
2025-07-25T08:17:07.052058,blofin,0.1467,0.1469,33530.0,18303.0
2025-07-25T08:17:07.074082,ascendex,0.1466,0.1472,102342.5,202877.1
2025-07-25T08:17:07.089800,gateio,0.1469,0.147,685.0,10674.0
2025-07-25T08:17:07.100297,gateio,0.1469,0.147,685.0,6521.0
2025-07-25T08:17:07.104409,bitget,0.147,0.1471,24674.0,115200.0
2025-07-25T08:17:07.106953,bybit,0.1468,0.1469,76191.0,3448.0
2025-07-25T08:17:07.113585,bingx,0.1469,0.14698,1214.99,1214.99
2025-07-25T08:17:07.114058,huobi,0.1467,0.1469,863.7384,5376.5935
2025-07-25T08:17:07.140985,mexc,0.1468,0.1469,37505890.0,37505890.0
2025-07-25T08:17:07.185118,lbank,0.1465,0.1469,1535.12,2547.72
2025-07-25T08:17:07.206449,bybit,0.1468,0.0,75776.0,0.0
2025-07-25T08:17:07.252823,bitget,0.147,0.1471,24674.0,115200.0
2025-07-25T08:17:07.306611,bybit,0.1468,0.0,75764.0,0.0
2025-07-25T08:17:07.336440,gateio,0.1469,0.147,685.0,5122.0
2025-07-25T08:17:07.346586,gateio,0.1469,0.147,685.0,3588.0
2025-07-25T08:17:07.356859,gateio,0.1469,0.147,1385.0,1161.0
2025-07-25T08:17:07.367045,gateio,0.1469,0.147,2220.0,1161.0
2025-07-25T08:17:07.383704,ascendex,0.1466,0.1471,102342.5,67956.6
2025-07-25T08:17:07.405471,bitget,0.147,0.1471,24674.0,115200.0
2025-07-25T08:17:07.407344,bybit,0.1469,0.147,53778.0,74045.0
2025-07-25T08:17:07.411625,huobi,0.1467,0.1469,863.7384,216.0
2025-07-25T08:17:07.413195,gateio,0.1469,0.147,2220.0,385.0
2025-07-25T08:17:07.433929,lbank,0.1465,0.1466,1535.12,497.82
2025-07-25T08:17:07.440561,gateio,0.1469,0.147,4635.0,385.0
2025-07-25T08:17:07.508171,bybit,0.1469,0.147,41130.0,73742.0
2025-07-25T08:17:07.512651,gateio,0.1469,0.147,4635.0,267.0
2025-07-25T08:17:07.543305,blofin,0.1467,0.1469,33530.0,18303.0
2025-07-25T08:17:07.555422,bitget,0.147,0.1471,79152.0,10206.0
2025-07-25T08:17:07.609362,bybit,0.1469,0.147,36910.0,68490.0
2025-07-25T08:17:07.641594,bitmart,0.14671,0.14719,96657.0,113391.0
2025-07-25T08:17:07.678160,lbank,0.1465,0.1469,1535.12,2547.72
2025-07-25T08:17:07.703239,ascendex,0.1468,0.147,68166.4,0.0
2025-07-25T08:17:07.703397,bitget,0.147,0.1471,80700.0,36008.0
2025-07-25T08:17:07.717704,bingx,0.14691,0.147,534.35,1214.9899999999998
2025-07-25T08:17:07.766967,gateio,0.1469,0.147,6635.0,267.0
2025-07-25T08:17:07.824678,gateio,0.1469,0.147,6635.0,3493.0
2025-07-25T08:17:07.858247,bitget,0.147,0.1471,80700.0,8.0
2025-07-25T08:17:07.907042,bybit,0.1469,0.147,42910.0,92567.0
2025-07-25T08:17:08.003680,bitget,0.147,0.1471,80700.0,6304.0
2025-07-25T08:17:08.006433,bybit,0.1469,0.0,49338.0,0.0
2025-07-25T08:17:08.010295,bingx,0.14693,0.14702,1214.99,1214.99
2025-07-25T08:17:08.022547,gateio,0.1469,0.147,6635.0,267.0
2025-07-25T08:17:08.025911,ascendex,0.1461,0.1472,50476.2,240790.4
2025-07-25T08:17:08.043659,blofin,0.1467,0.1469,15524.0,21755.0
2025-07-25T08:17:08.153133,bitget,0.147,0.1471,90901.0,6304.0
2025-07-25T08:17:08.306037,bitget,0.147,0.1471,80700.0,6304.0
2025-07-25T08:17:08.307299,bybit,0.0,0.147,0.0,68567.0
2025-07-25T08:17:08.308779,bingx,0.14695,0.14703,1214.99,1214.99
2025-07-25T08:17:08.331709,ascendex,0.1467,0.1472,34106.4,198331.2
2025-07-25T08:17:08.406657,bybit,0.1469,0.147,50662.0,50957.0
2025-07-25T08:17:08.453110,bitget,0.147,0.1471,80700.0,3156.0
2025-07-25T08:17:08.508349,bybit,0.0,0.147,0.0,25873.0
2025-07-25T08:17:08.516922,huobi,0.1468,0.1469,943.1639,216.0
2025-07-25T08:17:08.551296,blofin,0.1468,0.1469,16823.0,3.0
2025-07-25T08:17:08.603573,bitget,0.147,0.1471,80700.0,8.0
2025-07-25T08:17:08.644723,ascendex,0.1435,0.0,14964.4,0.0
2025-07-25T08:17:08.653317,bitmart,0.14671,0.1472,112617.0,116168.0
2025-07-25T08:17:08.753468,bitget,0.147,0.1471,80700.0,8.0
2025-07-25T08:17:08.754713,gateio,0.1469,0.147,6908.0,267.0
2025-07-25T08:17:08.812448,bybit,0.1469,0.0,51739.0,0.0
2025-07-25T08:17:08.903989,bitget,0.147,0.1471,227706.0,8.0
2025-07-25T08:17:08.909469,bybit,0.1469,0.147,63739.0,39873.0
2025-07-25T08:17:08.914743,bingx,0.14695,0.14703,1214.99,1214.99
2025-07-25T08:17:08.965671,ascendex,0.146,0.0,0.0,0.0
2025-07-25T08:17:09.040328,blofin,0.1468,0.1469,16823.0,3.0
2025-07-25T08:17:09.053637,bitget,0.147,0.1471,226158.0,8.0
2025-07-25T08:17:09.275073,ascendex,0.0,0.1473,0.0,14826.4
2025-07-25T08:17:09.306767,bybit,0.0,0.147,0.0,25873.0
2025-07-25T08:17:09.322879,gateio,0.1469,0.147,7508.0,267.0
2025-07-25T08:17:09.504746,bitget,0.147,0.1471,236360.0,8.0
2025-07-25T08:17:09.526116,mexc,0.1469,0.147,37505890.0,37505890.0
2025-07-25T08:17:09.547958,blofin,0.1468,0.1469,17101.0,3.0
2025-07-25T08:17:09.582035,ascendex,0.0,0.1473,0.0,14826.4
2025-07-25T08:17:09.639947,bitmart,0.14671,0.14697,243951.0,2.0
2025-07-25T08:17:09.654845,bitget,0.147,0.1471,226158.0,8.0
2025-07-25T08:17:09.820314,bingx,0.14695,0.14703,1214.99,1214.99
2025-07-25T08:17:09.860541,gateio,0.147,0.1471,685.0,12929.0
2025-07-25T08:17:09.870866,gateio,0.147,0.1471,2885.0,8387.0
2025-07-25T08:17:09.883063,gateio,0.147,0.1471,2885.0,7903.0
2025-07-25T08:17:09.896444,ascendex,0.0,0.1473,0.0,46288.3
2025-07-25T08:17:09.906674,bybit,0.1469,0.147,115329.0,3941.0
2025-07-25T08:17:09.911701,huobi,0.1468,0.147,943.1639,5368.7935
2025-07-25T08:17:09.920546,gateio,0.147,0.1471,2885.0,1809.0
2025-07-25T08:17:09.930637,gateio,0.147,0.1471,2885.0,1796.0
2025-07-25T08:17:09.955282,bitget,0.1471,0.1472,2306.0,30817.0
2025-07-25T08:17:10.006674,bybit,0.1469,0.147,120788.0,3909.0
2025-07-25T08:17:10.016732,huobi,0.1468,0.147,943.1639,216.0
2025-07-25T08:17:10.056551,blofin,0.1468,0.1469,17101.0,1.0
2025-07-25T08:17:10.069103,gateio,0.147,0.1471,2885.0,2496.0
2025-07-25T08:17:10.098951,gateio,0.147,0.1471,2885.0,4910.0
2025-07-25T08:17:10.106728,bybit,0.1469,0.0,118066.0,0.0
2025-07-25T08:17:10.110920,bitget,0.1471,0.1472,110083.0,12281.0
2025-07-25T08:17:10.118960,bingx,0.14696,0.14705,534.58,1214.99
2025-07-25T08:17:10.206804,bybit,0.1469,0.0,119427.0,0.0
2025-07-25T08:17:10.206841,gateio,0.147,0.1471,2885.0,4210.0
2025-07-25T08:17:10.215464,ascendex,0.1468,0.1471,136286.2,25497.4
2025-07-25T08:17:10.226911,lbank,0.1465,0.1469,1535.12,2547.72
2025-07-25T08:17:10.255470,bitget,0.1471,0.1472,106928.0,22368.0
2025-07-25T08:17:10.300447,gateio,0.147,0.1471,685.0,6445.0
2025-07-25T08:17:10.306830,bybit,0.1469,0.147,104055.0,10895.0
2025-07-25T08:17:10.308714,huobi,0.1469,0.147,932.3401,216.0
2025-07-25T08:17:10.406763,bybit,0.1469,0.0,98951.0,0.0
2025-07-25T08:17:10.410100,bitget,0.1471,0.1472,106928.0,22368.0
2025-07-25T08:17:10.423386,bingx,0.14704,0.14712,1214.9899999999998,1214.99
2025-07-25T08:17:10.506985,gateio,0.1469,0.1471,10887.0,6445.0
2025-07-25T08:17:10.527260,ascendex,0.1468,0.1473,68166.4,15630.0
2025-07-25T08:17:10.545456,blofin,0.1468,0.1469,17101.0,1.0
2025-07-25T08:17:10.560423,bitget,0.1471,0.1472,106928.0,58368.0
2025-07-25T08:17:10.598900,gateio,0.1469,0.1471,10887.0,11578.0
2025-07-25T08:17:10.641062,bitmart,0.14671,0.14697,24129.0,2.0
2025-07-25T08:17:10.673420,lbank,0.1465,0.1469,1535.12,2547.72
2025-07-25T08:17:10.712818,bitget,0.1471,0.1472,106928.0,58368.0
2025-07-25T08:17:10.726612,bingx,0.14698,0.14707,1214.99,1214.99
2025-07-25T08:17:10.732629,gateio,0.1469,0.1471,10887.0,13378.0
2025-07-25T08:17:10.807121,bybit,0.1469,0.0,109865.0,0.0
2025-07-25T08:17:10.824659,gateio,0.1469,0.1471,10287.0,13378.0
2025-07-25T08:17:10.835053,ascendex,0.1464,0.1472,8011.1,209812.0
2025-07-25T08:17:10.864894,bitget,0.1471,0.1472,106928.0,58368.0
2025-07-25T08:17:10.902716,gateio,0.1469,0.1471,10287.0,13651.0
2025-07-25T08:17:10.906779,bybit,0.1469,0.147,93117.0,13724.0
2025-07-25T08:17:10.922957,gateio,0.1469,0.1471,9932.0,13651.0
2025-07-25T08:17:11.006676,bybit,0.0,0.147,0.0,8561.0
2025-07-25T08:17:11.010382,bitget,0.1471,0.1472,70928.0,67819.0
2025-07-25T08:17:11.018982,bingx,0.147,0.14709,1214.99,1214.99
2025-07-25T08:17:11.049901,blofin,0.1469,0.1471,24393.0,35210.0
2025-07-25T08:17:11.055717,gateio,0.1469,0.1471,9932.0,13378.0
2025-07-25T08:17:11.107198,bybit,0.1469,0.147,48901.0,43734.0
2025-07-25T08:17:11.137163,gateio,0.1469,0.147,7119.0,685.0
2025-07-25T08:17:11.143345,ascendex,0.0,0.1473,0.0,27694.6
2025-07-25T08:17:11.148745,gateio,0.1469,0.147,6983.0,2485.0
2025-07-25T08:17:11.157495,bitget,0.147,0.1472,124712.0,68159.0
2025-07-25T08:17:11.158978,gateio,0.1469,0.147,5584.0,2485.0
2025-07-25T08:17:11.179924,gateio,0.1469,0.147,3169.0,2485.0
2025-07-25T08:17:11.194558,gateio,0.1469,0.147,2896.0,3298.0
2025-07-25T08:17:11.205181,gateio,0.1469,0.147,839.0,3298.0
2025-07-25T08:17:11.206356,bybit,0.1469,0.147,39376.0,61794.0
2025-07-25T08:17:11.236302,huobi,0.1468,0.147,943.1639,216.0
2025-07-25T08:17:11.263377,gateio,0.1469,0.147,3253.0,3298.0
2025-07-25T08:17:11.298709,gateio,0.1469,0.147,4652.0,3298.0
2025-07-25T08:17:11.306563,bybit,0.0,0.147,0.0,46382.0
2025-07-25T08:17:11.307420,bitget,0.147,0.1471,71411.0,8419.0
2025-07-25T08:17:11.327902,bingx,0.14697,0.14705,1214.99,1214.99
2025-07-25T08:17:11.338947,gateio,0.1469,0.147,4788.0,3298.0
2025-07-25T08:17:11.378940,gateio,0.1469,0.147,4788.0,1498.0
2025-07-25T08:17:11.393536,gateio,0.1469,0.147,6992.0,813.0
2025-07-25T08:17:11.403235,gateio,0.1469,0.147,6838.0,813.0
2025-07-25T08:17:11.454089,ascendex,0.0,0.1473,0.0,14826.4
2025-07-25T08:17:11.455980,bitget,0.147,0.1471,117663.0,50715.0
2025-07-25T08:17:11.506384,bybit,0.1469,0.147,42101.0,33734.0
2025-07-25T08:17:11.550920,blofin,0.1468,0.147,39436.0,5581.0
2025-07-25T08:17:11.602058,bitmart,0.14671,0.14697,44646.0,2.0
2025-07-25T08:17:11.606065,bitget,0.147,0.1472,117663.0,77641.0
2025-07-25T08:17:11.606590,bybit,0.1469,0.0,43425.0,0.0
2025-07-25T08:17:11.622540,bingx,0.14693,0.14702,1214.99,1214.99
2025-07-25T08:17:11.723496,gateio,0.1469,0.147,8438.0,813.0
2025-07-25T08:17:11.756065,bitget,0.147,0.1472,117663.0,87092.0
2025-07-25T08:17:11.806997,bybit,0.0,0.0,0.0,0.0
2025-07-25T08:17:11.821026,gateio,0.1469,0.147,6838.0,813.0
2025-07-25T08:17:11.902359,mexc,0.147,0.1471,37505890.0,37505890.0
2025-07-25T08:17:11.905354,bitget,0.147,0.1471,127114.0,2086.0
2025-07-25T08:17:11.907364,bybit,0.1469,0.147,39376.0,66382.0
2025-07-25T08:17:11.908679,huobi,0.1466,0.1469,800.0,216.0
2025-07-25T08:17:11.926354,bingx,0.14695,0.14703,1214.99,1214.99
2025-07-25T08:17:11.958717,gateio,0.1469,0.147,4634.0,813.0
2025-07-25T08:17:12.007152,bybit,0.0,0.147,0.0,67783.0
2025-07-25T08:17:12.041472,blofin,0.1468,0.147,39436.0,5581.0
2025-07-25T08:17:12.060117,bitget,0.147,0.1471,117663.0,8382.0
2025-07-25T08:17:12.106525,bybit,0.0,0.147,0.0,65058.0
2025-07-25T08:17:12.109905,huobi,0.1467,0.1469,873.2335,216.0
2025-07-25T08:17:12.126948,gateio,0.1469,0.147,4634.0,1513.0
2025-07-25T08:17:12.206827,bybit,0.0,0.147,0.0,81794.0
2025-07-25T08:17:12.207721,bitget,0.147,0.1471,117663.0,6296.0
2025-07-25T08:17:12.208523,gateio,0.1469,0.147,4634.0,813.0
2025-07-25T08:17:12.226017,bingx,0.14696,0.14705,534.58,1214.99
2025-07-25T08:17:12.229382,gateio,0.1469,0.147,4634.0,1529.0
2025-07-25T08:17:12.240185,gateio,0.1469,0.147,3813.0,2365.0
2025-07-25T08:17:12.260446,gateio,0.1469,0.147,2414.0,2365.0
2025-07-25T08:17:12.306417,bybit,0.1469,0.147,20174.0,98542.0
2025-07-25T08:17:12.309040,huobi,0.1467,0.1468,873.2335,216.0
2025-07-25T08:17:12.350700,gateio,0.1468,0.147,9645.0,2365.0
2025-07-25T08:17:12.356861,bitget,0.147,0.1471,106168.0,22708.0
2025-07-25T08:17:12.392744,ascendex,0.1468,0.1473,0.0,57236.1
2025-07-25T08:17:12.401427,lbank,0.1465,0.1469,1535.12,2547.72
2025-07-25T08:17:12.402657,gateio,0.1468,0.147,8975.0,5121.0
2025-07-25T08:17:12.403136,lbank,0.1467,0.1469,104.97,2547.72
2025-07-25T08:17:12.406455,bybit,0.1469,0.147,11991.0,102985.0
2025-07-25T08:17:12.410862,gateio,0.1469,0.147,716.0,5121.0
2025-07-25T08:17:12.472770,gateio,0.1469,0.147,716.0,2365.0
2025-07-25T08:17:12.506464,bybit,0.0,0.147,0.0,99923.0
2025-07-25T08:17:12.509757,huobi,0.1467,0.1469,873.2335,1310.5935
2025-07-25T08:17:12.511269,bitget,0.147,0.1471,104602.0,22708.0
2025-07-25T08:17:12.525601,bingx,0.14695,0.14703,1069.05,1214.99
2025-07-25T08:17:12.535417,blofin,0.1468,0.147,39437.0,5583.0
2025-07-25T08:17:12.606440,bybit,0.0,0.147,0.0,101362.0
2025-07-25T08:17:12.626292,bitmart,0.14662,0.14697,235250.0,2.0
2025-07-25T08:17:12.656033,bitget,0.147,0.1471,104602.0,58708.0
2025-07-25T08:17:12.674121,lbank,0.1465,0.1469,1535.12,2547.72
2025-07-25T08:17:12.674885,gateio,0.1469,0.147,716.0,1665.0
2025-07-25T08:17:12.703692,ascendex,0.1466,0.1471,34129.7,195449.8
2025-07-25T08:17:12.706847,bybit,0.1469,0.147,33412.0,84666.0
2025-07-25T08:17:12.710921,gateio,0.1469,0.147,716.0,2865.0
2025-07-25T08:17:12.793110,gateio,0.1469,0.147,1916.0,1529.0
2025-07-25T08:17:12.805943,bitget,0.147,0.1471,104602.0,58368.0
2025-07-25T08:17:12.806381,bybit,0.0,0.147,0.0,85990.0
2025-07-25T08:17:12.811213,huobi,0.1467,0.1469,873.2335,216.0
2025-07-25T08:17:12.829671,bingx,0.14689,0.14697,1214.99,1214.99
2025-07-25T08:17:12.906557,bybit,0.1469,0.147,39412.0,97353.0
2025-07-25T08:17:12.920006,gateio,0.1469,0.147,2052.0,1529.0
2025-07-25T08:17:12.932473,gateio,0.1469,0.147,3451.0,1529.0
2025-07-25T08:17:12.956681,bitget,0.147,0.1472,114888.0,224254.0
2025-07-25T08:17:12.959341,gateio,0.1469,0.147,3451.0,813.0
2025-07-25T08:17:13.006327,bybit,0.1469,0.147,40736.0,66491.0
2025-07-25T08:17:13.018873,gateio,0.1469,0.147,3452.0,813.0
2025-07-25T08:17:13.022920,ascendex,0.1466,0.1471,34129.7,110473.6
2025-07-25T08:17:13.051339,gateio,0.1469,0.1471,3452.0,13651.0
2025-07-25T08:17:13.053233,blofin,0.1468,0.1469,5.0,12789.0
2025-07-25T08:17:13.100662,gateio,0.1469,0.1471,5834.0,13651.0
2025-07-25T08:17:13.106703,bybit,0.1469,0.0,40729.0,0.0
2025-07-25T08:17:13.108586,bitget,0.147,0.1472,114888.0,215516.0
2025-07-25T08:17:13.119413,gateio,0.1469,0.1471,5833.0,13651.0
2025-07-25T08:17:13.170760,gateio,0.1469,0.147,5833.0,716.0
