timestamp,exchange,bid,ask,bid_vol,ask_vol
2025-07-25T08:16:26.227691,bybit,0.15314,0.15315,240.0,320.0
2025-07-25T08:16:26.227712,bybit,0.15314,0.15315,620.0,670.0
2025-07-25T08:16:26.227728,bybit,0.0,0.15318,0.0,40.0
2025-07-25T08:16:26.227747,bybit,0.15315,0.15317,340.0,420.0
2025-07-25T08:16:26.227765,bybit,0.15316,0.15317,380.0,350.0
2025-07-25T08:16:26.683015,bitget,0.15312,0.1533,3300.0,1114.0
2025-07-25T08:16:27.143969,bybit,0.0,0.15317,0.0,560.0
2025-07-25T08:16:27.320676,bingx,0.15309,0.15321,400.0,529.12
2025-07-25T08:16:27.672373,bitmart,0.15293,0.15364,160.0,34507.0
2025-07-25T08:16:27.978836,bingx,0.15309,0.15321,400.0,529.12
2025-07-25T08:16:28.597219,blofin,0.15324,0.15328,37.0,13.0
2025-07-25T08:16:28.620045,bitmart,0.15293,0.15364,160.0,34507.0
2025-07-25T08:16:28.878546,bingx,0.15309,0.15321,400.0,529.12
2025-07-25T08:16:29.033744,mexc,0.15326,0.15328,304728.0,304728.0
2025-07-25T08:16:29.089617,blofin,0.15324,0.15328,47.0,16.0
2025-07-25T08:16:29.443294,bybit,0.0,0.15317,0.0,520.0
2025-07-25T08:16:29.544124,bybit,0.15314,0.15315,240.0,320.0
2025-07-25T08:16:29.564304,gateio,0.15305,0.1532,7.0,23.0
2025-07-25T08:16:29.564343,blofin,0.15324,0.15328,43.0,23.0
2025-07-25T08:16:29.585165,gateio,0.15305,0.15317,7.0,32.0
2025-07-25T08:16:29.606996,gateio,0.15305,0.15317,5.0,35.0
2025-07-25T08:16:29.619033,gateio,0.15303,0.15317,2.0,35.0
2025-07-25T08:16:29.644461,bybit,0.0,0.15315,0.0,700.0
2025-07-25T08:16:29.651915,bitget,0.15311,0.15328,11740.0,3342.0
2025-07-25T08:16:29.662028,bitmart,0.15293,0.15364,160.0,34507.0
2025-07-25T08:16:29.786113,bingx,0.15309,0.15321,400.0,529.12
2025-07-25T08:16:29.803629,bitget,0.15312,0.15328,14094.0,3342.0
2025-07-25T08:16:29.942351,gateio,0.15303,0.15317,5.0,35.0
2025-07-25T08:16:29.943532,bybit,0.15314,0.15315,590.0,320.0
2025-07-25T08:16:30.033341,gateio,0.15303,0.15317,5.0,3.0
2025-07-25T08:16:30.043501,bybit,0.15315,0.15317,340.0,540.0
2025-07-25T08:16:30.051085,gateio,0.15303,0.15317,2.0,3.0
2025-07-25T08:16:30.061469,blofin,0.15324,0.15327,5.0,237.0
2025-07-25T08:16:30.085547,bingx,0.15308,0.15319,400.0,529.12
2025-07-25T08:16:30.102556,bitget,0.15312,0.15328,14094.0,3342.0
2025-07-25T08:16:30.143296,bybit,0.15316,0.0,360.0,0.0
2025-07-25T08:16:30.253463,bitget,0.15312,0.15328,14094.0,3342.0
2025-07-25T08:16:30.534130,blofin,0.15324,0.15327,5.0,16.0
2025-07-25T08:16:30.544490,bybit,0.0,0.15317,0.0,170.0
2025-07-25T08:16:30.571903,bitmart,0.15293,0.15364,160.0,33889.0
2025-07-25T08:16:30.586349,gateio,0.15304,0.15317,15.0,3.0
2025-07-25T08:16:30.595383,gateio,0.15305,0.15317,17.0,3.0
2025-07-25T08:16:30.643551,bybit,0.15317,0.15318,700.0,40.0
2025-07-25T08:16:30.664506,gateio,0.15305,0.15317,2.0,3.0
2025-07-25T08:16:30.709092,bitget,0.15312,0.15333,17436.0,143.0
2025-07-25T08:16:30.743276,bybit,0.15317,0.15318,380.0,460.0
2025-07-25T08:16:30.843881,bybit,0.15315,0.15316,260.0,320.0
2025-07-25T08:16:30.856010,bitget,0.15312,0.15335,14094.0,3342.0
2025-07-25T08:16:30.943966,bybit,0.15315,0.15316,410.0,680.0
2025-07-25T08:16:30.991256,bingx,0.15308,0.15319,400.0,529.12
2025-07-25T08:16:31.006895,bitget,0.15312,0.15334,14094.0,793.0
2025-07-25T08:16:31.067023,blofin,0.15324,0.15328,42.0,7.0
2025-07-25T08:16:31.154559,bitget,0.15312,0.15333,14094.0,429.0
2025-07-25T08:16:31.286364,bingx,0.15304,0.15329,929.12,1058.24
2025-07-25T08:16:31.436197,mexc,0.15326,0.15328,304728.0,304728.0
2025-07-25T08:16:31.547547,blofin,0.15324,0.15328,5.0,23.0
2025-07-25T08:16:31.661944,bitmart,0.15293,0.15363,160.0,618.0
2025-07-25T08:16:31.843757,bybit,0.15314,0.15316,240.0,850.0
2025-07-25T08:16:31.903102,gateio,0.15303,0.15317,2.0,3.0
2025-07-25T08:16:31.925055,gateio,0.15298,0.15317,15.0,3.0
2025-07-25T08:16:31.943554,bybit,0.0,0.15315,0.0,320.0
2025-07-25T08:16:31.945458,gateio,0.153,0.15316,2.0,13.0
2025-07-25T08:16:31.978908,gateio,0.153,0.15315,2.0,3.0
2025-07-25T08:16:32.043101,bybit,0.0,0.15315,0.0,730.0
2025-07-25T08:16:32.059501,bitget,0.15312,0.15328,14094.0,3342.0
2025-07-25T08:16:32.077274,blofin,0.15324,0.15327,5.0,16.0
2025-07-25T08:16:32.198257,bingx,0.15302,0.15327,929.12,1058.24
2025-07-25T08:16:32.203757,bitget,0.15312,0.15328,14094.0,3342.0
2025-07-25T08:16:32.311051,gateio,0.15298,0.15315,13.0,3.0
2025-07-25T08:16:32.346825,gateio,0.15296,0.15315,13.0,3.0
2025-07-25T08:16:32.357040,gateio,0.15288,0.1531,32.0,13.0
2025-07-25T08:16:32.366912,gateio,0.1529,0.15308,13.0,3.0
2025-07-25T08:16:32.382870,gateio,0.1529,0.15308,15.0,16.0
2025-07-25T08:16:32.403254,gateio,0.1529,0.15308,47.0,3.0
2025-07-25T08:16:32.416699,gateio,0.15292,0.15308,13.0,16.0
2025-07-25T08:16:32.432910,gateio,0.15292,0.15308,15.0,16.0
2025-07-25T08:16:32.443353,bybit,0.15306,0.15307,510.0,340.0
2025-07-25T08:16:32.475240,gateio,0.1529,0.15308,15.0,3.0
2025-07-25T08:16:32.486071,gateio,0.15291,0.15308,15.0,3.0
2025-07-25T08:16:32.492560,bingx,0.153,0.15324,929.12,1058.24
2025-07-25T08:16:32.504356,bitget,0.153,0.15319,9458.0,3342.0
2025-07-25T08:16:32.505441,gateio,0.15292,0.15308,15.0,3.0
2025-07-25T08:16:32.523848,gateio,0.15293,0.15308,15.0,16.0
2025-07-25T08:16:32.543958,bybit,0.15307,0.15312,560.0,510.0
2025-07-25T08:16:32.544005,gateio,0.15293,0.15308,21.0,7.0
2025-07-25T08:16:32.552298,blofin,0.15321,0.15322,99.0,20.0
2025-07-25T08:16:32.554989,gateio,0.15293,0.15308,21.0,10.0
2025-07-25T08:16:32.571825,gateio,0.15294,0.15308,13.0,10.0
2025-07-25T08:16:32.583406,gateio,0.15294,0.15308,15.0,10.0
2025-07-25T08:16:32.604974,gateio,0.15295,0.15308,15.0,10.0
2025-07-25T08:16:32.621080,gateio,0.15296,0.15308,17.0,10.0
2025-07-25T08:16:32.643590,bybit,0.15308,0.15309,650.0,320.0
2025-07-25T08:16:32.655863,bitget,0.15302,0.15324,669.0,208.0
2025-07-25T08:16:32.676882,bitmart,0.15293,0.15356,160.0,4805.0
2025-07-25T08:16:32.679129,gateio,0.15296,0.15308,17.0,7.0
2025-07-25T08:16:32.707843,gateio,0.15297,0.15308,15.0,7.0
2025-07-25T08:16:32.731109,gateio,0.15297,0.15308,18.0,7.0
2025-07-25T08:16:32.746104,bybit,0.15307,0.15308,950.0,320.0
2025-07-25T08:16:32.759425,gateio,0.15297,0.15308,3.0,7.0
2025-07-25T08:16:32.794406,bingx,0.15292,0.15316,929.12,1058.24
2025-07-25T08:16:32.813406,bitget,0.15302,0.15324,669.0,1103.0
2025-07-25T08:16:32.844113,bybit,0.15307,0.0,1140.0,0.0
2025-07-25T08:16:32.953834,bitget,0.15302,0.15324,1725.0,1103.0
2025-07-25T08:16:33.043368,bybit,0.15308,0.15309,900.0,320.0
2025-07-25T08:16:33.075168,blofin,0.15314,0.15321,132.0,75.0
2025-07-25T08:16:33.077839,gateio,0.15297,0.15308,5.0,7.0
2025-07-25T08:16:33.093192,gateio,0.15297,0.15308,3.0,7.0
2025-07-25T08:16:33.094808,bingx,0.1529,0.15314,929.12,1058.24
2025-07-25T08:16:33.104476,bitget,0.15302,0.15324,1543.0,1103.0
2025-07-25T08:16:33.143419,bybit,0.0,0.15309,0.0,660.0
2025-07-25T08:16:33.260216,bitget,0.15302,0.15321,1543.0,3342.0
2025-07-25T08:16:33.393181,bingx,0.15294,0.15317,929.12,1058.24
2025-07-25T08:16:33.404403,bitget,0.15302,0.15321,1543.0,3342.0
2025-07-25T08:16:33.444715,bybit,0.15308,0.0,560.0,0.0
2025-07-25T08:16:33.545186,blofin,0.15313,0.15319,137.0,17.0
2025-07-25T08:16:33.549510,bybit,0.15308,0.0,970.0,0.0
2025-07-25T08:16:33.664624,bitmart,0.15293,0.15351,160.0,309.0
2025-07-25T08:16:33.704979,gateio,0.15297,0.15308,5.0,7.0
2025-07-25T08:16:33.831493,mexc,0.15315,0.15322,304728.0,304728.0
2025-07-25T08:16:33.861750,bitget,0.15302,0.15321,1543.0,3342.0
2025-07-25T08:16:34.050882,blofin,0.15313,0.15319,136.0,19.0
2025-07-25T08:16:34.143076,bybit,0.0,0.15309,0.0,320.0
2025-07-25T08:16:34.154231,bitget,0.15302,0.15321,1543.0,3342.0
2025-07-25T08:16:34.300867,bingx,0.15294,0.15317,929.12,1058.24
2025-07-25T08:16:34.306396,bitget,0.15303,0.15321,14082.0,3342.0
2025-07-25T08:16:34.443391,bybit,0.0,0.15309,0.0,670.0
2025-07-25T08:16:34.543376,bybit,0.0,0.15309,0.0,320.0
2025-07-25T08:16:34.554981,blofin,0.15313,0.15319,122.0,33.0
2025-07-25T08:16:34.602082,bitmart,0.15293,0.15351,160.0,309.0
2025-07-25T08:16:34.604520,bitget,0.15303,0.15321,14082.0,3342.0
2025-07-25T08:16:34.643664,bybit,0.0,0.15309,0.0,670.0
2025-07-25T08:16:34.756217,bitget,0.15303,0.15321,14082.0,3342.0
2025-07-25T08:16:35.082686,blofin,0.15313,0.15318,34.0,3.0
2025-07-25T08:16:35.202122,bingx,0.15294,0.15317,929.12,1058.24
2025-07-25T08:16:35.207704,bitget,0.15303,0.15321,14082.0,3342.0
2025-07-25T08:16:35.540774,blofin,0.15314,0.15317,17.0,3.0
2025-07-25T08:16:35.544009,bybit,0.15308,0.0,950.0,0.0
2025-07-25T08:16:35.643816,bybit,0.0,0.0,0.0,0.0
2025-07-25T08:16:35.660938,bitmart,0.15293,0.15351,160.0,309.0
2025-07-25T08:16:35.743765,bybit,0.0,0.15309,0.0,320.0
2025-07-25T08:16:35.956961,bitget,0.15303,0.15321,14082.0,3342.0
2025-07-25T08:16:36.064545,blofin,0.15314,0.15317,358.0,3.0
2025-07-25T08:16:36.106071,bitget,0.15303,0.15321,14082.0,3342.0
2025-07-25T08:16:36.106109,bingx,0.15297,0.1532,929.12,1058.24
2025-07-25T08:16:36.247832,mexc,0.15315,0.15322,304728.0,304728.0
2025-07-25T08:16:36.426739,gateio,0.15298,0.15308,15.0,7.0
2025-07-25T08:16:36.442839,gateio,0.15299,0.15308,17.0,3.0
2025-07-25T08:16:36.443471,bybit,0.1531,0.15313,520.0,410.0
2025-07-25T08:16:36.453137,gateio,0.15299,0.1531,20.0,3.0
2025-07-25T08:16:36.547965,blofin,0.15314,0.15317,358.0,6.0
2025-07-25T08:16:36.562715,bitget,0.15303,0.15324,14082.0,1103.0
2025-07-25T08:16:36.644115,bybit,0.15311,0.15312,350.0,370.0
2025-07-25T08:16:36.686072,bitmart,0.15293,0.15351,160.0,309.0
2025-07-25T08:16:36.707989,bitget,0.15309,0.15328,669.0,3342.0
2025-07-25T08:16:36.823683,gateio,0.15299,0.1531,5.0,3.0
2025-07-25T08:16:37.007003,bitget,0.15309,0.15328,2764.0,3342.0
2025-07-25T08:16:37.008166,bingx,0.15301,0.15324,929.12,1058.24
2025-07-25T08:16:37.063536,blofin,0.1532,0.15323,16.0,15.0
2025-07-25T08:16:37.166610,bitget,0.15309,0.15328,2764.0,3342.0
2025-07-25T08:16:37.546372,blofin,0.15319,0.15323,4.0,20.0
2025-07-25T08:16:37.660770,bitmart,0.15293,0.15351,160.0,309.0
2025-07-25T08:16:37.832976,gateio,0.15299,0.1531,25.0,3.0
2025-07-25T08:16:37.843588,bybit,0.15311,0.15316,560.0,150.0
2025-07-25T08:16:37.860936,gateio,0.15299,0.15312,25.0,13.0
2025-07-25T08:16:37.882939,gateio,0.15301,0.15312,17.0,3.0
2025-07-25T08:16:37.894999,gateio,0.15304,0.15317,13.0,5.0
2025-07-25T08:16:37.904808,gateio,0.15306,0.15317,2.0,2.0
2025-07-25T08:16:37.909984,bingx,0.15301,0.15324,929.12,1058.24
2025-07-25T08:16:37.919575,gateio,0.15307,0.15317,7.0,2.0
2025-07-25T08:16:37.943161,bybit,0.15317,0.1532,550.0,40.0
2025-07-25T08:16:37.945150,gateio,0.15308,0.15317,2.0,2.0
2025-07-25T08:16:37.959372,gateio,0.15308,0.15317,5.0,2.0
2025-07-25T08:16:38.007249,gateio,0.15308,0.15317,18.0,2.0
2025-07-25T08:16:38.062395,bitget,0.15316,0.15339,669.0,780.0
2025-07-25T08:16:38.068548,bybit,0.15318,0.1532,410.0,390.0
2025-07-25T08:16:38.073309,blofin,0.15319,0.15323,258.0,5.0
2025-07-25T08:16:38.143570,bybit,0.0,0.15319,0.0,360.0
2025-07-25T08:16:38.206307,bitget,0.15318,0.15335,182.0,3342.0
2025-07-25T08:16:38.243476,bybit,0.15319,0.1532,660.0,40.0
2025-07-25T08:16:38.343170,bybit,0.15319,0.0,1020.0,0.0
2025-07-25T08:16:38.356558,bitget,0.15318,0.15335,182.0,3342.0
2025-07-25T08:16:38.513958,bingx,0.1531,0.15335,929.12,1058.24
2025-07-25T08:16:38.566172,blofin,0.1533,0.15333,14.0,541.0
2025-07-25T08:16:38.626186,mexc,0.15315,0.15322,304728.0,304728.0
2025-07-25T08:16:38.657020,bitget,0.15319,0.15335,2095.0,3342.0
2025-07-25T08:16:38.684949,bitmart,0.15298,0.1537,4624.0,29740.0
2025-07-25T08:16:38.733390,gateio,0.15308,0.15317,5.0,2.0
2025-07-25T08:16:38.743348,bybit,0.15319,0.1532,830.0,410.0
2025-07-25T08:16:38.808906,bitget,0.15319,0.15335,2095.0,3342.0
2025-07-25T08:16:38.943636,bybit,0.15319,0.0,620.0,0.0
2025-07-25T08:16:39.046281,blofin,0.15329,0.15333,17.0,506.0
2025-07-25T08:16:39.106588,bitget,0.15319,0.15335,2095.0,3342.0
2025-07-25T08:16:39.243151,bybit,0.15317,0.0,400.0,0.0
2025-07-25T08:16:39.279607,gateio,0.15308,0.15317,5.0,8.0
2025-07-25T08:16:39.291311,gateio,0.15308,0.15317,3.0,8.0
2025-07-25T08:16:39.304247,gateio,0.15307,0.15317,7.0,8.0
2025-07-25T08:16:39.343221,bybit,0.15314,0.15315,560.0,320.0
2025-07-25T08:16:39.360823,gateio,0.15305,0.15317,5.0,8.0
2025-07-25T08:16:39.387151,gateio,0.15304,0.15317,2.0,8.0
2025-07-25T08:16:39.407374,bitget,0.15317,0.15335,14071.0,3342.0
2025-07-25T08:16:39.417975,bingx,0.1531,0.15335,929.12,1058.24
2025-07-25T08:16:39.443342,bybit,0.15314,0.15315,930.0,710.0
2025-07-25T08:16:39.559181,bitget,0.15314,0.15332,11750.0,676.0
2025-07-25T08:16:39.561144,blofin,0.15329,0.1533,1.0,16.0
2025-07-25T08:16:39.567540,bitmart,0.15299,0.15364,140.0,4109.0
2025-07-25T08:16:39.707080,bitget,0.15314,0.15332,11750.0,676.0
2025-07-25T08:16:39.722196,bingx,0.15307,0.15331,929.12,1058.24
2025-07-25T08:16:39.862520,bitget,0.15314,0.15332,11750.0,403.0
2025-07-25T08:16:39.864469,gateio,0.15301,0.15317,2.0,8.0
2025-07-25T08:16:39.903017,gateio,0.15301,0.15317,2.0,40.0
2025-07-25T08:16:39.923384,gateio,0.15301,0.15316,2.0,13.0
2025-07-25T08:16:39.943501,bybit,0.15312,0.0,120.0,0.0
2025-07-25T08:16:39.944732,gateio,0.15301,0.15315,5.0,3.0
2025-07-25T08:16:40.003433,gateio,0.15301,0.15315,3.0,3.0
2025-07-25T08:16:40.013894,bitget,0.15314,0.15328,11750.0,3342.0
2025-07-25T08:16:40.024198,bingx,0.15304,0.15328,929.12,1058.24
2025-07-25T08:16:40.038601,gateio,0.15298,0.15315,13.0,3.0
2025-07-25T08:16:40.043194,bybit,0.0,0.15313,0.0,320.0
2025-07-25T08:16:40.048908,gateio,0.15297,0.15315,2.0,3.0
2025-07-25T08:16:40.060868,blofin,0.15322,0.15327,69.0,14.0
2025-07-25T08:16:40.143223,bybit,0.15309,0.1531,420.0,320.0
2025-07-25T08:16:40.162450,bitget,0.15314,0.15328,11750.0,3342.0
2025-07-25T08:16:40.248699,bybit,0.0,0.1531,0.0,720.0
2025-07-25T08:16:40.309283,bitget,0.15313,0.15327,14067.0,669.0
2025-07-25T08:16:40.463453,bitget,0.1531,0.15327,360.0,669.0
2025-07-25T08:16:40.543715,blofin,0.15318,0.15322,245.0,16.0
2025-07-25T08:16:40.617821,bingx,0.15301,0.15326,929.12,1058.24
2025-07-25T08:16:40.670897,bitmart,0.15299,0.15359,140.0,5792.0
2025-07-25T08:16:40.859004,gateio,0.15296,0.15315,13.0,3.0
2025-07-25T08:16:40.866068,gateio,0.15296,0.15315,15.0,3.0
2025-07-25T08:16:40.917024,gateio,0.15296,0.15315,2.0,3.0
2025-07-25T08:16:40.919616,bingx,0.15304,0.15318,400.0,529.12
2025-07-25T08:16:40.944929,gateio,0.15296,0.15315,15.0,3.0
2025-07-25T08:16:40.980875,mexc,0.15323,0.1533,304728.0,304728.0
2025-07-25T08:16:40.988180,gateio,0.15296,0.15315,2.0,3.0
2025-07-25T08:16:41.025079,gateio,0.15296,0.15315,15.0,3.0
2025-07-25T08:16:41.055017,gateio,0.15296,0.15315,2.0,3.0
2025-07-25T08:16:41.058901,blofin,0.15319,0.15323,3.0,30.0
2025-07-25T08:16:41.124955,gateio,0.15296,0.15315,15.0,3.0
2025-07-25T08:16:41.223482,gateio,0.15296,0.15315,2.0,3.0
2025-07-25T08:16:41.243622,bybit,0.15304,0.15305,160.0,320.0
2025-07-25T08:16:41.316933,gateio,0.15294,0.15315,47.0,3.0
2025-07-25T08:16:41.343891,bybit,0.15306,0.15308,120.0,320.0
2025-07-25T08:16:41.359300,bitget,0.1531,0.15327,360.0,669.0
2025-07-25T08:16:41.433372,gateio,0.15295,0.15315,15.0,3.0
2025-07-25T08:16:41.443768,bybit,0.15309,0.1531,600.0,720.0
2025-07-25T08:16:41.445425,gateio,0.15296,0.15315,20.0,3.0
2025-07-25T08:16:41.464518,gateio,0.15298,0.15315,2.0,3.0
2025-07-25T08:16:41.475137,gateio,0.15298,0.15315,15.0,3.0
2025-07-25T08:16:41.504661,gateio,0.15298,0.15315,2.0,3.0
2025-07-25T08:16:41.510298,bitget,0.15307,0.15327,66.0,669.0
2025-07-25T08:16:41.556971,blofin,0.15319,0.15323,3.0,2.0
2025-07-25T08:16:41.665270,bitget,0.15309,0.15328,669.0,3342.0
2025-07-25T08:16:41.665461,bitmart,0.15299,0.15358,140.0,300.0
2025-07-25T08:16:41.812246,bitget,0.15309,0.15327,669.0,669.0
2025-07-25T08:16:41.822751,bingx,0.15304,0.15318,400.0,529.12
2025-07-25T08:16:42.069111,blofin,0.15318,0.15324,12.0,16.0
2025-07-25T08:16:42.543150,bybit,0.0,0.0,0.0,0.0
2025-07-25T08:16:42.556090,blofin,0.15318,0.15324,12.0,18.0
2025-07-25T08:16:42.643631,bybit,0.15307,0.15308,380.0,480.0
2025-07-25T08:16:42.698145,bitmart,0.15299,0.15358,140.0,300.0
2025-07-25T08:16:42.711933,bitget,0.15307,0.15327,2095.0,669.0
2025-07-25T08:16:42.727055,bingx,0.15304,0.15318,400.0,529.12
2025-07-25T08:16:42.743482,bybit,0.0,0.0,0.0,0.0
2025-07-25T08:16:43.067239,blofin,0.15318,0.15324,12.0,19.0
2025-07-25T08:16:43.309264,bitget,0.15307,0.15327,2095.0,669.0
2025-07-25T08:16:43.371393,mexc,0.15323,0.1533,304728.0,304728.0
2025-07-25T08:16:43.410857,gateio,0.15302,0.15315,13.0,3.0
2025-07-25T08:16:43.443776,bybit,0.1531,0.15313,570.0,380.0
2025-07-25T08:16:43.444885,gateio,0.15302,0.15315,15.0,3.0
2025-07-25T08:16:43.493393,gateio,0.15302,0.15315,2.0,3.0
2025-07-25T08:16:43.544006,bybit,0.15312,0.15315,400.0,40.0
2025-07-25T08:16:43.555567,blofin,0.15318,0.15324,9.0,19.0
2025-07-25T08:16:43.562988,gateio,0.15302,0.15315,15.0,3.0
2025-07-25T08:16:43.609422,bitget,0.15312,0.15334,208.0,669.0
2025-07-25T08:16:43.631177,bingx,0.15304,0.15318,400.0,529.12
2025-07-25T08:16:43.643381,bybit,0.0,0.15313,0.0,420.0
2025-07-25T08:16:43.698928,bitmart,0.15299,0.15358,140.0,300.0
2025-07-25T08:16:43.752968,gateio,0.15302,0.15315,2.0,3.0
2025-07-25T08:16:43.760864,bitget,0.15311,0.15334,961.0,669.0
2025-07-25T08:16:43.790764,gateio,0.15302,0.15315,2.0,7.0
2025-07-25T08:16:43.844124,bybit,0.15312,0.0,410.0,0.0
2025-07-25T08:16:43.911242,bitget,0.15311,0.15328,669.0,3342.0
2025-07-25T08:16:43.933378,bingx,0.15309,0.15324,400.0,529.12
2025-07-25T08:16:44.060079,blofin,0.1532,0.15329,63.0,52.0
2025-07-25T08:16:44.228248,bingx,0.15308,0.15322,400.0,529.12
2025-07-25T08:16:44.517387,bitget,0.15311,0.15328,669.0,3342.0
2025-07-25T08:16:44.560965,blofin,0.15321,0.15329,61.0,178.0
2025-07-25T08:16:44.589680,bitmart,0.15299,0.15358,140.0,300.0
2025-07-25T08:16:44.836500,bingx,0.15306,0.1532,400.0,529.12
2025-07-25T08:16:45.062401,blofin,0.15321,0.15329,64.0,191.0
2025-07-25T08:16:45.110233,bitget,0.15311,0.15328,669.0,3342.0
2025-07-25T08:16:45.175583,gateio,0.15302,0.15315,2.0,10.0
2025-07-25T08:16:45.262397,bitget,0.15311,0.15328,669.0,3342.0
2025-07-25T08:16:45.343518,bybit,0.15311,0.15312,120.0,320.0
2025-07-25T08:16:45.382943,gateio,0.15301,0.15314,5.0,13.0
2025-07-25T08:16:45.410083,bitget,0.15311,0.15328,669.0,3342.0
2025-07-25T08:16:45.443697,bybit,0.15307,0.1531,840.0,320.0
2025-07-25T08:16:45.464592,gateio,0.15301,0.15313,5.0,3.0
2025-07-25T08:16:45.543105,bybit,0.0,0.15309,0.0,320.0
2025-07-25T08:16:45.560720,bitget,0.15308,0.15327,2503.0,3342.0
2025-07-25T08:16:45.561435,blofin,0.15321,0.15325,3.0,51.0
2025-07-25T08:16:45.643767,bybit,0.15308,0.15309,400.0,690.0
2025-07-25T08:16:45.663411,gateio,0.15301,0.15313,8.0,3.0
2025-07-25T08:16:45.663959,bitmart,0.15299,0.15358,140.0,300.0
2025-07-25T08:16:45.711778,bitget,0.15309,0.15327,669.0,3342.0
2025-07-25T08:16:45.734582,bingx,0.15306,0.1532,400.0,529.12
2025-07-25T08:16:45.744002,bybit,0.15308,0.15314,970.0,160.0
2025-07-25T08:16:45.748806,mexc,0.15321,0.15325,304728.0,304728.0
2025-07-25T08:16:45.843534,bybit,0.15309,0.1531,560.0,320.0
2025-07-25T08:16:45.860753,bitget,0.15309,0.15327,669.0,3342.0
2025-07-25T08:16:46.039502,bingx,0.15306,0.1532,400.0,529.12
2025-07-25T08:16:46.071407,blofin,0.15321,0.15324,3.0,18.0
2025-07-25T08:16:46.143380,bybit,0.15309,0.1531,370.0,730.0
2025-07-25T08:16:46.312466,bitget,0.15309,0.15327,669.0,3342.0
2025-07-25T08:16:46.557976,blofin,0.15319,0.15324,196.0,20.0
2025-07-25T08:16:46.675564,bitmart,0.15299,0.15358,140.0,3826.0
2025-07-25T08:16:46.946884,bingx,0.15306,0.1532,400.0,529.12
2025-07-25T08:16:47.070856,blofin,0.15319,0.15324,195.0,20.0
2025-07-25T08:16:47.344072,bybit,0.15309,0.15315,820.0,380.0
2025-07-25T08:16:47.347252,gateio,0.15302,0.15313,2.0,3.0
2025-07-25T08:16:47.363224,bitget,0.15309,0.15327,669.0,3342.0
2025-07-25T08:16:47.444402,bybit,0.1531,0.15315,330.0,40.0
2025-07-25T08:16:47.523603,bitget,0.15309,0.15327,3143.0,3342.0
2025-07-25T08:16:47.546492,bybit,0.15311,0.15314,590.0,370.0
2025-07-25T08:16:47.548625,blofin,0.1532,0.15323,192.0,34.0
2025-07-25T08:16:47.549499,gateio,0.15302,0.15315,17.0,7.0
2025-07-25T08:16:47.616310,gateio,0.15302,0.15315,15.0,7.0
2025-07-25T08:16:47.643915,bybit,0.15312,0.15315,580.0,40.0
2025-07-25T08:16:47.660065,bitmart,0.15299,0.15358,140.0,3826.0
2025-07-25T08:16:47.663584,bitget,0.15312,0.15334,182.0,669.0
2025-07-25T08:16:47.776721,gateio,0.15302,0.15315,2.0,7.0
2025-07-25T08:16:47.812365,bitget,0.15312,0.15334,182.0,669.0
2025-07-25T08:16:47.842606,bingx,0.15306,0.1532,400.0,529.12
2025-07-25T08:16:47.844046,bybit,0.15314,0.0,400.0,0.0
2025-07-25T08:16:47.943031,bybit,0.0,0.15315,0.0,400.0
2025-07-25T08:16:48.049441,blofin,0.15324,0.1533,16.0,55.0
2025-07-25T08:16:48.113581,bitget,0.1531,0.15334,606.0,669.0
2025-07-25T08:16:48.125399,mexc,0.15321,0.15325,304728.0,304728.0
2025-07-25T08:16:48.545626,blofin,0.15321,0.15329,18.0,55.0
2025-07-25T08:16:48.594064,bitmart,0.15299,0.15358,140.0,300.0
2025-07-25T08:16:48.744585,bingx,0.15306,0.1532,400.0,529.12
2025-07-25T08:16:48.843521,bybit,0.15314,0.0,530.0,0.0
2025-07-25T08:16:48.965012,gateio,0.15302,0.15315,15.0,7.0
2025-07-25T08:16:48.986838,gateio,0.15302,0.15316,15.0,5.0
2025-07-25T08:16:49.011004,gateio,0.15303,0.15315,15.0,3.0
2025-07-25T08:16:49.021187,gateio,0.15304,0.15315,2.0,3.0
2025-07-25T08:16:49.034159,gateio,0.15304,0.15315,18.0,3.0
2025-07-25T08:16:49.043220,bybit,0.0,0.15315,0.0,40.0
2025-07-25T08:16:49.084629,blofin,0.15321,0.15329,21.0,57.0
2025-07-25T08:16:49.111034,gateio,0.15304,0.15317,18.0,5.0
2025-07-25T08:16:49.143524,bybit,0.15314,0.0,720.0,0.0
2025-07-25T08:16:49.164317,bitget,0.15312,0.15334,182.0,669.0
2025-07-25T08:16:49.312913,bitget,0.15315,0.15334,208.0,669.0
2025-07-25T08:16:49.466594,bitget,0.15316,0.15334,669.0,669.0
2025-07-25T08:16:49.566671,blofin,0.15327,0.15329,14.0,2.0
2025-07-25T08:16:49.620153,bitget,0.15316,0.15334,669.0,669.0
2025-07-25T08:16:49.634956,gateio,0.15304,0.15317,18.0,2.0
2025-07-25T08:16:49.656693,bingx,0.1531,0.15324,400.0,529.12
2025-07-25T08:16:49.661433,bitmart,0.15299,0.15358,140.0,300.0
2025-07-25T08:16:49.843196,bybit,0.15318,0.15319,510.0,340.0
2025-07-25T08:16:49.863174,gateio,0.15305,0.15317,15.0,2.0
2025-07-25T08:16:49.884692,gateio,0.15306,0.15317,15.0,2.0
2025-07-25T08:16:49.914524,bitget,0.15316,0.15335,669.0,3342.0
2025-07-25T08:16:49.943588,bybit,0.15318,0.1532,920.0,40.0
2025-07-25T08:16:50.006593,gateio,0.15312,0.15323,13.0,3.0
2025-07-25T08:16:50.021104,gateio,0.15312,0.15323,21.0,3.0
2025-07-25T08:16:50.043550,bybit,0.15321,0.15325,1160.0,40.0
2025-07-25T08:16:50.058220,blofin,0.15326,0.15329,16.0,5.0
2025-07-25T08:16:50.069086,gateio,0.15312,0.15323,8.0,3.0
2025-07-25T08:16:50.082676,gateio,0.15313,0.15323,15.0,3.0
2025-07-25T08:16:50.108303,gateio,0.15314,0.15323,2.0,3.0
2025-07-25T08:16:50.143440,bybit,0.15322,0.15324,390.0,420.0
2025-07-25T08:16:50.215012,bitget,0.15323,0.15342,2764.0,3342.0
2025-07-25T08:16:50.243552,bybit,0.15321,0.15323,650.0,350.0
2025-07-25T08:16:50.250635,bingx,0.15308,0.15331,400.0,1058.24
2025-07-25T08:16:50.343998,bybit,0.15321,0.15322,1020.0,340.0
2025-07-25T08:16:50.365843,bitget,0.15323,0.15342,2764.0,3342.0
2025-07-25T08:16:50.443681,bybit,0.0,0.0,0.0,0.0
2025-07-25T08:16:50.496919,mexc,0.15321,0.15325,304728.0,304728.0
2025-07-25T08:16:50.549873,blofin,0.15334,0.15336,16.0,78.0
2025-07-25T08:16:50.553822,bingx,0.15314,0.15338,400.0,1058.24
2025-07-25T08:16:50.643247,bybit,0.15319,0.15321,400.0,320.0
2025-07-25T08:16:50.663952,bitget,0.15323,0.15342,2764.0,4011.0
2025-07-25T08:16:50.682197,bitmart,0.153,0.15372,3907.0,15148.0
2025-07-25T08:16:50.682830,gateio,0.15312,0.15323,8.0,3.0
2025-07-25T08:16:50.816097,bitget,0.15323,0.15342,2095.0,4011.0
2025-07-25T08:16:50.843118,bybit,0.15319,0.1532,350.0,370.0
2025-07-25T08:16:50.867907,gateio,0.15312,0.15323,2.0,3.0
2025-07-25T08:16:50.965372,bitget,0.15317,0.15335,25788.0,3342.0
2025-07-25T08:16:51.058158,blofin,0.15328,0.15335,16.0,51.0
2025-07-25T08:16:51.121690,bitget,0.15317,0.15335,27883.0,3342.0
2025-07-25T08:16:51.160478,bingx,0.15312,0.15336,400.0,1058.24
2025-07-25T08:16:51.263598,bitget,0.15318,0.15341,3342.0,143.0
2025-07-25T08:16:51.332513,gateio,0.15306,0.15318,2.0,16.0
2025-07-25T08:16:51.343253,bybit,0.15314,0.15315,130.0,580.0
2025-07-25T08:16:51.355282,gateio,0.15306,0.15318,2.0,19.0
2025-07-25T08:16:51.377623,gateio,0.15304,0.15318,2.0,19.0
2025-07-25T08:16:51.388888,gateio,0.15302,0.15318,2.0,19.0
2025-07-25T08:16:51.443361,bybit,0.15314,0.15315,470.0,730.0
2025-07-25T08:16:51.451265,gateio,0.15304,0.15318,2.0,19.0
2025-07-25T08:16:51.542936,bybit,0.0,0.0,0.0,0.0
2025-07-25T08:16:51.556519,blofin,0.15323,0.15326,90.0,53.0
2025-07-25T08:16:51.565692,bitget,0.15313,0.15334,14030.0,3228.0
2025-07-25T08:16:51.661613,bitmart,0.15301,0.1536,160.0,12100.0
2025-07-25T08:16:51.715830,bitget,0.15313,0.15334,14030.0,3228.0
2025-07-25T08:16:51.758110,bingx,0.15308,0.15332,400.0,1058.24
2025-07-25T08:16:51.843659,bybit,0.15314,0.0,890.0,0.0
2025-07-25T08:16:51.888924,gateio,0.15304,0.15318,2.0,6.0
2025-07-25T08:16:52.014417,bitget,0.15313,0.15334,14030.0,3228.0
2025-07-25T08:16:52.056409,blofin,0.15323,0.15328,90.0,57.0
2025-07-25T08:16:52.166287,bitget,0.15313,0.15334,14030.0,3228.0
2025-07-25T08:16:52.276735,gateio,0.15304,0.15318,15.0,6.0
2025-07-25T08:16:52.286951,gateio,0.15304,0.15318,18.0,3.0
2025-07-25T08:16:52.343039,bybit,0.15314,0.15322,1080.0,160.0
2025-07-25T08:16:52.386983,gateio,0.15306,0.15318,15.0,3.0
2025-07-25T08:16:52.421026,gateio,0.15306,0.15318,17.0,3.0
2025-07-25T08:16:52.430701,gateio,0.15312,0.15325,13.0,3.0
2025-07-25T08:16:52.443648,bybit,0.15324,0.15325,260.0,40.0
2025-07-25T08:16:52.445005,gateio,0.15313,0.15325,15.0,3.0
2025-07-25T08:16:52.456647,gateio,0.15314,0.15325,3.0,3.0
2025-07-25T08:16:52.466773,bitget,0.15313,0.15334,14030.0,3228.0
2025-07-25T08:16:52.494540,gateio,0.15315,0.15325,15.0,3.0
2025-07-25T08:16:52.504427,gateio,0.15316,0.15325,3.0,3.0
2025-07-25T08:16:52.514769,gateio,0.15316,0.15325,31.0,3.0
2025-07-25T08:16:52.544663,bybit,0.15324,0.0,630.0,0.0
2025-07-25T08:16:52.546889,gateio,0.15316,0.15336,31.0,56.0
2025-07-25T08:16:52.560859,blofin,0.15322,0.15328,271.0,4.0
2025-07-25T08:16:52.598589,gateio,0.15316,0.15336,16.0,59.0
2025-07-25T08:16:52.611082,gateio,0.15316,0.15336,3.0,59.0
2025-07-25T08:16:52.616330,bitget,0.15325,0.15348,669.0,351.0
2025-07-25T08:16:52.622818,gateio,0.15316,0.15334,16.0,13.0
2025-07-25T08:16:52.648866,gateio,0.15316,0.15334,3.0,16.0
2025-07-25T08:16:52.665464,bingx,0.15309,0.15334,400.0,1058.24
2025-07-25T08:16:52.682001,bitmart,0.15301,0.15372,160.0,15148.0
2025-07-25T08:16:52.743721,bybit,0.15324,0.0,3130.0,0.0
2025-07-25T08:16:52.764932,bitget,0.15325,0.15348,2764.0,351.0
2025-07-25T08:16:52.802927,gateio,0.15316,0.15334,16.0,16.0
2025-07-25T08:16:52.862573,mexc,0.15335,0.15339,304728.0,304728.0
2025-07-25T08:16:52.956815,bingx,0.15319,0.15343,400.0,1058.24
2025-07-25T08:16:52.993351,gateio,0.15316,0.15334,3.0,16.0
2025-07-25T08:16:53.057287,blofin,0.15338,0.15339,16.0,218.0
2025-07-25T08:16:53.065368,bitget,0.15326,0.15348,182.0,351.0
2025-07-25T08:16:53.244475,bybit,0.15324,0.0,3330.0,0.0
2025-07-25T08:16:53.268290,bingx,0.15316,0.15341,400.0,1058.24
2025-07-25T08:16:53.443656,bybit,0.15324,0.0,3130.0,0.0
2025-07-25T08:16:53.503102,gateio,0.15316,0.15334,16.0,20.0
2025-07-25T08:16:53.517213,bitget,0.15326,0.15348,182.0,351.0
2025-07-25T08:16:53.554602,blofin,0.15338,0.15339,16.0,218.0
2025-07-25T08:16:53.584773,gateio,0.15316,0.15334,3.0,20.0
2025-07-25T08:16:53.625227,gateio,0.15316,0.15334,16.0,20.0
2025-07-25T08:16:53.664267,bitmart,0.15306,0.15372,4682.0,15148.0
2025-07-25T08:16:53.664763,gateio,0.15316,0.15334,3.0,20.0
2025-07-25T08:16:53.772696,gateio,0.15316,0.15334,16.0,20.0
2025-07-25T08:16:53.790976,gateio,0.15316,0.15334,3.0,20.0
2025-07-25T08:16:53.872507,gateio,0.15316,0.15334,16.0,20.0
2025-07-25T08:16:53.966831,bitget,0.15325,0.15348,6106.0,351.0
2025-07-25T08:16:53.984946,gateio,0.15316,0.15334,3.0,20.0
2025-07-25T08:16:54.075264,blofin,0.15336,0.15339,17.0,218.0
2025-07-25T08:16:54.163615,bingx,0.15316,0.15341,400.0,1058.24
2025-07-25T08:16:54.192958,gateio,0.15316,0.15334,16.0,20.0
2025-07-25T08:16:54.290368,gateio,0.15316,0.15334,3.0,20.0
2025-07-25T08:16:54.302950,gateio,0.15316,0.15334,16.0,20.0
2025-07-25T08:16:54.422948,gateio,0.15316,0.15334,3.0,20.0
2025-07-25T08:16:54.428771,bitget,0.15326,0.15348,182.0,351.0
2025-07-25T08:16:54.502880,gateio,0.15316,0.15334,16.0,20.0
2025-07-25T08:16:54.549393,blofin,0.15337,0.15339,19.0,218.0
2025-07-25T08:16:54.676323,bitmart,0.15306,0.15371,4682.0,159.0
2025-07-25T08:16:54.744562,gateio,0.15316,0.15334,3.0,20.0
2025-07-25T08:16:54.822816,gateio,0.15316,0.15334,16.0,20.0
2025-07-25T08:16:54.917193,gateio,0.15316,0.15334,3.0,23.0
2025-07-25T08:16:54.930706,gateio,0.15316,0.15334,16.0,23.0
2025-07-25T08:16:54.943109,bybit,0.15324,0.0,2870.0,0.0
2025-07-25T08:16:55.060947,blofin,0.15337,0.15339,19.0,218.0
2025-07-25T08:16:55.064959,bingx,0.15316,0.15341,400.0,1058.24
2025-07-25T08:16:55.164695,gateio,0.15316,0.15334,3.0,23.0
2025-07-25T08:16:55.167258,bitget,0.15325,0.15348,6106.0,351.0
2025-07-25T08:16:55.281414,mexc,0.15333,0.15342,304728.0,304728.0
2025-07-25T08:16:55.315959,bitget,0.15325,0.15348,6106.0,351.0
2025-07-25T08:16:55.316715,gateio,0.15316,0.15334,16.0,23.0
2025-07-25T08:16:55.350625,gateio,0.15316,0.15334,3.0,10.0
2025-07-25T08:16:55.364582,gateio,0.15317,0.15334,47.0,3.0
2025-07-25T08:16:55.384505,gateio,0.15322,0.15334,7.0,3.0
2025-07-25T08:16:55.404623,gateio,0.15322,0.15334,10.0,3.0
2025-07-25T08:16:55.416669,gateio,0.15322,0.15336,16.0,3.0
2025-07-25T08:16:55.432656,gateio,0.15322,0.15334,9.0,16.0
2025-07-25T08:16:55.443446,bybit,0.15329,0.1533,1550.0,80.0
2025-07-25T08:16:55.467768,bitget,0.15333,0.1535,669.0,3342.0
2025-07-25T08:16:55.491213,gateio,0.15322,0.15334,6.0,16.0
2025-07-25T08:16:55.542872,bybit,0.15329,0.1533,510.0,420.0
2025-07-25T08:16:55.566335,blofin,0.15338,0.15339,260.0,218.0
2025-07-25T08:16:55.616134,bitget,0.15332,0.1535,669.0,3342.0
2025-07-25T08:16:55.643530,bybit,0.15329,0.0,890.0,0.0
2025-07-25T08:16:55.660307,bitmart,0.15306,0.15371,27486.0,159.0
2025-07-25T08:16:55.666094,bingx,0.15323,0.15347,400.0,1058.24
2025-07-25T08:16:55.767551,bitget,0.15332,0.1535,669.0,3342.0
2025-07-25T08:16:55.971051,bingx,0.15323,0.15347,400.0,1058.24
2025-07-25T08:16:56.040807,gateio,0.15322,0.15334,6.0,3.0
2025-07-25T08:16:56.043236,bybit,0.15331,0.15335,340.0,370.0
2025-07-25T08:16:56.062542,blofin,0.15338,0.15346,16.0,321.0
2025-07-25T08:16:56.063065,gateio,0.15323,0.15336,15.0,3.0
2025-07-25T08:16:56.084945,gateio,0.15324,0.15336,3.0,3.0
2025-07-25T08:16:56.143764,bybit,0.15332,0.0,420.0,0.0
2025-07-25T08:16:56.217341,bitget,0.15333,0.15354,208.0,3228.0
2025-07-25T08:16:56.245861,bybit,0.15333,0.15334,380.0,340.0
2025-07-25T08:16:56.303276,gateio,0.15324,0.15338,3.0,13.0
2025-07-25T08:16:56.343189,bybit,0.0,0.1534,0.0,110.0
2025-07-25T08:16:56.345409,gateio,0.15324,0.15338,16.0,3.0
2025-07-25T08:16:56.365070,gateio,0.15325,0.15342,15.0,82.0
2025-07-25T08:16:56.368266,bitget,0.15333,0.15354,208.0,3228.0
2025-07-25T08:16:56.377395,gateio,0.15326,0.1534,3.0,3.0
2025-07-25T08:16:56.443027,bybit,0.15334,0.1534,1300.0,40.0
2025-07-25T08:16:56.443064,gateio,0.15327,0.1534,15.0,3.0
2025-07-25T08:16:56.454504,gateio,0.15328,0.1534,3.0,3.0
2025-07-25T08:16:56.466880,gateio,0.15328,0.1534,3.0,16.0
2025-07-25T08:16:56.519475,bitget,0.15333,0.15354,3384.0,3228.0
2025-07-25T08:16:56.543650,bybit,0.15336,0.15338,370.0,410.0
2025-07-25T08:16:56.549154,blofin,0.15345,0.15346,80.0,270.0
2025-07-25T08:16:56.566993,bingx,0.15325,0.1535,400.0,1058.24
2025-07-25T08:16:56.643281,bybit,0.15337,0.0,380.0,0.0
2025-07-25T08:16:56.653719,bitmart,0.15313,0.15371,3893.0,159.0
2025-07-25T08:16:56.669318,bitget,0.15333,0.15354,4736.0,3228.0
2025-07-25T08:16:56.872247,bingx,0.15328,0.15352,400.0,1058.24
2025-07-25T08:16:57.056144,blofin,0.15345,0.15346,80.0,270.0
2025-07-25T08:16:57.195378,gateio,0.15328,0.1534,3.0,3.0
2025-07-25T08:16:57.243349,bybit,0.0,0.1534,0.0,40.0
2025-07-25T08:16:57.295250,gateio,0.15328,0.15342,3.0,86.0
2025-07-25T08:16:57.295320,gateio,0.15328,0.15341,3.0,3.0
2025-07-25T08:16:57.343499,bybit,0.15338,0.15339,400.0,380.0
2025-07-25T08:16:57.407541,gateio,0.15328,0.15341,18.0,3.0
2025-07-25T08:16:57.486987,gateio,0.15328,0.15341,3.0,3.0
2025-07-25T08:16:57.556100,blofin,0.15345,0.15346,366.0,268.0
2025-07-25T08:16:57.596146,bitmart,0.15313,0.15371,39702.0,159.0
2025-07-25T08:16:57.719012,bitget,0.15333,0.15354,5116.0,3228.0
2025-07-25T08:16:57.722267,mexc,0.15343,0.15348,304728.0,304728.0
2025-07-25T08:16:57.742985,bybit,0.15335,0.0,250.0,0.0
2025-07-25T08:16:57.778243,bingx,0.15328,0.15352,400.0,1058.24
2025-07-25T08:16:57.843101,bybit,0.15336,0.15338,340.0,360.0
2025-07-25T08:16:57.943308,bybit,0.15337,0.0,400.0,0.0
2025-07-25T08:16:58.064227,blofin,0.15345,0.15346,368.0,268.0
2025-07-25T08:16:58.320349,bitget,0.15333,0.15354,5116.0,3228.0
2025-07-25T08:16:58.566392,blofin,0.15345,0.15346,4.0,268.0
2025-07-25T08:16:58.618663,bitget,0.15333,0.15354,5096.0,3228.0
2025-07-25T08:16:58.677228,bingx,0.15328,0.15352,400.0,1058.24
2025-07-25T08:16:58.696170,bitmart,0.15313,0.15371,39702.0,159.0
2025-07-25T08:16:58.943030,bybit,0.15337,0.0,590.0,0.0
2025-07-25T08:16:59.057111,blofin,0.15345,0.15347,4.0,9.0
2025-07-25T08:16:59.218882,bitget,0.15333,0.15355,5096.0,138.0
2025-07-25T08:16:59.369588,bitget,0.15335,0.15357,208.0,4011.0
2025-07-25T08:16:59.531415,blofin,0.15347,0.1535,392.0,8.0
2025-07-25T08:16:59.579329,bingx,0.15328,0.15352,400.0,1058.24
2025-07-25T08:16:59.670703,bitget,0.15335,0.15357,208.0,4011.0
2025-07-25T08:16:59.676338,bitmart,0.15314,0.15381,160.0,36237.0
2025-07-25T08:17:00.045321,bybit,0.15337,0.0,190.0,0.0
2025-07-25T08:17:00.078628,mexc,0.15343,0.15348,304728.0,304728.0
2025-07-25T08:17:00.080656,blofin,0.15347,0.1535,393.0,8.0
2025-07-25T08:17:00.148888,gateio,0.15328,0.15341,3.0,6.0
2025-07-25T08:17:00.343826,bybit,0.0,0.15338,0.0,530.0
2025-07-25T08:17:00.425520,gateio,0.15326,0.15339,3.0,10.0
2025-07-25T08:17:00.428808,bitget,0.15333,0.15356,360.0,351.0
2025-07-25T08:17:00.443070,bybit,0.15331,0.15332,350.0,480.0
2025-07-25T08:17:00.444831,gateio,0.15324,0.15334,3.0,16.0
2025-07-25T08:17:00.455190,gateio,0.15322,0.15334,3.0,20.0
2025-07-25T08:17:00.475344,gateio,0.15318,0.15334,3.0,23.0
2025-07-25T08:17:00.485473,bingx,0.15328,0.15352,400.0,1058.24
2025-07-25T08:17:00.523238,gateio,0.15318,0.15334,8.0,20.0
2025-07-25T08:17:00.543976,blofin,0.15347,0.15348,1.0,40.0
2025-07-25T08:17:00.547148,bybit,0.1532,0.15322,1300.0,480.0
2025-07-25T08:17:00.547842,gateio,0.15318,0.15332,3.0,10.0
2025-07-25T08:17:00.560887,gateio,0.15318,0.15328,3.0,13.0
2025-07-25T08:17:00.568143,gateio,0.15318,0.15328,3.0,20.0
2025-07-25T08:17:00.569139,bitget,0.15328,0.1535,66.0,4011.0
2025-07-25T08:17:00.596539,gateio,0.15312,0.15328,13.0,23.0
2025-07-25T08:17:00.613057,gateio,0.15312,0.15328,3.0,23.0
2025-07-25T08:17:00.640452,gateio,0.15312,0.15325,3.0,7.0
2025-07-25T08:17:00.643065,bybit,0.15317,0.15318,420.0,320.0
2025-07-25T08:17:00.650583,gateio,0.15312,0.15325,3.0,10.0
2025-07-25T08:17:00.672568,bitmart,0.15314,0.1538,160.0,107.0
2025-07-25T08:17:00.672605,gateio,0.1531,0.15325,13.0,10.0
2025-07-25T08:17:00.723174,bitget,0.15321,0.15342,159.0,669.0
2025-07-25T08:17:00.743394,bybit,0.0,0.15318,0.0,680.0
2025-07-25T08:17:00.807163,gateio,0.1531,0.15325,3.0,10.0
2025-07-25T08:17:00.843385,bybit,0.15317,0.0,2920.0,0.0
2025-07-25T08:17:00.869118,bitget,0.15319,0.15336,66.0,3342.0
2025-07-25T08:17:00.915042,gateio,0.1531,0.15325,16.0,10.0
2025-07-25T08:17:00.943643,bybit,0.15317,0.15318,420.0,320.0
2025-07-25T08:17:01.018978,gateio,0.15308,0.15325,13.0,10.0
2025-07-25T08:17:01.043144,gateio,0.15308,0.15325,3.0,10.0
2025-07-25T08:17:01.043419,bybit,0.0,0.15318,0.0,740.0
2025-07-25T08:17:01.075299,blofin,0.15332,0.15334,154.0,30.0
2025-07-25T08:17:01.091209,bingx,0.15318,0.15339,400.0,529.12
2025-07-25T08:17:01.170978,bitget,0.15319,0.15335,66.0,669.0
2025-07-25T08:17:01.322130,bitget,0.15319,0.15335,66.0,669.0
2025-07-25T08:17:01.487261,gateio,0.15308,0.15325,16.0,10.0
2025-07-25T08:17:01.566381,blofin,0.15332,0.15333,154.0,248.0
2025-07-25T08:17:01.596196,bitmart,0.15314,0.1537,160.0,27199.0
2025-07-25T08:17:01.619856,bitget,0.15319,0.15335,66.0,669.0
2025-07-25T08:17:01.626848,gateio,0.15308,0.15325,3.0,10.0
2025-07-25T08:17:01.687940,bingx,0.15309,0.15329,400.0,529.12
2025-07-25T08:17:01.768570,gateio,0.15308,0.15325,6.0,10.0
2025-07-25T08:17:01.778747,bitget,0.15319,0.15335,66.0,669.0
2025-07-25T08:17:02.066877,blofin,0.15332,0.15333,154.0,248.0
2025-07-25T08:17:02.143108,bybit,0.15317,0.0,2920.0,0.0
2025-07-25T08:17:02.243967,bybit,0.15317,0.15324,420.0,260.0
2025-07-25T08:17:02.342950,bybit,0.15318,0.15319,390.0,320.0
2025-07-25T08:17:02.443176,bybit,0.0,0.15319,0.0,680.0
2025-07-25T08:17:02.465671,mexc,0.15335,0.1534,304728.0,304728.0
2025-07-25T08:17:02.522319,bitget,0.15319,0.15335,66.0,669.0
2025-07-25T08:17:02.548327,blofin,0.15332,0.15333,154.0,95.0
2025-07-25T08:17:02.599018,bingx,0.15309,0.15329,400.0,529.12
2025-07-25T08:17:02.683929,bitmart,0.15314,0.1537,160.0,27199.0
2025-07-25T08:17:02.732678,gateio,0.15308,0.15325,3.0,10.0
2025-07-25T08:17:02.943323,bybit,0.15317,0.15318,40.0,320.0
2025-07-25T08:17:03.037752,gateio,0.15308,0.15324,3.0,32.0
2025-07-25T08:17:03.038241,gateio,0.15308,0.15322,3.0,13.0
2025-07-25T08:17:03.056924,gateio,0.15304,0.15321,13.0,3.0
2025-07-25T08:17:03.085325,blofin,0.15332,0.15333,154.0,95.0
2025-07-25T08:17:03.094024,gateio,0.15304,0.15321,6.0,3.0
2025-07-25T08:17:03.143375,bybit,0.15317,0.0,450.0,0.0
2025-07-25T08:17:03.148131,gateio,0.15304,0.15321,19.0,3.0
2025-07-25T08:17:03.148258,gateio,0.15305,0.15321,15.0,3.0
2025-07-25T08:17:03.196909,gateio,0.15308,0.15321,16.0,3.0
2025-07-25T08:17:03.223738,gateio,0.15309,0.15321,15.0,3.0
2025-07-25T08:17:03.235155,gateio,0.1531,0.15321,16.0,3.0
2025-07-25T08:17:03.243093,bybit,0.1532,0.15326,560.0,530.0
2025-07-25T08:17:03.245051,gateio,0.15311,0.15323,15.0,3.0
2025-07-25T08:17:03.262927,gateio,0.15312,0.15323,16.0,3.0
2025-07-25T08:17:03.272556,bitget,0.15317,0.15339,14663.0,364.0
2025-07-25T08:17:03.299351,gateio,0.15313,0.15323,15.0,3.0
2025-07-25T08:17:03.312658,gateio,0.15314,0.15325,3.0,3.0
2025-07-25T08:17:03.324829,gateio,0.15314,0.15325,9.0,3.0
2025-07-25T08:17:03.341807,gateio,0.15314,0.15325,22.0,3.0
2025-07-25T08:17:03.342968,bybit,0.15323,0.15325,600.0,350.0
2025-07-25T08:17:03.404471,gateio,0.15314,0.15328,22.0,3.0
2025-07-25T08:17:03.421769,bitget,0.15324,0.15343,669.0,3342.0
2025-07-25T08:17:03.443695,bybit,0.15324,0.15326,420.0,530.0
2025-07-25T08:17:03.491868,bingx,0.15312,0.15332,400.0,529.12
2025-07-25T08:17:03.543220,bybit,0.15324,0.0,2920.0,0.0
2025-07-25T08:17:03.557818,blofin,0.15334,0.15341,950.0,4.0
2025-07-25T08:17:03.571588,bitget,0.15324,0.15343,2561.0,3342.0
2025-07-25T08:17:03.590923,gateio,0.15314,0.15328,9.0,3.0
2025-07-25T08:17:03.603211,gateio,0.15314,0.15328,3.0,20.0
2025-07-25T08:17:03.644493,bybit,0.1532,0.15321,560.0,320.0
2025-07-25T08:17:03.663874,bitmart,0.15314,0.15369,160.0,212.0
2025-07-25T08:17:03.723047,bitget,0.1532,0.15343,66.0,5124.0
2025-07-25T08:17:03.743257,bybit,0.1532,0.0,940.0,0.0
2025-07-25T08:17:03.791903,bingx,0.15317,0.15337,400.0,529.12
2025-07-25T08:17:03.843098,bybit,0.15321,0.15324,1680.0,350.0
2025-07-25T08:17:03.870981,bitget,0.15319,0.15343,1108.0,5124.0
2025-07-25T08:17:03.943930,bybit,0.15323,0.0,390.0,0.0
2025-07-25T08:17:04.024585,bitget,0.15321,0.15343,208.0,5124.0
2025-07-25T08:17:04.042823,gateio,0.15314,0.15328,3.0,7.0
2025-07-25T08:17:04.065741,blofin,0.15332,0.15339,5.0,99.0
2025-07-25T08:17:04.095428,bingx,0.15314,0.15335,400.0,529.12
2025-07-25T08:17:04.171088,bitget,0.15322,0.15343,182.0,5124.0
2025-07-25T08:17:04.323000,bitget,0.15322,0.15343,182.0,5124.0
2025-07-25T08:17:04.374133,gateio,0.15314,0.15328,3.0,20.0
2025-07-25T08:17:04.473284,bitget,0.1532,0.15343,668.0,5124.0
2025-07-25T08:17:04.551963,blofin,0.15332,0.15339,5.0,3.0
2025-07-25T08:17:04.591801,bitmart,0.15314,0.15369,160.0,212.0
2025-07-25T08:17:04.622884,bitget,0.15322,0.15343,66.0,5124.0
2025-07-25T08:17:04.773698,bitget,0.15324,0.15343,66.0,5124.0
2025-07-25T08:17:04.852041,mexc,0.15335,0.1534,304728.0,304728.0
2025-07-25T08:17:04.922960,bitget,0.15324,0.15343,66.0,5124.0
2025-07-25T08:17:04.943243,bybit,0.0,0.15326,0.0,530.0
2025-07-25T08:17:04.984899,gateio,0.15314,0.15328,3.0,7.0
2025-07-25T08:17:05.003729,bingx,0.15314,0.15335,400.0,529.12
2025-07-25T08:17:05.062856,blofin,0.15335,0.15339,3.0,83.0
2025-07-25T08:17:05.142959,bybit,0.15324,0.15325,340.0,390.0
2025-07-25T08:17:05.226006,bitget,0.15324,0.15343,66.0,5124.0
2025-07-25T08:17:05.373331,bitget,0.15324,0.15343,66.0,5124.0
2025-07-25T08:17:05.548331,blofin,0.15336,0.1534,3.0,85.0
2025-07-25T08:17:05.564850,gateio,0.15314,0.15328,16.0,7.0
2025-07-25T08:17:05.607171,bingx,0.15317,0.15338,400.0,529.12
2025-07-25T08:17:05.673388,bitmart,0.15314,0.15369,160.0,212.0
2025-07-25T08:17:05.674893,bitget,0.15324,0.15343,94.0,5124.0
2025-07-25T08:17:05.829081,bitget,0.15324,0.15343,94.0,5124.0
2025-07-25T08:17:05.899231,gateio,0.15314,0.15328,3.0,7.0
2025-07-25T08:17:05.973795,bitget,0.15324,0.15343,94.0,5124.0
2025-07-25T08:17:06.059521,blofin,0.15336,0.1534,3.0,85.0
2025-07-25T08:17:06.274921,bitget,0.15324,0.15343,94.0,5124.0
2025-07-25T08:17:06.283019,gateio,0.15314,0.15328,3.0,20.0
2025-07-25T08:17:06.424187,bitget,0.15324,0.15343,94.0,5124.0
2025-07-25T08:17:06.500975,bingx,0.15317,0.15338,400.0,529.12
2025-07-25T08:17:06.550532,blofin,0.15335,0.15339,7.0,3.0
2025-07-25T08:17:06.595994,bitmart,0.15314,0.15369,160.0,212.0
2025-07-25T08:17:06.725675,bitget,0.15324,0.15343,94.0,5124.0
2025-07-25T08:17:06.807760,bingx,0.15315,0.15335,400.0,529.12
2025-07-25T08:17:07.062672,blofin,0.15335,0.15339,7.0,3.0
2025-07-25T08:17:07.208233,mexc,0.15334,0.15342,304728.0,304728.0
2025-07-25T08:17:07.553737,blofin,0.15336,0.1534,11.0,19.0
2025-07-25T08:17:07.648680,bitmart,0.15314,0.15369,160.0,212.0
2025-07-25T08:17:07.717615,bingx,0.15315,0.15335,400.0,529.12
2025-07-25T08:17:08.052041,blofin,0.15336,0.1534,11.0,19.0
2025-07-25T08:17:08.560026,blofin,0.15335,0.15339,9.0,17.0
2025-07-25T08:17:08.607025,bingx,0.15315,0.15335,400.0,529.12
2025-07-25T08:17:08.607061,bitmart,0.15314,0.15369,160.0,212.0
2025-07-25T08:17:09.047113,blofin,0.15335,0.15339,11.0,17.0
2025-07-25T08:17:09.513419,bingx,0.15315,0.15335,400.0,529.12
2025-07-25T08:17:09.553566,blofin,0.15335,0.15339,9.0,21.0
2025-07-25T08:17:09.598461,mexc,0.15334,0.15342,304728.0,304728.0
2025-07-25T08:17:09.626531,gateio,0.15314,0.15328,8.0,20.0
2025-07-25T08:17:09.663257,bitmart,0.15314,0.15369,160.0,212.0
2025-07-25T08:17:09.853137,gateio,0.15314,0.15328,8.0,7.0
2025-07-25T08:17:09.925103,gateio,0.15316,0.15328,3.0,3.0
2025-07-25T08:17:09.942936,bybit,0.15325,0.15326,900.0,530.0
2025-07-25T08:17:09.954912,gateio,0.15316,0.15328,34.0,3.0
2025-07-25T08:17:09.984968,gateio,0.15317,0.15328,15.0,3.0
2025-07-25T08:17:10.009026,gateio,0.15318,0.15328,3.0,3.0
2025-07-25T08:17:10.024658,bitget,0.15325,0.15344,4011.0,3342.0
2025-07-25T08:17:10.043378,bybit,0.15325,0.0,1300.0,0.0
2025-07-25T08:17:10.074835,blofin,0.15335,0.15339,8.0,21.0
2025-07-25T08:17:10.175829,bitget,0.15327,0.15344,208.0,3342.0
2025-07-25T08:17:10.325509,bitget,0.15327,0.15344,254.0,3342.0
2025-07-25T08:17:10.343311,bybit,0.15325,0.0,1100.0,0.0
2025-07-25T08:17:10.422187,bingx,0.15319,0.15338,400.0,529.12
2025-07-25T08:17:10.560270,blofin,0.15338,0.15339,807.0,4.0
2025-07-25T08:17:10.592596,bitmart,0.15314,0.15369,160.0,212.0
2025-07-25T08:17:11.058275,blofin,0.15338,0.15339,810.0,4.0
2025-07-25T08:17:11.226771,bitget,0.15327,0.15344,66.0,3342.0
2025-07-25T08:17:11.327838,bingx,0.15319,0.15338,400.0,529.12
2025-07-25T08:17:11.342817,bybit,0.15325,0.15326,910.0,910.0
2025-07-25T08:17:11.527003,bitget,0.15327,0.15344,66.0,3342.0
2025-07-25T08:17:11.561474,blofin,0.15339,0.15342,19.0,4.0
2025-07-25T08:17:11.661941,bitmart,0.15314,0.15369,160.0,212.0
2025-07-25T08:17:11.843313,bybit,0.15317,0.15321,40.0,480.0
2025-07-25T08:17:11.846477,gateio,0.1531,0.15322,3.0,16.0
2025-07-25T08:17:11.898909,gateio,0.1531,0.15322,3.0,23.0
2025-07-25T08:17:11.915260,gateio,0.15309,0.15322,5.0,23.0
2025-07-25T08:17:11.926667,bingx,0.15318,0.15337,400.0,529.12
2025-07-25T08:17:11.942834,bybit,0.15314,0.15315,130.0,320.0
2025-07-25T08:17:11.970123,mexc,0.15338,0.1534,304728.0,304728.0
2025-07-25T08:17:11.976699,bitget,0.15327,0.15335,66.0,3342.0
2025-07-25T08:17:12.037971,gateio,0.15309,0.15322,5.0,10.0
2025-07-25T08:17:12.043151,bybit,0.15314,0.0,520.0,0.0
2025-07-25T08:17:12.048576,blofin,0.15339,0.15342,20.0,4.0
2025-07-25T08:17:12.051049,gateio,0.15309,0.15322,11.0,10.0
2025-07-25T08:17:12.127244,bitget,0.15319,0.15335,11746.0,3342.0
2025-07-25T08:17:12.143270,bybit,0.15315,0.15318,420.0,320.0
2025-07-25T08:17:12.143583,gateio,0.15309,0.15322,11.0,23.0
2025-07-25T08:17:12.243429,bybit,0.15316,0.15317,400.0,360.0
2025-07-25T08:17:12.244675,gateio,0.15309,0.15322,3.0,23.0
2025-07-25T08:17:12.277924,bitget,0.15319,0.15335,11746.0,3342.0
2025-07-25T08:17:12.525658,bingx,0.15312,0.15331,400.0,529.12
2025-07-25T08:17:12.544239,bybit,0.0,0.0,0.0,0.0
2025-07-25T08:17:12.544467,blofin,0.15331,0.15334,3.0,65.0
2025-07-25T08:17:12.578130,bitget,0.15316,0.15335,669.0,3342.0
2025-07-25T08:17:12.642123,bitmart,0.15314,0.15369,160.0,3411.0
2025-07-25T08:17:12.725843,bitget,0.15319,0.15335,66.0,3342.0
2025-07-25T08:17:12.828287,bingx,0.15309,0.15328,400.0,529.12
2025-07-25T08:17:13.037647,gateio,0.15309,0.15322,3.0,10.0
2025-07-25T08:17:13.061859,blofin,0.15331,0.15334,3.0,65.0
2025-07-25T08:17:13.084747,gateio,0.15309,0.15322,6.0,10.0
2025-07-25T08:17:13.296874,gateio,0.15309,0.15322,6.0,23.0
2025-07-25T08:17:13.478220,bitget,0.15319,0.15335,66.0,3342.0
2025-07-25T08:17:13.543395,bybit,0.15316,0.0,720.0,0.0
2025-07-25T08:17:13.552868,blofin,0.15331,0.15333,7.0,14.0
2025-07-25T08:17:13.627769,bitget,0.15319,0.15335,66.0,3342.0
2025-07-25T08:17:13.640543,gateio,0.15309,0.15322,3.0,23.0
2025-07-25T08:17:13.684567,bitmart,0.15314,0.15369,160.0,3411.0
2025-07-25T08:17:13.725222,bingx,0.15309,0.15328,400.0,529.12
2025-07-25T08:17:13.783475,gateio,0.15308,0.15322,5.0,23.0
2025-07-25T08:17:13.798515,gateio,0.15309,0.15322,5.0,23.0
2025-07-25T08:17:13.943675,bybit,0.15316,0.1532,3220.0,560.0
2025-07-25T08:17:14.039024,gateio,0.15309,0.15322,8.0,23.0
2025-07-25T08:17:14.043580,bybit,0.15317,0.0,650.0,0.0
2025-07-25T08:17:14.068303,blofin,0.15331,0.15333,7.0,18.0
2025-07-25T08:17:14.143712,bybit,0.15317,0.15318,420.0,320.0
2025-07-25T08:17:14.215132,gateio,0.15309,0.15322,3.0,23.0
2025-07-25T08:17:14.243286,bybit,0.0,0.15318,0.0,690.0
2025-07-25T08:17:14.291860,gateio,0.1531,0.15322,5.0,23.0
2025-07-25T08:17:14.343195,bybit,0.0,0.15318,0.0,370.0
2025-07-25T08:17:14.382512,mexc,0.15338,0.1534,304728.0,304728.0
2025-07-25T08:17:14.526968,bitget,0.15319,0.15335,212.0,3342.0
2025-07-25T08:17:14.537150,blofin,0.15331,0.15333,4.0,3.0
2025-07-25T08:17:14.633924,bingx,0.15309,0.15328,400.0,529.12
2025-07-25T08:17:14.679102,bitget,0.15319,0.15335,317.0,3342.0
2025-07-25T08:17:14.679143,bitmart,0.15314,0.15369,160.0,40279.0
2025-07-25T08:17:15.049253,blofin,0.15331,0.15333,4.0,3.0
2025-07-25T08:17:15.388441,gateio,0.15309,0.15322,3.0,23.0
2025-07-25T08:17:15.403226,gateio,0.15311,0.15322,5.0,23.0
2025-07-25T08:17:15.428516,gateio,0.15311,0.15322,5.0,10.0
2025-07-25T08:17:15.443177,bybit,0.0,0.1532,0.0,560.0
2025-07-25T08:17:15.537678,bingx,0.15309,0.15328,400.0,529.12
2025-07-25T08:17:15.543247,bybit,0.15317,0.0,610.0,0.0
2025-07-25T08:17:15.544170,blofin,0.15331,0.15333,1.0,902.0
2025-07-25T08:17:15.568471,gateio,0.15311,0.15322,8.0,10.0
2025-07-25T08:17:15.577995,bitget,0.15319,0.15335,2818.0,3342.0
2025-07-25T08:17:15.643597,bybit,0.15318,0.15319,420.0,370.0
2025-07-25T08:17:15.665934,bitmart,0.15314,0.15369,160.0,40279.0
2025-07-25T08:17:16.051347,blofin,0.15331,0.15333,1.0,903.0
2025-07-25T08:17:16.106926,gateio,0.15311,0.15322,5.0,10.0
2025-07-25T08:17:16.343130,bybit,0.15316,0.15317,2820.0,480.0
2025-07-25T08:17:16.364683,gateio,0.15311,0.1532,5.0,3.0
2025-07-25T08:17:16.384708,gateio,0.15311,0.1532,5.0,16.0
2025-07-25T08:17:16.439364,bingx,0.15309,0.15328,400.0,529.12
2025-07-25T08:17:16.478920,bitget,0.15316,0.15335,66.0,3342.0
2025-07-25T08:17:16.543447,bybit,0.15316,0.15317,3170.0,850.0
2025-07-25T08:17:16.545141,gateio,0.15304,0.1532,8.0,16.0
2025-07-25T08:17:16.547958,blofin,0.15331,0.15333,217.0,903.0
2025-07-25T08:17:16.560656,gateio,0.15305,0.1532,5.0,16.0
2025-07-25T08:17:16.643668,bybit,0.15316,0.0,2820.0,0.0
2025-07-25T08:17:16.681370,bitmart,0.15314,0.15369,160.0,40279.0
2025-07-25T08:17:16.733048,mexc,0.15338,0.1534,304728.0,304728.0
2025-07-25T08:17:16.768973,gateio,0.15306,0.1532,5.0,16.0
2025-07-25T08:17:16.780229,bitget,0.15316,0.15335,66.0,3342.0
2025-07-25T08:17:17.057204,blofin,0.15328,0.1533,7.0,329.0
2025-07-25T08:17:17.163325,gateio,0.15306,0.1532,8.0,16.0
2025-07-25T08:17:17.243200,bybit,0.15316,0.0,3210.0,0.0
2025-07-25T08:17:17.341470,bingx,0.15309,0.15328,400.0,529.12
2025-07-25T08:17:17.551483,blofin,0.15328,0.1533,6.0,16.0
2025-07-25T08:17:17.665352,bitmart,0.15314,0.15369,160.0,40279.0
2025-07-25T08:17:18.050037,blofin,0.15328,0.1533,6.0,16.0
2025-07-25T08:17:18.245170,bingx,0.15309,0.15328,400.0,529.12
2025-07-25T08:17:18.569859,blofin,0.15328,0.15331,4.0,16.0
2025-07-25T08:17:18.593357,bitmart,0.15314,0.15369,160.0,40279.0
2025-07-25T08:17:18.743104,bybit,0.0,0.0,0.0,0.0
2025-07-25T08:17:18.942933,bybit,0.15316,0.15317,2820.0,1020.0
2025-07-25T08:17:19.043656,bybit,0.15316,0.0,3220.0,0.0
2025-07-25T08:17:19.057016,blofin,0.15328,0.15331,4.0,21.0
2025-07-25T08:17:19.131609,mexc,0.15333,0.15334,304728.0,304728.0
2025-07-25T08:17:19.144847,bingx,0.15309,0.15328,400.0,529.12
2025-07-25T08:17:19.348430,bybit,0.0,0.15317,0.0,370.0
2025-07-25T08:17:19.372611,gateio,0.15306,0.1532,8.0,3.0
2025-07-25T08:17:19.554088,blofin,0.15328,0.1533,5.0,20.0
2025-07-25T08:17:19.629675,bitget,0.15316,0.15335,66.0,3342.0
2025-07-25T08:17:19.648679,bitmart,0.15314,0.15369,160.0,40279.0
2025-07-25T08:17:19.866529,gateio,0.15306,0.1532,21.0,3.0
2025-07-25T08:17:19.943571,bybit,0.15316,0.1532,720.0,210.0
2025-07-25T08:17:20.043244,bybit,0.15317,0.15319,350.0,350.0
2025-07-25T08:17:20.055150,bingx,0.15309,0.15328,400.0,529.12
2025-07-25T08:17:20.062610,blofin,0.15328,0.1533,5.0,20.0
2025-07-25T08:17:20.128630,gateio,0.15306,0.1532,8.0,3.0
2025-07-25T08:17:20.142998,bybit,0.0,0.15318,0.0,350.0
2025-07-25T08:17:20.232328,bitget,0.15316,0.15335,66.0,3342.0
2025-07-25T08:17:20.491904,gateio,0.15306,0.1532,5.0,16.0
2025-07-25T08:17:20.543064,bybit,0.15316,0.15317,310.0,320.0
2025-07-25T08:17:20.561343,blofin,0.15328,0.1533,5.0,18.0
2025-07-25T08:17:20.589236,bitmart,0.15314,0.15369,160.0,40279.0
2025-07-25T08:17:20.643301,bybit,0.0,0.15317,0.0,710.0
2025-07-25T08:17:20.943884,bybit,0.15316,0.0,3200.0,0.0
2025-07-25T08:17:20.958128,bingx,0.15309,0.15328,400.0,529.12
2025-07-25T08:17:21.005972,gateio,0.15303,0.1532,32.0,16.0
2025-07-25T08:17:21.060923,blofin,0.15328,0.1533,5.0,20.0
2025-07-25T08:17:21.204385,gateio,0.15307,0.1532,5.0,16.0
2025-07-25T08:17:21.543156,bybit,0.0,0.0,0.0,0.0
2025-07-25T08:17:21.552230,blofin,0.15328,0.1533,5.0,4.0
2025-07-25T08:17:21.580961,mexc,0.15333,0.15334,304728.0,304728.0
2025-07-25T08:17:21.588150,bitmart,0.15314,0.15369,160.0,40279.0
2025-07-25T08:17:21.616415,gateio,0.15307,0.1532,8.0,16.0
2025-07-25T08:17:21.688946,gateio,0.15307,0.1532,5.0,16.0
2025-07-25T08:17:21.731447,bitget,0.15316,0.15335,66.0,3342.0
2025-07-25T08:17:21.858806,bingx,0.15309,0.15328,400.0,529.12
2025-07-25T08:17:22.068802,blofin,0.15328,0.1533,5.0,4.0
2025-07-25T08:17:22.188149,bitget,0.15316,0.15335,66.0,3342.0
2025-07-25T08:17:22.547800,blofin,0.15328,0.1533,2.0,23.0
2025-07-25T08:17:22.677408,bitmart,0.15314,0.15369,160.0,40279.0
2025-07-25T08:17:22.759458,bingx,0.15309,0.15328,400.0,529.12
2025-07-25T08:17:23.057400,blofin,0.15328,0.1533,2.0,23.0
2025-07-25T08:17:23.058655,bingx,0.15309,0.15328,400.0,529.12
2025-07-25T08:17:23.343378,bybit,0.15316,0.0,2810.0,0.0
2025-07-25T08:17:23.532255,bitget,0.15316,0.15335,66.0,3342.0
2025-07-25T08:17:23.565298,blofin,0.15328,0.1533,5.0,23.0
2025-07-25T08:17:23.642912,bybit,0.0,0.0,0.0,0.0
2025-07-25T08:17:23.660714,bitmart,0.15314,0.15369,160.0,40279.0
2025-07-25T08:17:23.916832,mexc,0.1533,0.15331,304728.0,304728.0
2025-07-25T08:17:23.963869,bingx,0.15309,0.15328,400.0,529.12
2025-07-25T08:17:24.039935,blofin,0.15328,0.1533,5.0,22.0
2025-07-25T08:17:24.142701,bybit,0.15316,0.0,2910.0,0.0
2025-07-25T08:17:24.243767,bybit,0.0,0.15317,0.0,880.0
2025-07-25T08:17:24.342981,bybit,0.0,0.15317,0.0,710.0
2025-07-25T08:17:24.556932,blofin,0.15328,0.15331,5.0,912.0
2025-07-25T08:17:24.572069,bitmart,0.15314,0.15369,160.0,40279.0
2025-07-25T08:17:24.842910,bybit,0.0,0.15317,0.0,880.0
2025-07-25T08:17:24.908763,bingx,0.15309,0.15328,400.0,529.12
2025-07-25T08:17:25.052383,blofin,0.15328,0.15331,5.0,912.0
2025-07-25T08:17:25.554309,blofin,0.15328,0.15331,4.0,912.0
2025-07-25T08:17:25.635998,bitget,0.15316,0.15335,66.0,3342.0
2025-07-25T08:17:25.671893,bitmart,0.15314,0.15369,160.0,40279.0
2025-07-25T08:17:25.742639,bybit,0.0,0.15317,0.0,710.0
2025-07-25T08:17:25.771118,bingx,0.15309,0.15328,400.0,529.12
2025-07-25T08:17:25.783572,bitget,0.15316,0.15335,66.0,3342.0
2025-07-25T08:17:26.057978,blofin,0.15328,0.15331,5.0,912.0
2025-07-25T08:17:26.278398,mexc,0.1533,0.15331,304728.0,304728.0
2025-07-25T08:17:26.374112,bingx,0.15309,0.15328,400.0,529.12
2025-07-25T08:17:26.383683,bitget,0.15316,0.15335,66.0,3342.0
2025-07-25T08:17:26.542609,blofin,0.15328,0.15331,5.0,912.0
2025-07-25T08:17:26.684277,bitmart,0.15314,0.15369,160.0,40279.0
2025-07-25T08:17:26.842835,bybit,0.15316,0.15317,3250.0,880.0
2025-07-25T08:17:26.855921,gateio,0.15307,0.1532,5.0,3.0
2025-07-25T08:17:26.943300,bybit,0.15316,0.0,750.0,0.0
2025-07-25T08:17:26.944733,gateio,0.15308,0.1532,5.0,3.0
2025-07-25T08:17:27.003020,gateio,0.15308,0.1532,8.0,16.0
2025-07-25T08:17:27.047716,blofin,0.15328,0.15331,5.0,912.0
2025-07-25T08:17:27.139183,bitget,0.15316,0.15335,66.0,3342.0
2025-07-25T08:17:27.270083,bingx,0.15309,0.15328,400.0,529.12
2025-07-25T08:17:27.343230,bybit,0.0,0.15317,0.0,710.0
2025-07-25T08:17:27.543413,bybit,0.15316,0.0,630.0,0.0
2025-07-25T08:17:27.546305,blofin,0.15328,0.15331,5.0,912.0
2025-07-25T08:17:27.565726,bitmart,0.15314,0.15369,160.0,40279.0
2025-07-25T08:17:27.585971,bitget,0.15316,0.15335,66.0,3342.0
2025-07-25T08:17:27.836233,gateio,0.1531,0.1532,3.0,3.0
2025-07-25T08:17:27.842980,bybit,0.15318,0.15325,560.0,600.0
2025-07-25T08:17:27.847328,gateio,0.15311,0.1532,15.0,3.0
2025-07-25T08:17:27.862700,gateio,0.15312,0.15322,3.0,3.0
2025-07-25T08:17:27.882606,gateio,0.15312,0.15322,37.0,3.0
2025-07-25T08:17:27.887053,bitget,0.15316,0.15335,66.0,3342.0
2025-07-25T08:17:27.904633,gateio,0.15313,0.15326,15.0,16.0
2025-07-25T08:17:27.916547,gateio,0.15314,0.15326,18.0,3.0
2025-07-25T08:17:27.943470,bybit,0.15322,0.15324,580.0,360.0
2025-07-25T08:17:27.964692,gateio,0.15315,0.15326,15.0,3.0
2025-07-25T08:17:27.986977,gateio,0.15316,0.15326,9.0,3.0
2025-07-25T08:17:28.035207,bitget,0.15318,0.15337,3342.0,2030.0
2025-07-25T08:17:28.043431,bybit,0.15323,0.15325,1010.0,40.0
2025-07-25T08:17:28.055039,blofin,0.15329,0.15331,3.0,3.0
2025-07-25T08:17:28.144129,bybit,0.15324,0.15325,410.0,430.0
2025-07-25T08:17:28.178966,bingx,0.15309,0.15328,400.0,529.12
2025-07-25T08:17:28.186335,bitget,0.15324,0.15337,669.0,2030.0
2025-07-25T08:17:28.234512,gateio,0.15316,0.15328,9.0,3.0
2025-07-25T08:17:28.343285,bybit,0.15324,0.0,620.0,0.0
2025-07-25T08:17:28.443066,bybit,0.0,0.15325,0.0,40.0
2025-07-25T08:17:28.460752,gateio,0.15316,0.1533,9.0,13.0
2025-07-25T08:17:28.479409,bingx,0.1532,0.15337,400.0,529.12
2025-07-25T08:17:28.490954,gateio,0.15316,0.1533,22.0,3.0
2025-07-25T08:17:28.560773,blofin,0.15335,0.15337,16.0,56.0
2025-07-25T08:17:28.618503,bitmart,0.15314,0.15369,160.0,212.0
2025-07-25T08:17:28.636667,bitget,0.15325,0.15337,208.0,2030.0
2025-07-25T08:17:28.662608,mexc,0.1533,0.15331,304728.0,304728.0
2025-07-25T08:17:29.071225,blofin,0.15337,0.1534,14.0,55.0
2025-07-25T08:17:29.306917,gateio,0.15316,0.1533,9.0,3.0
2025-07-25T08:17:29.342839,bybit,0.0,0.15325,0.0,450.0
2025-07-25T08:17:29.362915,gateio,0.15316,0.1533,9.0,23.0
2025-07-25T08:17:29.380838,bingx,0.1532,0.15337,400.0,529.12
2025-07-25T08:17:29.443519,bybit,0.15324,0.0,410.0,0.0
2025-07-25T08:17:29.537179,bitget,0.15325,0.15337,208.0,2030.0
2025-07-25T08:17:29.560352,blofin,0.15337,0.1534,18.0,19.0
2025-07-25T08:17:29.664219,bitmart,0.15314,0.15369,160.0,212.0
2025-07-25T08:17:29.687088,bitget,0.15324,0.15337,669.0,2030.0
2025-07-25T08:17:29.837211,bitget,0.15324,0.15337,669.0,2030.0
2025-07-25T08:17:30.053328,blofin,0.15337,0.15339,2.0,123.0
2025-07-25T08:17:30.285708,bingx,0.1532,0.15337,400.0,529.12
2025-07-25T08:17:30.545488,blofin,0.15337,0.1534,2.0,124.0
2025-07-25T08:17:30.587612,bitget,0.15324,0.15337,669.0,2030.0
2025-07-25T08:17:30.664458,gateio,0.15312,0.15329,3.0,32.0
2025-07-25T08:17:30.665046,bitmart,0.15314,0.15369,160.0,212.0
2025-07-25T08:17:30.684604,gateio,0.15312,0.15324,3.0,23.0
2025-07-25T08:17:30.710661,gateio,0.1531,0.15324,3.0,23.0
2025-07-25T08:17:30.723026,gateio,0.15308,0.15323,3.0,7.0
2025-07-25T08:17:30.742769,bybit,0.15316,0.15317,290.0,970.0
2025-07-25T08:17:30.744442,gateio,0.15306,0.15322,5.0,16.0
2025-07-25T08:17:30.747387,bitget,0.15324,0.15336,182.0,3342.0
2025-07-25T08:17:30.818304,gateio,0.15306,0.15322,3.0,16.0
2025-07-25T08:17:30.842825,bybit,0.15316,0.15317,630.0,670.0
2025-07-25T08:17:30.887868,bitget,0.15319,0.15335,66.0,669.0
2025-07-25T08:17:30.943037,bybit,0.0,0.15317,0.0,320.0
2025-07-25T08:17:31.035563,mexc,0.15338,0.15339,304728.0,304728.0
2025-07-25T08:17:31.038516,bitget,0.15319,0.15335,66.0,669.0
2025-07-25T08:17:31.043020,bybit,0.0,0.15317,0.0,680.0
2025-07-25T08:17:31.064187,blofin,0.15331,0.15334,171.0,72.0
2025-07-25T08:17:31.189982,bingx,0.15312,0.15334,9680.79,1058.24
2025-07-25T08:17:31.443315,bybit,0.0,0.0,0.0,0.0
2025-07-25T08:17:31.493660,bingx,0.15309,0.15331,9680.79,1058.24
2025-07-25T08:17:31.557258,blofin,0.15331,0.15334,172.0,72.0
2025-07-25T08:17:31.584966,gateio,0.15305,0.15322,5.0,16.0
2025-07-25T08:17:31.612594,gateio,0.15305,0.15322,8.0,16.0
2025-07-25T08:17:31.671176,bitmart,0.15314,0.15369,160.0,32127.0
2025-07-25T08:17:31.673668,gateio,0.15305,0.15322,5.0,16.0
2025-07-25T08:17:31.726049,gateio,0.15305,0.15322,8.0,16.0
2025-07-25T08:17:31.894585,gateio,0.15305,0.15322,8.0,3.0
2025-07-25T08:17:31.926670,gateio,0.15305,0.15322,8.0,16.0
2025-07-25T08:17:31.943132,bybit,0.15316,0.15323,1070.0,80.0
2025-07-25T08:17:31.970927,gateio,0.15306,0.15322,15.0,16.0
2025-07-25T08:17:31.984536,gateio,0.15307,0.15322,6.0,3.0
2025-07-25T08:17:32.043131,bybit,0.15317,0.15318,410.0,320.0
2025-07-25T08:17:32.054295,blofin,0.15331,0.15334,174.0,72.0
2025-07-25T08:17:32.058810,gateio,0.15307,0.15322,6.0,16.0
2025-07-25T08:17:32.083332,gateio,0.15307,0.15322,6.0,3.0
2025-07-25T08:17:32.087351,bitget,0.15319,0.15335,92.0,669.0
2025-07-25T08:17:32.104084,gateio,0.15307,0.15322,6.0,16.0
2025-07-25T08:17:32.124904,gateio,0.15307,0.15322,6.0,3.0
2025-07-25T08:17:32.143103,bybit,0.0,0.15318,0.0,690.0
2025-07-25T08:17:32.205759,gateio,0.15307,0.15322,11.0,3.0
2025-07-25T08:17:32.244681,gateio,0.15307,0.15322,11.0,16.0
2025-07-25T08:17:32.336549,gateio,0.15308,0.15322,5.0,16.0
2025-07-25T08:17:32.388434,bitget,0.15319,0.15335,92.0,669.0
2025-07-25T08:17:32.400694,bingx,0.15309,0.15331,9680.79,1058.24
2025-07-25T08:17:32.418974,gateio,0.15308,0.15322,5.0,3.0
2025-07-25T08:17:32.542715,bybit,0.15317,0.0,340.0,0.0
2025-07-25T08:17:32.561354,blofin,0.15331,0.15333,172.0,67.0
2025-07-25T08:17:32.564667,gateio,0.15308,0.15322,5.0,16.0
2025-07-25T08:17:32.643490,bybit,0.15316,0.15317,290.0,320.0
2025-07-25T08:17:32.679638,bitmart,0.15314,0.15369,160.0,32127.0
2025-07-25T08:17:32.689220,bitget,0.15316,0.15335,66.0,669.0
2025-07-25T08:17:32.744128,bybit,0.0,0.15317,0.0,690.0
2025-07-25T08:17:33.014679,gateio,0.15308,0.15322,5.0,19.0
2025-07-25T08:17:33.046194,blofin,0.15331,0.15332,169.0,67.0
2025-07-25T08:17:33.289130,bitget,0.15316,0.15335,66.0,669.0
2025-07-25T08:17:33.304693,bingx,0.15309,0.15331,9680.79,1058.24
2025-07-25T08:17:33.421263,mexc,0.15338,0.15339,304728.0,304728.0
2025-07-25T08:17:33.434532,gateio,0.15308,0.1532,5.0,13.0
2025-07-25T08:17:33.443004,bitget,0.15316,0.15335,66.0,669.0
2025-07-25T08:17:33.445614,gateio,0.15308,0.1532,5.0,20.0
2025-07-25T08:17:33.542703,bybit,0.0,0.0,0.0,0.0
2025-07-25T08:17:33.574096,blofin,0.15331,0.15332,168.0,61.0
2025-07-25T08:17:33.591332,bitget,0.15316,0.15331,66.0,3342.0
2025-07-25T08:17:33.663321,bitmart,0.15314,0.15369,160.0,32127.0
2025-07-25T08:17:34.039869,bitget,0.15316,0.15331,66.0,3342.0
2025-07-25T08:17:34.070501,blofin,0.15329,0.1533,15.0,58.0
2025-07-25T08:17:34.194756,bingx,0.15309,0.15331,9680.79,1058.24
2025-07-25T08:17:34.542254,blofin,0.15328,0.1533,8.0,21.0
2025-07-25T08:17:34.579319,bitmart,0.15314,0.15369,160.0,32127.0
2025-07-25T08:17:34.641349,bitget,0.15316,0.15331,98.0,3342.0
2025-07-25T08:17:34.940522,bitget,0.15316,0.15331,98.0,3342.0
2025-07-25T08:17:35.053385,blofin,0.15328,0.1533,8.0,18.0
2025-07-25T08:17:35.100891,bingx,0.15309,0.15331,9680.79,1058.24
2025-07-25T08:17:35.243396,bitget,0.15316,0.15331,98.0,3342.0
2025-07-25T08:17:35.306598,gateio,0.15298,0.15314,3.0,32.0
2025-07-25T08:17:35.324165,gateio,0.15298,0.15312,3.0,13.0
2025-07-25T08:17:35.342745,gateio,0.15298,0.15312,3.0,3.0
2025-07-25T08:17:35.343321,bybit,0.15306,0.15307,50.0,320.0
2025-07-25T08:17:35.368739,gateio,0.15298,0.15312,13.0,11.0
2025-07-25T08:17:35.390465,bitget,0.15315,0.15328,98.0,4011.0
2025-07-25T08:17:35.396676,gateio,0.15298,0.15312,16.0,8.0
2025-07-25T08:17:35.417524,gateio,0.15299,0.15312,3.0,8.0
2025-07-25T08:17:35.428862,gateio,0.15299,0.15312,18.0,11.0
2025-07-25T08:17:35.443548,bybit,0.15312,0.15313,550.0,320.0
2025-07-25T08:17:35.444865,gateio,0.15301,0.15312,3.0,11.0
2025-07-25T08:17:35.454740,gateio,0.15302,0.15312,15.0,11.0
2025-07-25T08:17:35.470728,gateio,0.15303,0.15312,3.0,11.0
2025-07-25T08:17:35.539405,bitget,0.15308,0.15328,486.0,5074.0
2025-07-25T08:17:35.542936,bybit,0.15313,0.15316,400.0,380.0
2025-07-25T08:17:35.546527,blofin,0.15318,0.15321,26.0,93.0
2025-07-25T08:17:35.584613,gateio,0.15303,0.15312,18.0,11.0
2025-07-25T08:17:35.644334,bybit,0.15314,0.15315,360.0,350.0
2025-07-25T08:17:35.666107,bitmart,0.15288,0.15358,40182.0,5140.0
2025-07-25T08:17:35.690642,bitget,0.15307,0.15328,390.0,5074.0
2025-07-25T08:17:35.718220,bingx,0.15304,0.15325,9680.79,1058.24
2025-07-25T08:17:35.800632,gateio,0.15303,0.15312,3.0,11.0
2025-07-25T08:17:35.802671,mexc,0.1533,0.15333,304728.0,304728.0
2025-07-25T08:17:35.840537,bitget,0.15309,0.15328,390.0,5074.0
2025-07-25T08:17:36.001139,bingx,0.15304,0.15326,9680.79,1058.24
2025-07-25T08:17:36.042695,bybit,0.15311,0.15312,560.0,320.0
2025-07-25T08:17:36.055200,blofin,0.1532,0.15324,37.0,69.0
2025-07-25T08:17:36.147085,bitget,0.15308,0.15328,486.0,5074.0
2025-07-25T08:17:36.243422,bybit,0.15311,0.0,900.0,0.0
2025-07-25T08:17:36.442988,bybit,0.0,0.15312,0.0,710.0
2025-07-25T08:17:36.541124,blofin,0.15319,0.15324,32.0,69.0
2025-07-25T08:17:36.589423,bitget,0.15309,0.15328,1292.0,5074.0
2025-07-25T08:17:36.643688,bybit,0.0,0.15317,0.0,150.0
2025-07-25T08:17:36.682449,bitmart,0.15289,0.15358,300.0,5140.0
2025-07-25T08:17:36.700541,gateio,0.15303,0.15312,3.0,8.0
2025-07-25T08:17:36.742058,bitget,0.15309,0.15328,1338.0,5074.0
2025-07-25T08:17:36.748250,bybit,0.15312,0.15316,410.0,380.0
2025-07-25T08:17:36.845601,bybit,0.15314,0.15315,360.0,320.0
2025-07-25T08:17:36.872441,gateio,0.15303,0.15312,18.0,8.0
2025-07-25T08:17:36.891247,bitget,0.1531,0.15328,182.0,5074.0
2025-07-25T08:17:36.910740,bingx,0.15304,0.15326,9680.79,1058.24
2025-07-25T08:17:36.918504,gateio,0.15303,0.15312,3.0,8.0
2025-07-25T08:17:36.942813,gateio,0.15303,0.15312,3.0,11.0
2025-07-25T08:17:36.946007,bybit,0.15311,0.15312,560.0,320.0
2025-07-25T08:17:37.002865,gateio,0.15301,0.15312,3.0,11.0
2025-07-25T08:17:37.041327,bitget,0.1531,0.15328,182.0,5074.0
2025-07-25T08:17:37.055855,blofin,0.15322,0.15325,102.0,70.0
2025-07-25T08:17:37.146613,bybit,0.15311,0.15312,920.0,730.0
2025-07-25T08:17:37.190580,bitget,0.15309,0.15328,1338.0,5074.0
2025-07-25T08:17:37.341164,bitget,0.15309,0.15328,1338.0,5074.0
2025-07-25T08:17:37.491366,bitget,0.15309,0.15328,1338.0,5074.0
2025-07-25T08:17:37.507654,bingx,0.15303,0.15325,9680.79,1058.24
2025-07-25T08:17:37.551096,blofin,0.15321,0.15324,14.0,73.0
2025-07-25T08:17:37.664846,bitmart,0.15289,0.15358,300.0,5140.0
2025-07-25T08:17:38.056665,blofin,0.15321,0.15324,16.0,73.0
2025-07-25T08:17:38.090209,bitget,0.15309,0.15328,15230.0,5074.0
2025-07-25T08:17:38.113278,gateio,0.153,0.15312,3.0,11.0
2025-07-25T08:17:38.189359,mexc,0.15319,0.15328,304728.0,304728.0
2025-07-25T08:17:38.244589,bitget,0.15309,0.15328,14561.0,5074.0
2025-07-25T08:17:38.391763,bitget,0.15309,0.15328,14561.0,5074.0
2025-07-25T08:17:38.424299,bingx,0.15303,0.15325,9680.79,1058.24
2025-07-25T08:17:38.554245,blofin,0.15321,0.15324,104.0,5.0
2025-07-25T08:17:38.676951,bitmart,0.15289,0.15358,300.0,5140.0
2025-07-25T08:17:38.842129,bitget,0.15309,0.15328,14561.0,5074.0
2025-07-25T08:17:39.061203,blofin,0.15321,0.15324,107.0,5.0
2025-07-25T08:17:39.319534,bingx,0.15303,0.15325,9680.79,1058.24
2025-07-25T08:17:39.443508,bybit,0.15312,0.15316,1090.0,350.0
2025-07-25T08:17:39.461433,gateio,0.153,0.15312,16.0,11.0
2025-07-25T08:17:39.484524,gateio,0.15301,0.15312,18.0,11.0
2025-07-25T08:17:39.543724,bybit,0.15314,0.15317,360.0,150.0
2025-07-25T08:17:39.558385,blofin,0.15321,0.15324,3.0,84.0
2025-07-25T08:17:39.567277,gateio,0.15301,0.15312,18.0,8.0
2025-07-25T08:17:39.592911,gateio,0.15302,0.15312,15.0,8.0
2025-07-25T08:17:39.642904,bybit,0.15315,0.15316,380.0,350.0
2025-07-25T08:17:39.660834,bitmart,0.15289,0.15358,300.0,5140.0
2025-07-25T08:17:39.702375,gateio,0.15302,0.15312,18.0,8.0
2025-07-25T08:17:39.713311,gateio,0.15303,0.15312,18.0,4.0
2025-07-25T08:17:39.743898,bybit,0.15315,0.0,580.0,0.0
2025-07-25T08:17:39.747464,bitget,0.15309,0.15328,16284.0,4405.0
2025-07-25T08:17:39.754372,gateio,0.15304,0.15312,15.0,4.0
2025-07-25T08:17:39.804259,gateio,0.15305,0.15312,15.0,4.0
2025-07-25T08:17:39.822538,gateio,0.15306,0.15312,15.0,4.0
2025-07-25T08:17:39.843442,bybit,0.15315,0.15319,380.0,150.0
2025-07-25T08:17:39.891300,bitget,0.1531,0.15328,1551.0,4405.0
2025-07-25T08:17:39.943334,bybit,0.15316,0.15317,400.0,350.0
2025-07-25T08:17:40.012613,gateio,0.15305,0.15312,3.0,4.0
2025-07-25T08:17:40.042758,bitget,0.1531,0.15328,1551.0,1063.0
2025-07-25T08:17:40.062268,blofin,0.15322,0.15329,102.0,73.0
2025-07-25T08:17:40.143223,bybit,0.0,0.0,0.0,0.0
2025-07-25T08:17:40.192853,bitget,0.1531,0.15328,1551.0,1063.0
2025-07-25T08:17:40.212365,gateio,0.15305,0.15312,3.0,1.0
2025-07-25T08:17:40.214863,bingx,0.15314,0.15318,9680.79,529.12
2025-07-25T08:17:40.251674,gateio,0.15305,0.15312,18.0,1.0
2025-07-25T08:17:40.346023,gateio,0.15305,0.15312,18.0,4.0
2025-07-25T08:17:40.442749,bybit,0.15312,0.15316,560.0,160.0
2025-07-25T08:17:40.466476,gateio,0.15307,0.15312,15.0,1.0
2025-07-25T08:17:40.479373,gateio,0.15307,0.15316,18.0,3.0
2025-07-25T08:17:40.491862,bitget,0.1531,0.15328,3019.0,1063.0
2025-07-25T08:17:40.495022,gateio,0.15307,0.15316,3.0,3.0
2025-07-25T08:17:40.516466,bingx,0.15314,0.15318,9680.79,529.12
2025-07-25T08:17:40.519254,gateio,0.15305,0.15316,18.0,3.0
2025-07-25T08:17:40.544670,blofin,0.15321,0.15329,120.0,91.0
2025-07-25T08:17:40.545234,bybit,0.15312,0.15314,740.0,160.0
2025-07-25T08:17:40.549250,gateio,0.15305,0.15316,3.0,3.0
2025-07-25T08:17:40.572459,mexc,0.15319,0.15328,304728.0,304728.0
2025-07-25T08:17:40.591829,bitmart,0.15289,0.15357,300.0,618.0
2025-07-25T08:17:40.642900,bybit,0.15314,0.15317,410.0,390.0
2025-07-25T08:17:40.643166,gateio,0.15305,0.15316,18.0,3.0
2025-07-25T08:17:40.643594,bitget,0.15312,0.15328,486.0,1063.0
2025-07-25T08:17:40.659379,gateio,0.15306,0.15316,15.0,3.0
2025-07-25T08:17:40.742979,bybit,0.15312,0.15314,3240.0,160.0
2025-07-25T08:17:40.793344,bitget,0.15312,0.15328,668.0,1063.0
2025-07-25T08:17:40.842909,bybit,0.15314,0.15316,370.0,380.0
2025-07-25T08:17:40.853312,gateio,0.15306,0.15316,3.0,3.0
2025-07-25T08:17:40.943039,bitget,0.15312,0.15328,486.0,1063.0
2025-07-25T08:17:40.943081,bybit,0.15314,0.15315,180.0,370.0
2025-07-25T08:17:41.042907,bybit,0.15314,0.0,530.0,0.0
2025-07-25T08:17:41.060085,blofin,0.15323,0.15329,37.0,191.0
2025-07-25T08:17:41.094814,bitget,0.15312,0.15328,486.0,1063.0
2025-07-25T08:17:41.121864,bingx,0.15313,0.15318,9680.79,529.12
2025-07-25T08:17:41.242084,bitget,0.15312,0.15328,486.0,1063.0
2025-07-25T08:17:41.243524,bybit,0.15314,0.0,350.0,0.0
2025-07-25T08:17:41.393447,bitget,0.15311,0.15328,283.0,1063.0
2025-07-25T08:17:41.422173,bingx,0.15315,0.15319,9680.79,529.12
2025-07-25T08:17:41.442863,bybit,0.0,0.15315,0.0,470.0
2025-07-25T08:17:41.543413,bybit,0.15314,0.0,530.0,0.0
2025-07-25T08:17:41.543712,bitget,0.15311,0.15328,3580.0,1063.0
2025-07-25T08:17:41.556096,blofin,0.15323,0.15329,37.0,3.0
2025-07-25T08:17:41.595285,bitmart,0.15293,0.15357,510.0,618.0
2025-07-25T08:17:41.844407,bitget,0.15311,0.15328,3580.0,1063.0
2025-07-25T08:17:41.993947,bitget,0.15312,0.15328,182.0,1063.0
2025-07-25T08:17:42.042753,bybit,0.15314,0.0,350.0,0.0
2025-07-25T08:17:42.057856,blofin,0.15324,0.1533,275.0,28.0
2025-07-25T08:17:42.294326,bitget,0.15312,0.15328,182.0,1063.0
2025-07-25T08:17:42.326866,bingx,0.15315,0.15319,9680.79,529.12
2025-07-25T08:17:42.328587,gateio,0.15303,0.15316,3.0,16.0
2025-07-25T08:17:42.343603,bybit,0.15313,0.15314,560.0,160.0
2025-07-25T08:17:42.445730,bitget,0.15311,0.15327,156.0,3342.0
2025-07-25T08:17:42.446529,gateio,0.15301,0.15316,3.0,16.0
2025-07-25T08:17:42.538448,blofin,0.15323,0.15329,19.0,5.0
2025-07-25T08:17:42.543024,bybit,0.0,0.15314,0.0,560.0
2025-07-25T08:17:42.697562,bitmart,0.15293,0.15357,510.0,618.0
2025-07-25T08:17:42.894651,bitget,0.15311,0.15327,156.0,3342.0
2025-07-25T08:17:42.923361,bingx,0.15314,0.15318,9680.79,529.12
2025-07-25T08:17:42.954602,mexc,0.15326,0.1533,304728.0,304728.0
2025-07-25T08:17:43.015971,gateio,0.15299,0.15316,3.0,16.0
2025-07-25T08:17:43.025254,gateio,0.15299,0.15316,3.0,23.0
2025-07-25T08:17:43.067471,blofin,0.15323,0.15327,5.0,1558.0
2025-07-25T08:17:43.196293,gateio,0.153,0.15316,15.0,23.0
2025-07-25T08:17:43.553260,blofin,0.15323,0.15328,17.0,32.0
2025-07-25T08:17:43.646679,gateio,0.153,0.15316,15.0,10.0
2025-07-25T08:17:43.671006,bitmart,0.15293,0.15357,510.0,618.0
2025-07-25T08:17:43.700187,gateio,0.15302,0.15316,15.0,10.0
2025-07-25T08:17:43.742900,bybit,0.15313,0.15314,920.0,400.0
2025-07-25T08:17:43.796928,bitget,0.15311,0.15328,3479.0,1063.0
2025-07-25T08:17:43.827159,bingx,0.15314,0.15318,9680.79,529.12
2025-07-25T08:17:43.882367,gateio,0.15302,0.15316,21.0,16.0
2025-07-25T08:17:44.059950,blofin,0.15323,0.15328,5.0,33.0
2025-07-25T08:17:44.556203,bitget,0.15311,0.15328,3297.0,1063.0
2025-07-25T08:17:44.568645,blofin,0.15322,0.15328,270.0,1560.0
2025-07-25T08:17:44.665446,bitmart,0.15293,0.15357,510.0,618.0
2025-07-25T08:17:44.727574,bingx,0.15314,0.15318,9680.79,529.12
2025-07-25T08:17:44.925005,gateio,0.15302,0.15316,6.0,16.0
2025-07-25T08:17:44.943308,bybit,0.15313,0.0,560.0,0.0
2025-07-25T08:17:45.042571,blofin,0.15322,0.15328,270.0,1562.0
2025-07-25T08:17:45.142564,bybit,0.15313,0.0,900.0,0.0
2025-07-25T08:17:45.145632,bitget,0.15311,0.15328,156.0,1063.0
2025-07-25T08:17:45.371919,mexc,0.15326,0.1533,304728.0,304728.0
2025-07-25T08:17:45.460840,gateio,0.15302,0.15316,6.0,3.0
2025-07-25T08:17:45.529727,blofin,0.15323,0.15328,253.0,1562.0
2025-07-25T08:17:45.545851,bybit,0.15319,0.1532,150.0,40.0
2025-07-25T08:17:45.548560,gateio,0.15303,0.15316,15.0,3.0
2025-07-25T08:17:45.568805,gateio,0.15304,0.15316,15.0,3.0
2025-07-25T08:17:45.578732,gateio,0.15305,0.15316,3.0,3.0
2025-07-25T08:17:45.594588,gateio,0.15305,0.15316,18.0,3.0
2025-07-25T08:17:45.596189,bitget,0.15312,0.15328,1294.0,1063.0
2025-07-25T08:17:45.604869,gateio,0.15307,0.1532,8.0,3.0
2025-07-25T08:17:45.614417,gateio,0.15308,0.1532,15.0,3.0
2025-07-25T08:17:45.633869,gateio,0.15309,0.1532,15.0,3.0
2025-07-25T08:17:45.633896,bingx,0.15314,0.15318,9680.79,529.12
2025-07-25T08:17:45.643045,bybit,0.15323,0.15325,150.0,40.0
2025-07-25T08:17:45.644447,gateio,0.15309,0.1532,18.0,3.0
2025-07-25T08:17:45.657529,gateio,0.1531,0.1532,15.0,3.0
2025-07-25T08:17:45.673600,bitmart,0.15293,0.15357,510.0,618.0
2025-07-25T08:17:45.684272,gateio,0.15311,0.1532,18.0,3.0
2025-07-25T08:17:45.706338,gateio,0.15311,0.1532,24.0,3.0
2025-07-25T08:17:45.721579,gateio,0.15312,0.1532,15.0,3.0
2025-07-25T08:17:45.743134,bybit,0.15327,0.1533,150.0,40.0
2025-07-25T08:17:45.745046,bitget,0.15316,0.15336,669.0,4446.0
2025-07-25T08:17:45.758197,gateio,0.15313,0.15321,18.0,4.0
2025-07-25T08:17:45.774336,gateio,0.15314,0.15321,15.0,4.0
2025-07-25T08:17:45.786411,gateio,0.15315,0.15322,15.0,3.0
2025-07-25T08:17:45.804365,gateio,0.15315,0.15322,18.0,3.0
2025-07-25T08:17:45.842711,bybit,0.15327,0.0,540.0,0.0
2025-07-25T08:17:45.844588,gateio,0.15316,0.15322,15.0,3.0
2025-07-25T08:17:45.860274,gateio,0.15317,0.15325,3.0,4.0
2025-07-25T08:17:45.876552,gateio,0.15318,0.15325,15.0,4.0
2025-07-25T08:17:45.896388,bitget,0.15323,0.15338,669.0,3037.0
2025-07-25T08:17:45.943269,bybit,0.15328,0.0,420.0,0.0
2025-07-25T08:17:45.968571,gateio,0.15319,0.15325,15.0,4.0
2025-07-25T08:17:45.998545,gateio,0.15317,0.15325,3.0,4.0
2025-07-25T08:17:46.044871,bitget,0.15323,0.15338,669.0,3037.0
2025-07-25T08:17:46.055871,blofin,0.1533,0.15331,113.0,125.0
2025-07-25T08:17:46.064143,gateio,0.15317,0.15325,18.0,4.0
2025-07-25T08:17:46.086088,gateio,0.15318,0.15325,15.0,4.0
2025-07-25T08:17:46.199687,bitget,0.15321,0.15338,13871.0,3037.0
2025-07-25T08:17:46.243381,bybit,0.15329,0.0,350.0,0.0
2025-07-25T08:17:46.245306,bingx,0.15318,0.15323,9680.79,529.12
2025-07-25T08:17:46.248334,gateio,0.15318,0.15328,15.0,3.0
2025-07-25T08:17:46.312635,gateio,0.15319,0.15328,15.0,3.0
2025-07-25T08:17:46.348347,gateio,0.15319,0.15328,18.0,3.0
2025-07-25T08:17:46.350643,bitget,0.15323,0.15338,669.0,3037.0
2025-07-25T08:17:46.505129,bitget,0.15323,0.15338,669.0,3037.0
2025-07-25T08:17:46.542024,bingx,0.15324,0.15328,9680.79,529.12
2025-07-25T08:17:46.544991,blofin,0.15329,0.15331,368.0,125.0
2025-07-25T08:17:46.645204,bitget,0.15323,0.15338,669.0,3037.0
2025-07-25T08:17:46.686202,bitmart,0.15298,0.15357,38424.0,618.0
2025-07-25T08:17:46.947052,bitget,0.15323,0.15338,669.0,3037.0
2025-07-25T08:17:47.072277,blofin,0.15329,0.15331,368.0,125.0
2025-07-25T08:17:47.142989,bybit,0.15324,0.15327,560.0,160.0
2025-07-25T08:17:47.144410,gateio,0.15319,0.15328,3.0,16.0
2025-07-25T08:17:47.164315,gateio,0.15317,0.15328,3.0,16.0
2025-07-25T08:17:47.242860,bybit,0.15326,0.1533,560.0,40.0
2025-07-25T08:17:47.246860,bitget,0.15321,0.15338,13871.0,3037.0
2025-07-25T08:17:47.293012,gateio,0.15317,0.15328,18.0,16.0
2025-07-25T08:17:47.343755,bybit,0.15327,0.0,370.0,0.0
2025-07-25T08:17:47.372408,gateio,0.15318,0.15328,15.0,16.0
2025-07-25T08:17:47.386233,gateio,0.15319,0.15328,3.0,3.0
2025-07-25T08:17:47.395803,bitget,0.15321,0.15338,13871.0,3037.0
2025-07-25T08:17:47.397316,gateio,0.1532,0.15338,15.0,32.0
2025-07-25T08:17:47.406613,gateio,0.15321,0.15338,3.0,16.0
2025-07-25T08:17:47.424494,gateio,0.15321,0.15338,3.0,48.0
2025-07-25T08:17:47.443584,bybit,0.15333,0.15335,150.0,80.0
2025-07-25T08:17:47.463512,bingx,0.15327,0.15331,9680.79,529.12
2025-07-25T08:17:47.464230,gateio,0.15322,0.15338,15.0,48.0
2025-07-25T08:17:47.476250,gateio,0.15323,0.15338,18.0,48.0
2025-07-25T08:17:47.488222,gateio,0.15323,0.15338,18.0,51.0
2025-07-25T08:17:47.510734,gateio,0.15323,0.15336,18.0,20.0
2025-07-25T08:17:47.543405,bybit,0.15333,0.0,510.0,0.0
2025-07-25T08:17:47.545377,bitget,0.1533,0.1535,669.0,4011.0
2025-07-25T08:17:47.559830,blofin,0.15331,0.15333,364.0,110.0
2025-07-25T08:17:47.568550,gateio,0.15323,0.15336,3.0,20.0
2025-07-25T08:17:47.642974,bybit,0.15334,0.1534,650.0,2670.0
2025-07-25T08:17:47.661196,gateio,0.15323,0.15336,18.0,20.0
2025-07-25T08:17:47.666542,bitmart,0.15309,0.15377,4889.0,1666.0
2025-07-25T08:17:47.676452,gateio,0.15324,0.15336,15.0,20.0
2025-07-25T08:17:47.692186,gateio,0.15325,0.15336,18.0,20.0
2025-07-25T08:17:47.699608,bitget,0.1533,0.1535,669.0,4011.0
2025-07-25T08:17:47.712307,gateio,0.15326,0.15336,15.0,20.0
2025-07-25T08:17:47.738839,bingx,0.15327,0.15331,9680.79,529.12
2025-07-25T08:17:47.742771,bybit,0.15336,0.15339,370.0,190.0
2025-07-25T08:17:47.752351,mexc,0.15326,0.1533,304728.0,304728.0
2025-07-25T08:17:47.836748,gateio,0.15327,0.15336,3.0,20.0
2025-07-25T08:17:47.843341,bybit,0.15337,0.15338,370.0,180.0
2025-07-25T08:17:47.847320,bitget,0.1533,0.1535,14535.0,4011.0
2025-07-25T08:17:47.941829,gateio,0.15327,0.15336,3.0,17.0
2025-07-25T08:17:48.044178,bingx,0.1533,0.15334,9680.79,529.12
2025-07-25T08:17:48.061639,blofin,0.15342,0.15344,14.0,519.0
2025-07-25T08:17:48.148177,bitget,0.1533,0.1535,14535.0,4011.0
2025-07-25T08:17:48.550019,blofin,0.15342,0.15344,16.0,519.0
2025-07-25T08:17:48.599500,bitmart,0.15309,0.15377,4889.0,1666.0
2025-07-25T08:17:48.842926,bybit,0.15334,0.0,260.0,0.0
2025-07-25T08:17:48.942956,bybit,0.15333,0.0,210.0,0.0
2025-07-25T08:17:48.948970,bingx,0.1533,0.15334,9680.79,529.12
2025-07-25T08:17:49.042950,bybit,0.15335,0.15336,360.0,200.0
2025-07-25T08:17:49.059746,blofin,0.15342,0.15344,16.0,509.0
2025-07-25T08:17:49.198315,bitget,0.1533,0.1535,14535.0,4011.0
2025-07-25T08:17:49.476999,gateio,0.15327,0.15335,3.0,3.0
2025-07-25T08:17:49.543005,bybit,0.15332,0.0,120.0,0.0
2025-07-25T08:17:49.548119,bingx,0.15328,0.15332,9680.79,529.12
2025-07-25T08:17:49.555127,blofin,0.15342,0.15344,18.0,509.0
2025-07-25T08:17:49.600441,bitmart,0.15309,0.15376,4889.0,36.0
2025-07-25T08:17:49.653361,bitget,0.1533,0.1535,14535.0,4011.0
2025-07-25T08:17:49.743463,bybit,0.15337,0.1534,150.0,2670.0
2025-07-25T08:17:49.794759,gateio,0.15327,0.15335,18.0,3.0
2025-07-25T08:17:49.798252,bitget,0.1533,0.1535,14535.0,4011.0
2025-07-25T08:17:49.814376,gateio,0.15328,0.15335,15.0,3.0
2025-07-25T08:17:49.842934,bybit,0.15337,0.0,520.0,0.0
2025-07-25T08:17:49.943525,bybit,0.15337,0.1534,150.0,2830.0
2025-07-25T08:17:49.949828,bitget,0.1533,0.1535,14535.0,4011.0
2025-07-25T08:17:49.972685,gateio,0.15327,0.15335,3.0,3.0
2025-07-25T08:17:50.043878,blofin,0.15341,0.15344,16.0,3.0
2025-07-25T08:17:50.099805,bitget,0.1533,0.1535,14535.0,4011.0
2025-07-25T08:17:50.150860,mexc,0.15339,0.15342,304728.0,304728.0
2025-07-25T08:17:50.248033,bitget,0.1533,0.1535,14535.0,4011.0
2025-07-25T08:17:50.455040,bingx,0.15328,0.15332,9680.79,529.12
2025-07-25T08:17:50.554451,blofin,0.15341,0.15344,257.0,7.0
2025-07-25T08:17:50.673225,bitmart,0.15309,0.15376,36869.0,36.0
2025-07-25T08:17:50.742981,bybit,0.0,0.1534,0.0,2670.0
2025-07-25T08:17:50.998718,bitget,0.1533,0.1535,14535.0,4011.0
2025-07-25T08:17:51.045653,blofin,0.15341,0.15344,260.0,7.0
2025-07-25T08:17:51.298279,bitget,0.1533,0.1535,14535.0,4011.0
2025-07-25T08:17:51.353198,bingx,0.15328,0.15332,9680.79,529.12
2025-07-25T08:17:51.543602,bybit,0.0,0.0,0.0,0.0
2025-07-25T08:17:51.546114,blofin,0.15341,0.15344,256.0,7.0
2025-07-25T08:17:51.673488,bitmart,0.15309,0.15376,36869.0,36.0
2025-07-25T08:17:51.749484,bitget,0.1533,0.1535,14535.0,4011.0
2025-07-25T08:17:52.066672,blofin,0.15341,0.15344,242.0,7.0
2025-07-25T08:17:52.256156,bingx,0.15328,0.15332,9680.79,529.12
2025-07-25T08:17:52.549248,blofin,0.15341,0.15344,242.0,11.0
2025-07-25T08:17:52.554504,mexc,0.15339,0.15342,304728.0,304728.0
2025-07-25T08:17:52.593137,bitmart,0.15309,0.15376,36869.0,36.0
2025-07-25T08:17:53.056469,blofin,0.15341,0.15344,242.0,8.0
2025-07-25T08:17:53.159970,bingx,0.15328,0.15332,9680.79,529.12
2025-07-25T08:17:53.548946,blofin,0.15341,0.15344,242.0,8.0
2025-07-25T08:17:53.664534,bitmart,0.15309,0.15376,36869.0,36.0
2025-07-25T08:17:54.031100,blofin,0.15342,0.15344,241.0,1.0
2025-07-25T08:17:54.060685,bingx,0.15328,0.15332,9680.79,529.12
2025-07-25T08:17:54.299536,bitget,0.15331,0.1535,13848.0,4011.0
2025-07-25T08:17:54.535579,blofin,0.15342,0.15345,241.0,9.0
2025-07-25T08:17:54.586061,bitmart,0.15309,0.15376,36869.0,36.0
2025-07-25T08:17:54.944064,mexc,0.15344,0.15345,304728.0,304728.0
2025-07-25T08:17:54.964340,bingx,0.15328,0.15332,9680.79,529.12
2025-07-25T08:17:55.051265,blofin,0.15341,0.15344,243.0,8.0
2025-07-25T08:17:55.545235,blofin,0.15341,0.15344,243.0,8.0
2025-07-25T08:17:55.660101,bitmart,0.15309,0.15376,36869.0,36.0
2025-07-25T08:17:55.868078,bingx,0.15328,0.15332,9680.79,529.12
2025-07-25T08:17:56.056435,blofin,0.15341,0.15344,245.0,8.0
2025-07-25T08:17:56.106203,gateio,0.15327,0.15335,3.0,6.0
2025-07-25T08:17:56.142615,bybit,0.0,0.1534,0.0,2830.0
2025-07-25T08:17:56.173079,bingx,0.15328,0.15332,9680.79,529.12
2025-07-25T08:17:56.545455,blofin,0.15341,0.15344,246.0,8.0
2025-07-25T08:17:56.553163,bitget,0.15331,0.1535,13848.0,4011.0
2025-07-25T08:17:56.587559,bitmart,0.15309,0.15376,36869.0,36.0
2025-07-25T08:17:56.625142,gateio,0.15327,0.15335,3.0,3.0
2025-07-25T08:17:56.643549,bybit,0.0,0.1534,0.0,2670.0
2025-07-25T08:17:56.795026,gateio,0.15327,0.15336,3.0,20.0
2025-07-25T08:17:56.807562,gateio,0.15327,0.15336,6.0,17.0
2025-07-25T08:17:56.842730,bybit,0.15337,0.0,500.0,0.0
2025-07-25T08:17:56.907202,gateio,0.15327,0.15336,3.0,20.0
2025-07-25T08:17:56.943315,bybit,0.15338,0.15345,260.0,80.0
2025-07-25T08:17:56.984929,gateio,0.15328,0.15336,15.0,3.0
2025-07-25T08:17:57.002581,gateio,0.15329,0.15338,18.0,16.0
2025-07-25T08:17:57.005281,bitget,0.15332,0.1535,182.0,3342.0
2025-07-25T08:17:57.015273,gateio,0.15329,0.15338,3.0,16.0
2025-07-25T08:17:57.043877,bybit,0.15338,0.15343,420.0,260.0
2025-07-25T08:17:57.045110,blofin,0.15343,0.15344,241.0,2.0
2025-07-25T08:17:57.074455,bingx,0.15328,0.15332,9680.79,529.12
2025-07-25T08:17:57.151481,bitget,0.15331,0.15352,13848.0,3037.0
2025-07-25T08:17:57.243099,bybit,0.15339,0.15344,360.0,760.0
2025-07-25T08:17:57.303430,bitget,0.15332,0.15352,182.0,3037.0
2025-07-25T08:17:57.306035,mexc,0.15344,0.15345,304728.0,304728.0
2025-07-25T08:17:57.377683,bingx,0.15324,0.15347,1987.36,529.12
2025-07-25T08:17:57.443054,bybit,0.0,0.15344,0.0,1020.0
2025-07-25T08:17:57.543132,bybit,0.15336,0.0,150.0,0.0
2025-07-25T08:17:57.545083,blofin,0.15343,0.15347,16.0,7.0
2025-07-25T08:17:57.605378,bitget,0.15332,0.15352,290.0,3037.0
2025-07-25T08:17:57.646237,bybit,0.15337,0.0,400.0,0.0
2025-07-25T08:17:57.673186,bingx,0.15324,0.15348,1987.36,529.12
2025-07-25T08:17:57.682246,bitmart,0.1531,0.15376,140.0,36.0
2025-07-25T08:17:57.691530,gateio,0.15327,0.15338,3.0,16.0
2025-07-25T08:17:57.743111,bybit,0.15338,0.0,420.0,0.0
2025-07-25T08:17:57.756368,bitget,0.15332,0.1535,181.0,3342.0
2025-07-25T08:17:57.762665,gateio,0.15327,0.15338,18.0,16.0
2025-07-25T08:17:57.822551,gateio,0.15327,0.15338,18.0,3.0
2025-07-25T08:17:57.844624,bybit,0.15339,0.0,390.0,0.0
2025-07-25T08:17:57.903636,bitget,0.15332,0.1535,181.0,3342.0
2025-07-25T08:17:58.042545,bybit,0.15336,0.0,150.0,0.0
2025-07-25T08:17:58.057031,blofin,0.15343,0.15347,19.0,7.0
2025-07-25T08:17:58.103427,gateio,0.15327,0.15338,3.0,3.0
2025-07-25T08:17:58.142825,bybit,0.15337,0.0,340.0,0.0
2025-07-25T08:17:58.222274,gateio,0.15327,0.15338,3.0,16.0
2025-07-25T08:17:58.242751,bybit,0.15338,0.0,370.0,0.0
2025-07-25T08:17:58.293018,gateio,0.15327,0.15338,18.0,16.0
2025-07-25T08:17:58.343340,bybit,0.15339,0.0,350.0,0.0
2025-07-25T08:17:58.352028,bitget,0.15332,0.1535,181.0,3342.0
2025-07-25T08:17:58.443319,bybit,0.15336,0.0,150.0,0.0
2025-07-25T08:17:58.474905,gateio,0.15327,0.15338,21.0,16.0
2025-07-25T08:17:58.504961,bitget,0.15332,0.1535,181.0,3342.0
2025-07-25T08:17:58.552229,bybit,0.15337,0.0,390.0,0.0
2025-07-25T08:17:58.571351,blofin,0.15344,0.15347,13.0,106.0
2025-07-25T08:17:58.585696,bingx,0.15324,0.15348,1987.36,529.12
2025-07-25T08:17:58.592553,gateio,0.15327,0.15338,6.0,3.0
2025-07-25T08:17:58.607089,bitmart,0.1531,0.15376,140.0,36.0
2025-07-25T08:17:58.645026,bybit,0.15339,0.0,400.0,0.0
2025-07-25T08:17:58.653565,bitget,0.15332,0.1535,181.0,3342.0
2025-07-25T08:17:58.742922,bybit,0.15336,0.15344,150.0,1180.0
2025-07-25T08:17:58.804321,bitget,0.15332,0.1535,181.0,3342.0
2025-07-25T08:17:58.942860,bybit,0.15337,0.15344,360.0,1020.0
2025-07-25T08:17:59.043636,bybit,0.15338,0.15344,380.0,1200.0
2025-07-25T08:17:59.077496,blofin,0.15344,0.15347,13.0,106.0
2025-07-25T08:17:59.143051,bybit,0.0,0.15344,0.0,1020.0
2025-07-25T08:17:59.252848,bitget,0.15332,0.1535,181.0,3342.0
2025-07-25T08:17:59.265213,gateio,0.15327,0.15339,6.0,4.0
2025-07-25T08:17:59.278755,gateio,0.15327,0.15339,6.0,7.0
2025-07-25T08:17:59.335089,gateio,0.15328,0.15339,15.0,7.0
2025-07-25T08:17:59.343195,bybit,0.1534,0.15344,350.0,560.0
2025-07-25T08:17:59.360541,gateio,0.15329,0.15339,3.0,7.0
2025-07-25T08:17:59.406159,bitget,0.15333,0.1535,390.0,3342.0
2025-07-25T08:17:59.442769,bybit,0.15338,0.15344,150.0,820.0
2025-07-25T08:17:59.478958,bingx,0.15324,0.15348,1987.36,529.12
2025-07-25T08:17:59.545609,blofin,0.15345,0.15347,30.0,8.0
2025-07-25T08:17:59.545765,bybit,0.15339,0.0,400.0,0.0
2025-07-25T08:17:59.554214,bitget,0.15333,0.15352,390.0,3037.0
2025-07-25T08:17:59.643619,bybit,0.1534,0.15344,350.0,560.0
2025-07-25T08:17:59.657697,mexc,0.15344,0.15345,304728.0,304728.0
2025-07-25T08:17:59.673381,bitmart,0.1531,0.15376,140.0,36.0
2025-07-25T08:17:59.703477,bitget,0.15333,0.15352,493.0,3037.0
2025-07-25T08:17:59.743103,bybit,0.0,0.15344,0.0,640.0
2025-07-25T08:17:59.853431,bitget,0.15333,0.15352,493.0,3037.0
2025-07-25T08:18:00.053277,blofin,0.15345,0.15347,30.0,8.0
2025-07-25T08:18:00.056326,gateio,0.15329,0.15339,18.0,7.0
2025-07-25T08:18:00.082706,gateio,0.15331,0.15339,3.0,4.0
2025-07-25T08:18:00.082765,bingx,0.15326,0.15349,1987.36,529.12
2025-07-25T08:18:00.100753,gateio,0.15331,0.15339,6.0,4.0
2025-07-25T08:18:00.116022,gateio,0.15331,0.15344,6.0,13.0
2025-07-25T08:18:00.144910,bybit,0.15342,0.15344,420.0,560.0
2025-07-25T08:18:00.149050,gateio,0.15331,0.15344,6.0,3.0
2025-07-25T08:18:00.155052,bitget,0.15337,0.15352,669.0,3037.0
2025-07-25T08:18:00.244093,bybit,0.15343,0.0,380.0,0.0
2025-07-25T08:18:00.287753,gateio,0.15331,0.15344,3.0,16.0
2025-07-25T08:18:00.305370,bitget,0.15337,0.15357,669.0,3342.0
2025-07-25T08:18:00.348133,bybit,0.15336,0.15342,70.0,560.0
2025-07-25T08:18:00.443655,bybit,0.15335,0.1534,360.0,650.0
2025-07-25T08:18:00.459212,bitget,0.1533,0.1535,4011.0,3342.0
2025-07-25T08:18:00.543106,bybit,0.15337,0.0,400.0,0.0
2025-07-25T08:18:00.604229,blofin,0.15344,0.15347,6.0,15.0
2025-07-25T08:18:00.605033,bitget,0.15331,0.15353,13819.0,455.0
2025-07-25T08:18:00.615275,bitmart,0.1531,0.15376,140.0,36.0
2025-07-25T08:18:00.643078,bybit,0.15338,0.0,360.0,0.0
2025-07-25T08:18:00.673286,gateio,0.15331,0.15344,3.0,3.0
2025-07-25T08:18:00.689748,bingx,0.15329,0.15351,929.12,529.12
2025-07-25T08:18:00.732334,gateio,0.15331,0.15344,3.0,16.0
2025-07-25T08:18:00.742533,bybit,0.1534,0.15341,380.0,560.0
2025-07-25T08:18:00.755766,bitget,0.15331,0.15353,13819.0,351.0
2025-07-25T08:18:00.904812,bitget,0.15331,0.15353,13819.0,611.0
2025-07-25T08:18:00.985003,bingx,0.15326,0.15348,929.12,529.12
2025-07-25T08:18:01.059724,bitget,0.15331,0.15353,13819.0,611.0
2025-07-25T08:18:01.076357,blofin,0.15344,0.15347,6.0,17.0
2025-07-25T08:18:01.089533,gateio,0.15331,0.15344,3.0,19.0
2025-07-25T08:18:01.205592,bitget,0.15331,0.15353,13819.0,871.0
2025-07-25T08:18:01.506336,bitget,0.15331,0.15353,13819.0,871.0
2025-07-25T08:18:01.545020,blofin,0.15344,0.15347,6.0,2.0
2025-07-25T08:18:01.591454,bingx,0.15327,0.1535,929.12,529.12
2025-07-25T08:18:01.680311,bitmart,0.1531,0.15376,300.0,36.0
2025-07-25T08:18:01.746023,bybit,0.15334,0.15341,150.0,1210.0
2025-07-25T08:18:01.842671,bybit,0.15335,0.0,560.0,0.0
2025-07-25T08:18:01.944173,bybit,0.15337,0.0,580.0,0.0
2025-07-25T08:18:01.958692,bitget,0.15331,0.15353,13819.0,871.0
2025-07-25T08:18:02.002769,gateio,0.15331,0.15344,3.0,6.0
2025-07-25T08:18:02.044094,bybit,0.15339,0.0,350.0,0.0
2025-07-25T08:18:02.075591,blofin,0.15344,0.15348,1.0,17.0
2025-07-25T08:18:02.106597,bitget,0.15331,0.15353,13819.0,351.0
2025-07-25T08:18:02.114832,mexc,0.15346,0.15349,307092.0,307092.0
2025-07-25T08:18:02.142908,bybit,0.1534,0.15341,390.0,560.0
2025-07-25T08:18:02.255903,bitget,0.15331,0.15353,13819.0,611.0
2025-07-25T08:18:02.273396,gateio,0.15329,0.15344,3.0,19.0
2025-07-25T08:18:02.346473,bybit,0.15332,0.15341,270.0,900.0
2025-07-25T08:18:02.406733,bitget,0.15331,0.15353,13819.0,611.0
2025-07-25T08:18:02.443497,bybit,0.15334,0.1534,360.0,650.0
2025-07-25T08:18:02.491462,bingx,0.15327,0.1535,929.12,529.12
2025-07-25T08:18:02.543029,bybit,0.15336,0.0,380.0,0.0
2025-07-25T08:18:02.558622,blofin,0.15344,0.15348,1.0,19.0
2025-07-25T08:18:02.561846,bitget,0.15331,0.15353,13819.0,351.0
2025-07-25T08:18:02.612324,bitmart,0.1531,0.15376,300.0,36.0
2025-07-25T08:18:02.643026,bybit,0.15337,0.0,340.0,0.0
2025-07-25T08:18:02.744145,bybit,0.15338,0.15341,420.0,560.0
2025-07-25T08:18:02.843470,bybit,0.15339,0.0,370.0,0.0
2025-07-25T08:18:02.855333,bitget,0.15331,0.15353,13819.0,611.0
2025-07-25T08:18:02.862318,gateio,0.15329,0.15344,3.0,6.0
2025-07-25T08:18:03.063336,gateio,0.15329,0.15344,3.0,19.0
2025-07-25T08:18:03.074631,gateio,0.15329,0.15344,3.0,6.0
2025-07-25T08:18:03.081348,blofin,0.15344,0.15347,1.0,34.0
2025-07-25T08:18:03.123464,gateio,0.15329,0.15344,18.0,6.0
2025-07-25T08:18:03.143705,bybit,0.15341,0.15345,410.0,40.0
2025-07-25T08:18:03.145078,gateio,0.15331,0.15344,3.0,3.0
2025-07-25T08:18:03.154940,bitget,0.15337,0.15353,669.0,611.0
2025-07-25T08:18:03.186529,gateio,0.15331,0.15344,6.0,3.0
2025-07-25T08:18:03.226352,gateio,0.15331,0.15344,9.0,3.0
2025-07-25T08:18:03.242943,bybit,0.15342,0.0,520.0,0.0
2025-07-25T08:18:03.306246,bitget,0.15338,0.15358,182.0,3037.0
2025-07-25T08:18:03.342526,bybit,0.15344,0.0,410.0,0.0
2025-07-25T08:18:03.376878,gateio,0.15331,0.15347,9.0,32.0
2025-07-25T08:18:03.397868,bingx,0.15327,0.1535,929.12,529.12
2025-07-25T08:18:03.450599,gateio,0.15331,0.15347,9.0,35.0
2025-07-25T08:18:03.456752,bitget,0.15339,0.15358,208.0,3037.0
2025-07-25T08:18:03.542938,bybit,0.0,0.0,0.0,0.0
2025-07-25T08:18:03.561762,blofin,0.1535,0.15352,14.0,327.0
2025-07-25T08:18:03.608859,bitget,0.1534,0.15358,13808.0,3037.0
2025-07-25T08:18:03.642762,bybit,0.0,0.0,0.0,0.0
2025-07-25T08:18:03.668500,bitmart,0.15315,0.15386,5372.0,40063.0
2025-07-25T08:18:03.697945,bingx,0.1533,0.15353,929.12,529.12
2025-07-25T08:18:04.057307,bitget,0.1534,0.15358,13808.0,3037.0
2025-07-25T08:18:04.085348,blofin,0.15351,0.15352,14.0,327.0
2025-07-25T08:18:04.506886,bitget,0.1534,0.15358,13808.0,3037.0
2025-07-25T08:18:04.508607,mexc,0.15346,0.15349,307092.0,307092.0
2025-07-25T08:18:04.562510,blofin,0.15351,0.15352,18.0,327.0
2025-07-25T08:18:04.596563,bitmart,0.15315,0.15386,5372.0,40063.0
2025-07-25T08:18:04.601095,bingx,0.1533,0.15353,929.12,529.12
2025-07-25T08:18:04.750392,gateio,0.15331,0.15347,6.0,35.0
2025-07-25T08:18:04.764343,gateio,0.15331,0.15347,3.0,35.0
2025-07-25T08:18:04.843717,bybit,0.15338,0.0,150.0,0.0
2025-07-25T08:18:04.943513,bybit,0.1534,0.0,350.0,0.0
2025-07-25T08:18:04.958703,bitget,0.1534,0.15358,13808.0,3037.0
2025-07-25T08:18:05.042675,bybit,0.15342,0.0,380.0,0.0
2025-07-25T08:18:05.047876,blofin,0.15351,0.15352,4.0,327.0
2025-07-25T08:18:05.105983,bitget,0.1534,0.15358,13808.0,6379.0
2025-07-25T08:18:05.143600,bybit,0.15344,0.0,370.0,0.0
2025-07-25T08:18:05.259097,bitget,0.1534,0.15358,13808.0,6379.0
2025-07-25T08:18:05.409916,bitget,0.1534,0.15358,13808.0,6379.0
2025-07-25T08:18:05.507226,bingx,0.1533,0.15353,929.12,529.12
2025-07-25T08:18:05.569646,blofin,0.1535,0.15352,14.0,327.0
2025-07-25T08:18:05.659610,bitmart,0.15316,0.15385,140.0,71.0
2025-07-25T08:18:06.072205,blofin,0.1535,0.15352,18.0,330.0
2025-07-25T08:18:06.156390,bitget,0.1534,0.15358,13808.0,6379.0
2025-07-25T08:18:06.452808,bingx,0.1533,0.15353,929.12,529.12
2025-07-25T08:18:06.458119,bitget,0.1534,0.15358,13808.0,6379.0
2025-07-25T08:18:06.563743,blofin,0.1535,0.15352,18.0,330.0
2025-07-25T08:18:06.593509,bitmart,0.15316,0.15385,140.0,71.0
2025-07-25T08:18:06.876825,mexc,0.15352,0.15354,307092.0,307092.0
2025-07-25T08:18:07.053982,blofin,0.1535,0.15352,17.0,327.0
2025-07-25T08:18:07.057048,bitget,0.1534,0.15358,13808.0,6379.0
2025-07-25T08:18:07.308981,bingx,0.1533,0.15353,929.12,529.12
2025-07-25T08:18:07.508640,bitget,0.1534,0.15358,13808.0,6379.0
2025-07-25T08:18:07.549070,blofin,0.1535,0.15352,3.0,337.0
2025-07-25T08:18:07.649623,bitmart,0.15316,0.15385,140.0,71.0
2025-07-25T08:18:07.658501,bitget,0.1534,0.15358,13808.0,6379.0
2025-07-25T08:18:07.743700,bybit,0.0,0.0,0.0,0.0
2025-07-25T08:18:07.809056,bitget,0.1534,0.15358,13808.0,6379.0
2025-07-25T08:18:07.943912,bybit,0.15339,0.0,150.0,0.0
2025-07-25T08:18:08.043713,bybit,0.1534,0.0,570.0,0.0
2025-07-25T08:18:08.063197,gateio,0.15331,0.15346,3.0,7.0
2025-07-25T08:18:08.076431,blofin,0.15349,0.15352,18.0,337.0
2025-07-25T08:18:08.111290,bitget,0.1534,0.15357,13808.0,669.0
2025-07-25T08:18:08.143812,bybit,0.15342,0.0,390.0,0.0
2025-07-25T08:18:08.150546,gateio,0.15331,0.15345,3.0,3.0
2025-07-25T08:18:08.210825,bingx,0.1533,0.15353,929.12,529.12
2025-07-25T08:18:08.242936,bybit,0.15343,0.0,380.0,0.0
2025-07-25T08:18:08.257514,bitget,0.1534,0.15357,13808.0,669.0
2025-07-25T08:18:08.556046,blofin,0.15349,0.15352,4.0,327.0
2025-07-25T08:18:08.643047,bybit,0.0,0.0,0.0,0.0
2025-07-25T08:18:08.688016,bitmart,0.15316,0.15385,140.0,71.0
2025-07-25T08:18:08.743146,bybit,0.15344,0.0,350.0,0.0
2025-07-25T08:18:08.862803,bitget,0.1534,0.15357,13808.0,669.0
2025-07-25T08:18:08.942704,bybit,0.1534,0.0,260.0,0.0
2025-07-25T08:18:09.042924,bybit,0.1534,0.0,420.0,0.0
2025-07-25T08:18:09.070286,blofin,0.15346,0.15352,20.0,327.0
2025-07-25T08:18:09.114376,bingx,0.1533,0.15353,929.12,529.12
2025-07-25T08:18:09.142897,bybit,0.15342,0.0,380.0,0.0
2025-07-25T08:18:09.159440,bitget,0.1534,0.15357,13808.0,669.0
2025-07-25T08:18:09.242567,bybit,0.15344,0.0,390.0,0.0
2025-07-25T08:18:09.261651,mexc,0.15352,0.15354,307092.0,307092.0
2025-07-25T08:18:09.309883,bitget,0.1534,0.15357,13808.0,1352.0
2025-07-25T08:18:09.362204,gateio,0.15331,0.15345,3.0,6.0
2025-07-25T08:18:09.414681,bingx,0.15328,0.15351,929.12,529.12
2025-07-25T08:18:09.543319,bybit,0.0,0.0,0.0,0.0
2025-07-25T08:18:09.553502,blofin,0.15346,0.15352,21.0,327.0
2025-07-25T08:18:09.611360,bitget,0.1534,0.15357,13808.0,1352.0
2025-07-25T08:18:09.678427,bitmart,0.15316,0.15385,140.0,71.0
2025-07-25T08:18:10.066726,blofin,0.15346,0.15351,1869.0,10.0
2025-07-25T08:18:10.067949,bitget,0.1534,0.15357,13808.0,1352.0
2025-07-25T08:18:10.211462,bitget,0.1534,0.15357,13789.0,1352.0
2025-07-25T08:18:10.335809,bingx,0.15328,0.15351,929.12,529.12
2025-07-25T08:18:10.365221,bitget,0.1534,0.15357,13789.0,1092.0
2025-07-25T08:18:10.565840,blofin,0.15346,0.15351,5.0,239.0
2025-07-25T08:18:10.677540,bitmart,0.15316,0.15385,140.0,71.0
2025-07-25T08:18:10.937460,bingx,0.15328,0.15351,929.12,529.12
2025-07-25T08:18:11.050881,blofin,0.15345,0.15351,1853.0,240.0
2025-07-25T08:18:11.416147,bitget,0.1534,0.15357,13789.0,1092.0
2025-07-25T08:18:11.549554,blofin,0.15346,0.15351,1850.0,1.0
2025-07-25T08:18:11.559704,bitget,0.1534,0.15357,13789.0,669.0
2025-07-25T08:18:11.600322,gateio,0.15332,0.15345,15.0,3.0
2025-07-25T08:18:11.643313,bybit,0.15346,0.15348,420.0,20.0
2025-07-25T08:18:11.651549,gateio,0.15333,0.15345,3.0,3.0
2025-07-25T08:18:11.663709,gateio,0.15334,0.15345,15.0,3.0
2025-07-25T08:18:11.669019,bitmart,0.15316,0.15385,140.0,71.0
2025-07-25T08:18:11.669565,mexc,0.15352,0.15354,307092.0,307092.0
2025-07-25T08:18:11.684225,gateio,0.15335,0.15345,3.0,3.0
2025-07-25T08:18:11.700908,gateio,0.15335,0.15345,18.0,3.0
2025-07-25T08:18:11.710930,bitget,0.1534,0.15358,13789.0,6379.0
2025-07-25T08:18:11.713402,gateio,0.15336,0.15345,15.0,3.0
2025-07-25T08:18:11.739354,gateio,0.15335,0.15345,3.0,3.0
2025-07-25T08:18:11.744578,bybit,0.15347,0.0,360.0,0.0
2025-07-25T08:18:11.846983,bingx,0.15334,0.15352,400.0,529.12
2025-07-25T08:18:11.862987,bitget,0.1534,0.15358,13789.0,3037.0
2025-07-25T08:18:12.055419,blofin,0.15351,0.15352,1850.0,327.0
2025-07-25T08:18:12.160065,bitget,0.1534,0.15358,13789.0,3037.0
2025-07-25T08:18:12.461270,bitget,0.1534,0.15358,13789.0,3037.0
2025-07-25T08:18:12.543066,bybit,0.0,0.0,0.0,0.0
2025-07-25T08:18:12.551775,blofin,0.15352,0.15355,1835.0,375.0
2025-07-25T08:18:12.587033,bitmart,0.1532,0.15385,186.0,71.0
2025-07-25T08:18:12.747502,bingx,0.15334,0.15352,400.0,529.12
2025-07-25T08:18:12.911604,bitget,0.1534,0.15358,13789.0,3037.0
2025-07-25T08:18:13.043204,bybit,0.15344,0.0,260.0,0.0
2025-07-25T08:18:13.063918,blofin,0.15352,0.15355,1835.0,375.0
2025-07-25T08:18:13.064017,bitget,0.1534,0.15358,13789.0,3037.0
2025-07-25T08:18:13.143253,bybit,0.15346,0.0,370.0,0.0
2025-07-25T08:18:13.244938,bybit,0.15347,0.0,350.0,0.0
2025-07-25T08:18:13.362514,bitget,0.1534,0.15358,13789.0,3037.0
2025-07-25T08:18:13.510773,bitget,0.1534,0.15358,13789.0,3037.0
2025-07-25T08:18:13.554048,blofin,0.15352,0.15355,28.0,375.0
2025-07-25T08:18:13.642158,gateio,0.15335,0.15346,3.0,4.0
2025-07-25T08:18:13.652701,bingx,0.15334,0.15352,400.0,529.12
2025-07-25T08:18:13.663922,bitget,0.1534,0.15358,13789.0,3037.0
2025-07-25T08:18:13.676515,bitmart,0.1532,0.15385,186.0,71.0
2025-07-25T08:18:13.770048,gateio,0.15336,0.15353,15.0,35.0
2025-07-25T08:18:13.784566,gateio,0.15337,0.15353,3.0,3.0
2025-07-25T08:18:13.843056,bybit,0.15347,0.0,780.0,0.0
2025-07-25T08:18:13.884569,gateio,0.15337,0.15353,3.0,67.0
2025-07-25T08:18:13.894409,gateio,0.15338,0.15353,13.0,74.0
2025-07-25T08:18:13.908257,gateio,0.15339,0.15353,3.0,74.0
2025-07-25T08:18:13.942639,bybit,0.15347,0.0,970.0,0.0
2025-07-25T08:18:13.956012,bingx,0.15339,0.15357,400.0,529.12
2025-07-25T08:18:13.965090,bitget,0.15345,0.15364,2978.0,669.0
2025-07-25T08:18:14.047937,blofin,0.15353,0.15355,35.0,362.0
2025-07-25T08:18:14.052406,gateio,0.15339,0.15353,3.0,67.0
2025-07-25T08:18:14.054562,mexc,0.15348,0.15352,307092.0,307092.0
2025-07-25T08:18:14.105309,gateio,0.15339,0.15353,6.0,71.0
2025-07-25T08:18:14.112570,bitget,0.15346,0.15365,669.0,3549.0
2025-07-25T08:18:14.265260,bingx,0.15339,0.15357,400.0,529.12
2025-07-25T08:18:14.270197,bitget,0.15346,0.15366,669.0,3342.0
2025-07-25T08:18:14.344996,bybit,0.15347,0.0,780.0,0.0
2025-07-25T08:18:14.413427,bitget,0.15346,0.15366,669.0,3342.0
