timestamp,exchange,bid,ask,bid_vol,ask_vol
2025-07-25T08:16:26.227813,bybit,0.13937,0.1394,560.0,1440.0
2025-07-25T08:16:26.227851,bybit,0.0,0.13939,0.0,370.0
2025-07-25T08:16:26.227881,bybit,0.0,0.0,0.0,0.0
2025-07-25T08:16:26.227919,bybit,0.13939,0.1394,370.0,1480.0
2025-07-25T08:16:26.227945,bybit,0.13943,0.13944,540.0,1230.0
2025-07-25T08:16:26.228656,bybit,0.13943,0.0,740.0,0.0
2025-07-25T08:16:26.292599,bybit,0.13943,0.0,540.0,0.0
2025-07-25T08:16:26.351564,bybit,0.13943,0.0,550.0,0.0
2025-07-25T08:16:26.682687,bitget,0.13947,0.13949,158.0,341.0
2025-07-25T08:16:26.684999,okx,0.13955,0.13961,1023.338,2490.0
2025-07-25T08:16:26.905333,bitget,0.13947,0.13951,158.0,1586.0
2025-07-25T08:16:26.913554,binance,0.1394,0.1394,0.0,0.0
2025-07-25T08:16:27.016238,huobi,0.1395,0.1396,259.0581,237.7943
2025-07-25T08:16:27.016337,huobi,0.1393,0.1398,798.0,1636.7093
2025-07-25T08:16:27.018389,bybit,0.0,0.13944,0.0,1330.0
2025-07-25T08:16:27.056506,bitget,0.1395,0.13953,362.0,1586.0
2025-07-25T08:16:27.109807,huobi,0.1394,0.1398,1326.9476,1636.7093
2025-07-25T08:16:27.118416,bybit,0.0,0.0,0.0,0.0
2025-07-25T08:16:27.203939,bitget,0.1395,0.13951,362.0,341.0
2025-07-25T08:16:27.354351,bitget,0.1395,0.13951,362.0,341.0
2025-07-25T08:16:27.374520,bingx,0.13944,0.13965,53489.16,0.59
2025-07-25T08:16:27.505016,bitget,0.1395,0.13951,362.0,2192.0
2025-07-25T08:16:27.518086,bybit,0.0,0.13944,0.0,1880.0
2025-07-25T08:16:27.713508,huobi,0.1394,0.1398,1326.9476,1636.7093
2025-07-25T08:16:27.914106,binance,0.1394,0.1394,0.0,0.0
2025-07-25T08:16:28.014428,lbank,0.1394,0.1396,77152.33,129042.84
2025-07-25T08:16:28.218087,bybit,0.13943,0.0,2530.0,0.0
2025-07-25T08:16:28.280909,bingx,0.13944,0.13965,53489.16,0.59
2025-07-25T08:16:28.318412,bybit,0.0,0.13944,0.0,1890.0
2025-07-25T08:16:28.470094,bitmart,0.13929,0.13964,1061.0,198.0
2025-07-25T08:16:28.597334,blofin,0.13939,0.13941,3.0,52.0
2025-07-25T08:16:28.610452,huobi,0.1394,0.1398,1326.9476,1946.7093
2025-07-25T08:16:28.685137,gateio,0.1395,0.13957,591.0,695.0
2025-07-25T08:16:28.714777,gateio,0.13943,0.13957,71.0,731.0
2025-07-25T08:16:28.870996,gateio,0.13944,0.13957,19.0,731.0
2025-07-25T08:16:29.049453,mexc,0.13943,0.13944,1732902.0,1732902.0
2025-07-25T08:16:29.089743,blofin,0.13938,0.13941,135.0,52.0
2025-07-25T08:16:29.135145,gateio,0.13944,0.13957,19.0,767.0
2025-07-25T08:16:29.157229,bitget,0.1395,0.13951,362.0,341.0
2025-07-25T08:16:29.165048,lbank,0.1394,0.1396,77152.33,129042.84
2025-07-25T08:16:29.188027,bingx,0.13944,0.13965,53489.16,0.59
2025-07-25T08:16:29.218408,bybit,0.13943,0.0,2730.0,0.0
2025-07-25T08:16:29.242866,gateio,0.13943,0.13957,71.0,767.0
2025-07-25T08:16:29.310271,gateio,0.13945,0.13957,19.0,767.0
2025-07-25T08:16:29.317916,bybit,0.13943,0.13944,4160.0,10.0
2025-07-25T08:16:29.336917,gateio,0.13949,0.13957,71.0,731.0
2025-07-25T08:16:29.366774,gateio,0.13949,0.13957,71.0,695.0
2025-07-25T08:16:29.396110,gateio,0.13949,0.13957,71.0,623.0
2025-07-25T08:16:29.405904,gateio,0.1395,0.13966,19.0,362.0
2025-07-25T08:16:29.406878,okx,0.13959,0.13966,1023.338,1376.403
2025-07-25T08:16:29.410638,lbank,0.1395,0.1396,452.79,129042.84
2025-07-25T08:16:29.418255,bybit,0.13949,0.1395,1020.0,70.0
2025-07-25T08:16:29.422419,gateio,0.1395,0.13969,19.0,71.0
2025-07-25T08:16:29.447144,gateio,0.1395,0.13966,19.0,51.0
2025-07-25T08:16:29.457032,bitget,0.13956,0.13959,76003.0,14428.0
2025-07-25T08:16:29.470597,bitmart,0.13929,0.13964,917.0,198.0
2025-07-25T08:16:29.471317,gateio,0.1395,0.13966,19.0,44.0
2025-07-25T08:16:29.498998,gateio,0.13949,0.13966,71.0,44.0
2025-07-25T08:16:29.510940,gateio,0.13951,0.13966,19.0,44.0
2025-07-25T08:16:29.514569,huobi,0.1394,0.1398,3945.2833,2316.7093
2025-07-25T08:16:29.518211,bybit,0.13949,0.0,1160.0,0.0
2025-07-25T08:16:29.560093,okx,0.13962,0.13972,1023.338,2520.0
2025-07-25T08:16:29.564465,blofin,0.13938,0.13942,146.0,486.0
2025-07-25T08:16:29.583360,gateio,0.13951,0.13965,19.0,1954.0
2025-07-25T08:16:29.609050,bitget,0.13956,0.13958,543.0,341.0
2025-07-25T08:16:29.613183,gateio,0.13951,0.13964,21.0,586.0
2025-07-25T08:16:29.663668,lbank,0.1394,0.1396,77152.33,129042.84
2025-07-25T08:16:29.686546,okx,0.13963,0.13978,1023.338,2864.816
2025-07-25T08:16:29.729382,gateio,0.13951,0.13964,2.0,586.0
2025-07-25T08:16:29.755750,bitget,0.13956,0.13958,543.0,341.0
2025-07-25T08:16:29.798511,okx,0.13964,0.13977,1023.338,2553.617
2025-07-25T08:16:29.810952,huobi,0.1393,0.1398,798.0,2316.7093
2025-07-25T08:16:29.818005,bybit,0.0,0.0,0.0,0.0
2025-07-25T08:16:29.861307,gateio,0.13952,0.13964,19.0,637.0
2025-07-25T08:16:29.907084,bitget,0.13956,0.13959,543.0,185.0
2025-07-25T08:16:29.911292,okx,0.13965,0.13976,1023.338,33.617
2025-07-25T08:16:29.913872,binance,0.1396,0.1396,0.0,0.0
2025-07-25T08:16:29.919115,bybit,0.13952,0.13953,740.0,40.0
2025-07-25T08:16:29.955466,gateio,0.13953,0.13964,19.0,637.0
2025-07-25T08:16:29.984064,gateio,0.13953,0.13964,19.0,586.0
2025-07-25T08:16:30.018203,bybit,0.0,0.13953,0.0,600.0
2025-07-25T08:16:30.058988,okx,0.13966,0.13976,1023.338,33.617
2025-07-25T08:16:30.059524,bitget,0.13956,0.13959,543.0,185.0
2025-07-25T08:16:30.069542,gateio,0.13955,0.13964,71.0,586.0
2025-07-25T08:16:30.077429,blofin,0.13938,0.13942,146.0,486.0
2025-07-25T08:16:30.087076,bingx,0.13944,0.13965,53489.16,0.59
2025-07-25T08:16:30.116104,huobi,0.1393,0.1398,798.0,2316.7093
2025-07-25T08:16:30.118503,bybit,0.0,0.0,0.0,0.0
2025-07-25T08:16:30.152602,okx,0.13967,0.13972,1023.338,1375.864
2025-07-25T08:16:30.163834,lbank,0.1394,0.1396,77152.33,129042.84
2025-07-25T08:16:30.206622,bitget,0.13956,0.13966,543.0,14428.0
2025-07-25T08:16:30.313828,huobi,0.1393,0.1398,798.0,2316.7093
2025-07-25T08:16:30.356008,bitget,0.13956,0.13966,1269.0,15870.0
2025-07-25T08:16:30.481066,bitmart,0.13936,0.13975,730.0,10556.0
2025-07-25T08:16:30.507770,bitget,0.13956,0.13965,1269.0,2149.0
2025-07-25T08:16:30.518859,bybit,0.0,0.13953,0.0,40.0
2025-07-25T08:16:30.539272,blofin,0.13945,0.13946,272.0,894.0
2025-07-25T08:16:30.617758,bybit,0.13952,0.0,2170.0,0.0
2025-07-25T08:16:30.657883,bitget,0.13956,0.13964,1269.0,1851.0
2025-07-25T08:16:30.661510,okx,0.13968,0.13972,1023.338,1375.864
2025-07-25T08:16:30.663180,lbank,0.1396,0.1397,110540.05,31540.8
2025-07-25T08:16:30.697166,bingx,0.13949,0.13965,53489.16,0.59
2025-07-25T08:16:30.808017,bitget,0.13957,0.13963,362.0,1851.0
2025-07-25T08:16:30.818546,huobi,0.1393,0.1398,798.0,2316.7093
2025-07-25T08:16:30.818691,bybit,0.13952,0.0,740.0,0.0
2025-07-25T08:16:30.913355,binance,0.1396,0.1396,0.0,0.0
2025-07-25T08:16:30.957487,bitget,0.13958,0.13962,362.0,1851.0
2025-07-25T08:16:31.004130,bingx,0.13954,0.13965,53489.16,0.59
2025-07-25T08:16:31.014944,huobi,0.1394,0.1398,3945.2833,2316.7093
2025-07-25T08:16:31.018092,bybit,0.0,0.0,0.0,0.0
2025-07-25T08:16:31.078087,blofin,0.13948,0.13949,159.0,769.0
2025-07-25T08:16:31.106285,bitget,0.13959,0.13961,362.0,1851.0
2025-07-25T08:16:31.109964,huobi,0.1393,0.1398,798.0,2316.7093
2025-07-25T08:16:31.111372,okx,0.13963,0.13972,1023.338,1375.864
2025-07-25T08:16:31.165819,lbank,0.1396,0.1397,110540.05,31540.8
2025-07-25T08:16:31.213871,huobi,0.1394,0.1398,3945.2833,2316.7093
2025-07-25T08:16:31.218443,bybit,0.13952,0.0,2760.0,0.0
2025-07-25T08:16:31.256590,bitget,0.13959,0.1396,362.0,341.0
2025-07-25T08:16:31.311626,huobi,0.1393,0.1398,798.0,2316.7093
2025-07-25T08:16:31.364409,okx,0.13964,0.13972,1023.338,1375.864
2025-07-25T08:16:31.410463,huobi,0.1393,0.1398,798.0,2316.7093
2025-07-25T08:16:31.411714,bitget,0.13959,0.1396,362.0,341.0
2025-07-25T08:16:31.412446,bitmart,0.13936,0.13975,623.0,1818.0
2025-07-25T08:16:31.457341,mexc,0.13952,0.13953,1732902.0,1732902.0
2025-07-25T08:16:31.553045,blofin,0.13948,0.13949,159.0,769.0
2025-07-25T08:16:31.557537,bitget,0.13959,0.1396,362.0,341.0
2025-07-25T08:16:31.603072,okx,0.13965,0.13972,1023.338,1375.864
2025-07-25T08:16:31.618273,bybit,0.13952,0.0,3260.0,0.0
2025-07-25T08:16:31.663926,lbank,0.1396,0.1397,110540.05,31540.8
2025-07-25T08:16:31.685250,gateio,0.13959,0.13964,533.0,586.0
2025-07-25T08:16:31.706756,gateio,0.13955,0.13964,71.0,586.0
2025-07-25T08:16:31.710172,huobi,0.1393,0.1398,798.0,2316.7093
2025-07-25T08:16:31.748455,okx,0.13966,0.13972,1023.338,1375.864
2025-07-25T08:16:31.856991,bitget,0.13959,0.1396,362.0,2192.0
2025-07-25T08:16:31.894410,bingx,0.13954,0.13965,53489.16,0.59
2025-07-25T08:16:31.913868,binance,0.1396,0.1396,0.0,0.0
2025-07-25T08:16:31.918606,bybit,0.13952,0.13953,2250.0,410.0
2025-07-25T08:16:31.925515,gateio,0.13951,0.13964,2.0,586.0
2025-07-25T08:16:31.961942,okx,0.13962,0.13972,310.0,1375.864
2025-07-25T08:16:31.998971,gateio,0.13949,0.13964,71.0,586.0
2025-07-25T08:16:32.016227,bitget,0.13955,0.13959,67.0,362.0
2025-07-25T08:16:32.016268,huobi,0.1394,0.1398,3945.2833,2316.7093
2025-07-25T08:16:32.020079,bybit,0.13947,0.13948,140.0,370.0
2025-07-25T08:16:32.081953,blofin,0.13949,0.1395,163.0,500.0
2025-07-25T08:16:32.100242,okx,0.1396,0.13977,310.0,2520.0
2025-07-25T08:16:32.113531,huobi,0.1394,0.1398,3945.2833,1518.7093
2025-07-25T08:16:32.158438,bitget,0.13954,0.13956,126.0,341.0
2025-07-25T08:16:32.164845,lbank,0.1396,0.1397,110540.05,31540.8
2025-07-25T08:16:32.204526,okx,0.13961,0.13976,1023.338,33.617
2025-07-25T08:16:32.308095,bitget,0.13954,0.13956,126.0,341.0
2025-07-25T08:16:32.309931,huobi,0.1393,0.1398,798.0,1518.7093
2025-07-25T08:16:32.353711,okx,0.13962,0.13976,1023.338,33.617
2025-07-25T08:16:32.387148,bitmart,0.13936,0.1397,321.0,2169.0
2025-07-25T08:16:32.412460,huobi,0.1394,0.1398,3945.2833,1518.7093
2025-07-25T08:16:32.418439,bybit,0.13946,0.13947,1990.0,370.0
2025-07-25T08:16:32.453356,gateio,0.13949,0.13964,71.0,948.0
2025-07-25T08:16:32.459812,bitget,0.13953,0.13955,67.0,1851.0
2025-07-25T08:16:32.466219,gateio,0.13949,0.13964,71.0,1381.0
2025-07-25T08:16:32.489058,gateio,0.13949,0.13963,71.0,289.0
2025-07-25T08:16:32.493862,okx,0.13962,0.13976,1023.338,2713.425
2025-07-25T08:16:32.519171,bybit,0.0,0.0,0.0,0.0
2025-07-25T08:16:32.558459,blofin,0.13949,0.1395,163.0,500.0
2025-07-25T08:16:32.603076,okx,0.1396,0.13976,1023.338,2679.808
2025-07-25T08:16:32.608143,bitget,0.13952,0.13954,1589.0,2362.0
2025-07-25T08:16:32.616348,huobi,0.1394,0.1398,3945.2833,1518.7093
2025-07-25T08:16:32.618023,bybit,0.13946,0.0,370.0,0.0
2025-07-25T08:16:32.657343,gateio,0.13949,0.13963,71.0,315.0
2025-07-25T08:16:32.663158,lbank,0.1396,0.1397,110540.05,31540.8
2025-07-25T08:16:32.701194,okx,0.13956,0.1397,310.0,554.407
2025-07-25T08:16:32.713681,huobi,0.1393,0.1398,798.0,1518.7093
2025-07-25T08:16:32.718537,bybit,0.13945,0.13947,670.0,930.0
2025-07-25T08:16:32.760178,bitget,0.13952,0.13953,1589.0,2192.0
2025-07-25T08:16:32.804801,bingx,0.13949,0.13965,53489.16,0.59
2025-07-25T08:16:32.812922,huobi,0.1393,0.1398,4746.1155,1518.7093
2025-07-25T08:16:32.814606,okx,0.13957,0.13971,1023.338,33.617
2025-07-25T08:16:32.819090,bybit,0.13945,0.13946,610.0,650.0
2025-07-25T08:16:32.909001,bitget,0.13952,0.13953,1589.0,2192.0
2025-07-25T08:16:32.913341,binance,0.1396,0.1396,0.0,0.0
2025-07-25T08:16:32.959553,okx,0.13957,0.13963,1023.338,1948.478
2025-07-25T08:16:32.990999,gateio,0.13943,0.13963,71.0,315.0
2025-07-25T08:16:33.003447,gateio,0.13943,0.13962,71.0,76.0
2025-07-25T08:16:33.016496,huobi,0.1393,0.1398,4746.1155,1518.7093
2025-07-25T08:16:33.017992,bybit,0.13945,0.0,40.0,0.0
2025-07-25T08:16:33.060286,bitget,0.1395,0.13952,67.0,1589.0
2025-07-25T08:16:33.078549,blofin,0.13949,0.1395,5.0,524.0
2025-07-25T08:16:33.099457,gateio,0.13944,0.13962,2.0,76.0
2025-07-25T08:16:33.108982,bingx,0.13944,0.13965,53489.16,0.59
2025-07-25T08:16:33.114176,huobi,0.1393,0.1398,3948.1155,1518.7093
2025-07-25T08:16:33.168614,lbank,0.1396,0.1397,110540.05,31540.8
2025-07-25T08:16:33.203431,okx,0.13955,0.13961,1023.338,1948.655
2025-07-25T08:16:33.212136,bitget,0.13948,0.13951,1748.0,1851.0
2025-07-25T08:16:33.217016,huobi,0.1393,0.1398,4744.1155,1518.7093
2025-07-25T08:16:33.361934,bitget,0.13948,0.13951,158.0,1851.0
2025-07-25T08:16:33.422289,bybit,0.0,0.0,0.0,0.0
2025-07-25T08:16:33.500978,gateio,0.13944,0.13958,2.0,71.0
2025-07-25T08:16:33.502374,bitmart,0.13927,0.13963,122.0,3470.0
2025-07-25T08:16:33.511631,bitget,0.13948,0.1395,158.0,1851.0
2025-07-25T08:16:33.517329,gateio,0.13944,0.13957,2.0,1952.0
2025-07-25T08:16:33.518809,bybit,0.13942,0.13943,1730.0,550.0
2025-07-25T08:16:33.534944,gateio,0.13944,0.13956,2.0,586.0
2025-07-25T08:16:33.553318,blofin,0.13942,0.13945,220.0,401.0
2025-07-25T08:16:33.564051,okx,0.13951,0.13961,310.0,1948.655
2025-07-25T08:16:33.594524,gateio,0.13937,0.13955,71.0,774.0
2025-07-25T08:16:33.595017,gateio,0.13937,0.13954,71.0,258.0
2025-07-25T08:16:33.599018,gateio,0.13937,0.13953,71.0,2.0
2025-07-25T08:16:33.609698,gateio,0.13937,0.13953,71.0,52.0
2025-07-25T08:16:33.614382,huobi,0.139,0.1397,8773.0,796.0
2025-07-25T08:16:33.617943,bybit,0.13938,0.13939,40.0,800.0
2025-07-25T08:16:33.659363,bitget,0.13943,0.13949,2886.0,1851.0
2025-07-25T08:16:33.665096,gateio,0.13937,0.13952,71.0,26.0
2025-07-25T08:16:33.668175,lbank,0.1396,0.1397,110540.05,31540.8
2025-07-25T08:16:33.677445,okx,0.13946,0.13965,310.0,2866.561
2025-07-25T08:16:33.717937,bybit,0.0,0.13939,0.0,940.0
2025-07-25T08:16:33.718278,huobi,0.1392,0.1397,796.0,796.0
2025-07-25T08:16:33.788630,okx,0.13947,0.13964,1023.338,33.617
2025-07-25T08:16:33.809569,bitget,0.13939,0.13943,5515.0,2167.0
2025-07-25T08:16:33.818752,bybit,0.0,0.13939,0.0,600.0
2025-07-25T08:16:33.832987,gateio,0.13937,0.13953,71.0,52.0
2025-07-25T08:16:33.850135,mexc,0.13952,0.13953,1732902.0,1732902.0
2025-07-25T08:16:33.865695,gateio,0.13938,0.13952,362.0,36.0
2025-07-25T08:16:33.912866,huobi,0.1393,0.1397,7133.5,796.0
2025-07-25T08:16:33.913342,binance,0.1395,0.1395,0.0,0.0
2025-07-25T08:16:33.917908,bybit,0.13939,0.1394,370.0,650.0
2025-07-25T08:16:33.959474,bitget,0.13939,0.13945,5375.0,438.0
2025-07-25T08:16:33.976152,gateio,0.13938,0.13951,362.0,2.0
2025-07-25T08:16:33.988863,gateio,0.13939,0.13951,19.0,2.0
2025-07-25T08:16:34.001226,okx,0.13949,0.13964,1023.338,2520.0
2025-07-25T08:16:34.004128,bingx,0.13944,0.13965,53489.16,0.59
2025-07-25T08:16:34.018029,bybit,0.0,0.0,0.0,0.0
2025-07-25T08:16:34.069737,blofin,0.13942,0.13945,220.0,401.0
2025-07-25T08:16:34.108472,okx,0.13949,0.13963,1023.338,33.617
2025-07-25T08:16:34.118212,bitget,0.13945,0.13946,6440.0,438.0
2025-07-25T08:16:34.162698,lbank,0.1396,0.1397,110540.05,31540.8
2025-07-25T08:16:34.210858,huobi,0.1393,0.1398,7133.5,2314.7093
2025-07-25T08:16:34.222917,gateio,0.13939,0.13951,19.0,77.0
2025-07-25T08:16:34.232980,gateio,0.13939,0.13951,19.0,2.0
2025-07-25T08:16:34.253247,okx,0.1395,0.13963,1023.338,33.617
2025-07-25T08:16:34.259608,bitget,0.1394,0.13946,14428.0,438.0
2025-07-25T08:16:34.290882,gateio,0.13939,0.13953,19.0,50.0
2025-07-25T08:16:34.304497,bingx,0.13935,0.13955,53489.16,72417.87
2025-07-25T08:16:34.318504,bybit,0.0,0.0,0.0,0.0
2025-07-25T08:16:34.364581,okx,0.1395,0.13955,1023.338,1625.398
2025-07-25T08:16:34.402774,gateio,0.13939,0.13952,19.0,2.0
2025-07-25T08:16:34.408164,bitget,0.1394,0.13948,14428.0,1586.0
2025-07-25T08:16:34.467404,gateio,0.13943,0.13952,71.0,2.0
2025-07-25T08:16:34.475777,bitmart,0.13922,0.13959,1468.0,91.0
2025-07-25T08:16:34.485346,gateio,0.13943,0.13952,71.0,38.0
2025-07-25T08:16:34.497188,gateio,0.13943,0.13952,71.0,2.0
2025-07-25T08:16:34.518477,bybit,0.1394,0.13942,600.0,60.0
2025-07-25T08:16:34.524950,gateio,0.13943,0.13952,71.0,38.0
2025-07-25T08:16:34.560492,blofin,0.13931,0.13934,1211.0,46.0
2025-07-25T08:16:34.562818,gateio,0.13943,0.13952,71.0,2.0
2025-07-25T08:16:34.565114,bitget,0.1394,0.1395,14922.0,1586.0
2025-07-25T08:16:34.593249,gateio,0.13943,0.13952,71.0,38.0
2025-07-25T08:16:34.606946,okx,0.13951,0.1396,1023.338,1624.875
2025-07-25T08:16:34.618390,bybit,0.13947,0.13949,90.0,1140.0
2025-07-25T08:16:34.627750,gateio,0.13947,0.13952,362.0,2.0
2025-07-25T08:16:34.639168,gateio,0.1395,0.13952,71.0,2.0
2025-07-25T08:16:34.663620,lbank,0.1394,0.1396,309521.28,77562.96
2025-07-25T08:16:34.687535,gateio,0.13951,0.13952,19.0,2.0
2025-07-25T08:16:34.709956,bitget,0.1395,0.13952,6443.0,1589.0
2025-07-25T08:16:34.717585,huobi,0.1392,0.1398,796.0,1518.7093
2025-07-25T08:16:34.718121,bybit,0.13948,0.0,1300.0,0.0
2025-07-25T08:16:34.749275,okx,0.13956,0.13971,1333.338,554.247
2025-07-25T08:16:34.797475,gateio,0.13951,0.13958,19.0,2.0
2025-07-25T08:16:34.860519,bitget,0.13951,0.13955,362.0,2207.0
2025-07-25T08:16:34.887669,okx,0.13958,0.1397,1023.338,33.617
2025-07-25T08:16:34.901622,bingx,0.1394,0.1396,53489.16,72417.87
2025-07-25T08:16:34.913482,binance,0.1395,0.1395,0.0,0.0
2025-07-25T08:16:34.993166,okx,0.13959,0.13977,1023.338,2864.713
2025-07-25T08:16:35.010530,bitget,0.13954,0.13955,362.0,621.0
2025-07-25T08:16:35.042952,gateio,0.1395,0.13958,71.0,2.0
2025-07-25T08:16:35.084111,blofin,0.13931,0.13934,1211.0,46.0
2025-07-25T08:16:35.102918,okx,0.13959,0.13976,1023.338,2873.617
2025-07-25T08:16:35.111645,huobi,0.1392,0.1398,3813.9458,1518.7093
2025-07-25T08:16:35.160535,bitget,0.13954,0.13955,362.0,621.0
2025-07-25T08:16:35.166312,lbank,0.1394,0.1396,309521.28,77562.96
2025-07-25T08:16:35.214971,bingx,0.13944,0.13965,53489.16,0.59
2025-07-25T08:16:35.218065,bybit,0.0,0.0,0.0,0.0
2025-07-25T08:16:35.250907,okx,0.13959,0.13976,310.0,2840.0
2025-07-25T08:16:35.309877,bitget,0.13954,0.13956,362.0,621.0
2025-07-25T08:16:35.311411,huobi,0.1393,0.1398,20704.5747,1518.7093
2025-07-25T08:16:35.365572,okx,0.1396,0.13975,504.8,33.617
2025-07-25T08:16:35.411898,huobi,0.1394,0.1398,796.0,1518.7093
2025-07-25T08:16:35.418404,bybit,0.13949,0.1395,600.0,1210.0
2025-07-25T08:16:35.421016,bitmart,0.13934,0.13966,655.0,22.0
2025-07-25T08:16:35.460178,bitget,0.13954,0.13956,362.0,621.0
2025-07-25T08:16:35.470005,okx,0.13961,0.13975,4.8,33.617
2025-07-25T08:16:35.544641,blofin,0.13935,0.13938,205.0,2.0
2025-07-25T08:16:35.555052,gateio,0.13951,0.13958,19.0,2.0
2025-07-25T08:16:35.596093,okx,0.13962,0.13975,1023.338,33.617
2025-07-25T08:16:35.618423,bybit,0.1395,0.13951,2150.0,1170.0
2025-07-25T08:16:35.643737,gateio,0.1395,0.13958,71.0,2.0
2025-07-25T08:16:35.665458,lbank,0.1394,0.1396,42406.69,77562.96
2025-07-25T08:16:35.701046,gateio,0.13952,0.13958,19.0,2.0
2025-07-25T08:16:35.707650,okx,0.13966,0.13975,1023.338,33.617
2025-07-25T08:16:35.718395,bybit,0.0,0.0,0.0,0.0
2025-07-25T08:16:35.759023,bitget,0.13958,0.13963,77130.0,14428.0
2025-07-25T08:16:35.808968,gateio,0.1395,0.13958,71.0,2.0
2025-07-25T08:16:35.818058,bybit,0.13952,0.13953,1220.0,40.0
2025-07-25T08:16:35.850155,okx,0.13967,0.13975,1023.338,33.617
2025-07-25T08:16:35.886136,gateio,0.13953,0.13958,19.0,2.0
2025-07-25T08:16:35.910294,bitget,0.13958,0.13962,77130.0,1851.0
2025-07-25T08:16:35.915420,binance,0.1396,0.1396,0.0,0.0
2025-07-25T08:16:35.918316,bybit,0.13952,0.0,3510.0,0.0
2025-07-25T08:16:35.920910,gateio,0.13956,0.13958,71.0,2.0
2025-07-25T08:16:35.953062,gateio,0.13957,0.13959,19.0,173.0
2025-07-25T08:16:35.963447,gateio,0.13957,0.13959,19.0,123.0
2025-07-25T08:16:35.990978,okx,0.13968,0.13976,1023.338,2840.0
2025-07-25T08:16:36.009885,gateio,0.13957,0.13959,21.0,123.0
2025-07-25T08:16:36.018064,bybit,0.13954,0.13955,5190.0,40.0
2025-07-25T08:16:36.026937,gateio,0.13957,0.13971,21.0,1.0
2025-07-25T08:16:36.055532,gateio,0.13957,0.13971,2.0,1.0
2025-07-25T08:16:36.061561,bitget,0.13958,0.13964,84843.0,1585.0
2025-07-25T08:16:36.066710,gateio,0.13958,0.13971,19.0,1.0
2025-07-25T08:16:36.069590,blofin,0.13943,0.13944,5.0,3.0
2025-07-25T08:16:36.098243,okx,0.13969,0.13976,1023.338,2840.0
2025-07-25T08:16:36.117983,bingx,0.13959,0.13965,36143.55,0.59
2025-07-25T08:16:36.118470,bybit,0.13955,0.13956,2150.0,40.0
2025-07-25T08:16:36.169250,gateio,0.13958,0.1397,19.0,1952.0
2025-07-25T08:16:36.199150,okx,0.13971,0.13976,1023.338,2840.0
2025-07-25T08:16:36.209235,bitget,0.1396,0.13965,487.0,621.0
2025-07-25T08:16:36.218866,bybit,0.0,0.0,0.0,0.0
2025-07-25T08:16:36.244808,gateio,0.13958,0.13969,19.0,586.0
2025-07-25T08:16:36.266972,mexc,0.13938,0.13939,1732902.0,1732902.0
2025-07-25T08:16:36.361142,bitget,0.13964,0.13965,362.0,621.0
2025-07-25T08:16:36.412976,huobi,0.1394,0.1398,796.0,1518.7093
2025-07-25T08:16:36.417984,bybit,0.13955,0.0,3780.0,0.0
2025-07-25T08:16:36.478952,bitmart,0.13942,0.13976,1157.0,103.0
2025-07-25T08:16:36.486854,gateio,0.13962,0.13971,71.0,1.0
2025-07-25T08:16:36.502767,gateio,0.13963,0.13971,19.0,1.0
2025-07-25T08:16:36.509701,bitget,0.13967,0.13975,81475.0,155276.0
2025-07-25T08:16:36.514363,huobi,0.1394,0.1398,796.0,780.0
2025-07-25T08:16:36.518121,bybit,0.13958,0.13959,3140.0,240.0
2025-07-25T08:16:36.554069,blofin,0.13943,0.13944,5.0,3.0
2025-07-25T08:16:36.560111,okx,0.13975,0.13976,937.872,2840.0
2025-07-25T08:16:36.618109,bybit,0.13958,0.0,7790.0,0.0
2025-07-25T08:16:36.659885,bitget,0.13967,0.13974,3027.0,16279.0
2025-07-25T08:16:36.663224,lbank,0.1396,0.1397,101512.57,34722.96
2025-07-25T08:16:36.668362,okx,0.13976,0.1398,1023.338,390.0
2025-07-25T08:16:36.718438,bybit,0.13961,0.13962,4050.0,590.0
2025-07-25T08:16:36.753100,gateio,0.13962,0.13971,71.0,1.0
2025-07-25T08:16:36.817194,bitget,0.13967,0.13968,3027.0,341.0
2025-07-25T08:16:36.818300,bybit,0.13961,0.0,3830.0,0.0
2025-07-25T08:16:36.892634,okx,0.13971,0.1398,1053.555,390.0
2025-07-25T08:16:36.914100,binance,0.1397,0.1397,0.0,0.0
2025-07-25T08:16:36.918273,bybit,0.0,0.13962,0.0,50.0
2025-07-25T08:16:36.961616,bitget,0.13967,0.1397,3027.0,1585.0
2025-07-25T08:16:37.002193,okx,0.13972,0.1398,1333.338,390.0
2025-07-25T08:16:37.012145,bingx,0.13963,0.13965,36143.55,0.59
2025-07-25T08:16:37.017955,bybit,0.0,0.0,0.0,0.0
2025-07-25T08:16:37.025617,gateio,0.13963,0.13971,19.0,1.0
2025-07-25T08:16:37.071948,blofin,0.13951,0.13953,148.0,567.0
2025-07-25T08:16:37.111332,bitget,0.13967,0.13972,3027.0,1585.0
2025-07-25T08:16:37.117892,bybit,0.13961,0.0,5730.0,0.0
2025-07-25T08:16:37.153576,okx,0.13974,0.1398,1023.338,2247.209
2025-07-25T08:16:37.212547,huobi,0.1395,0.1398,20704.5747,780.0
2025-07-25T08:16:37.221728,bybit,0.13961,0.0,4300.0,0.0
2025-07-25T08:16:37.260313,bitget,0.13967,0.13972,3329.0,1585.0
2025-07-25T08:16:37.265741,okx,0.13975,0.1398,1023.338,390.0
2025-07-25T08:16:37.319234,bybit,0.0,0.0,0.0,0.0
2025-07-25T08:16:37.411447,bitget,0.13967,0.13971,3329.0,1851.0
2025-07-25T08:16:37.420733,huobi,0.1395,0.1396,20704.5747,255.0824
2025-07-25T08:16:37.483255,bitmart,0.13947,0.13983,1338.0,5366.0
2025-07-25T08:16:37.513320,huobi,0.1395,0.1398,20704.5747,780.0
2025-07-25T08:16:37.517881,bybit,0.13961,0.0,2850.0,0.0
2025-07-25T08:16:37.554980,blofin,0.13958,0.13962,205.0,86.0
2025-07-25T08:16:37.567571,bitget,0.13967,0.1397,3329.0,1851.0
2025-07-25T08:16:37.666710,lbank,0.1396,0.1397,101512.57,103631.34
2025-07-25T08:16:37.669306,gateio,0.13962,0.13971,71.0,1.0
2025-07-25T08:16:37.686460,gateio,0.13964,0.13971,609.0,1.0
2025-07-25T08:16:37.695956,gateio,0.13962,0.13971,71.0,1.0
2025-07-25T08:16:37.707568,gateio,0.13965,0.13971,2.0,1.0
2025-07-25T08:16:37.710104,bitget,0.13968,0.1397,362.0,1851.0
2025-07-25T08:16:37.718512,bybit,0.13961,0.13962,700.0,420.0
2025-07-25T08:16:37.790995,gateio,0.13962,0.13971,71.0,1.0
2025-07-25T08:16:37.815923,gateio,0.13963,0.13971,1.0,1.0
2025-07-25T08:16:37.860296,bitget,0.13967,0.13969,3329.0,341.0
2025-07-25T08:16:37.891080,gateio,0.13963,0.1397,1.0,1.0
2025-07-25T08:16:37.910734,bingx,0.13963,0.13965,36143.55,0.59
2025-07-25T08:16:37.915349,binance,0.1397,0.1397,0.0,0.0
2025-07-25T08:16:37.918075,bybit,0.0,0.13962,0.0,50.0
2025-07-25T08:16:37.991947,gateio,0.13963,0.1397,16.0,1.0
2025-07-25T08:16:38.011720,bitget,0.13967,0.13968,3329.0,341.0
2025-07-25T08:16:38.050154,okx,0.13976,0.1398,1023.338,390.0
2025-07-25T08:16:38.081367,blofin,0.13958,0.13962,205.0,86.0
2025-07-25T08:16:38.162520,bitget,0.13967,0.13968,3329.0,341.0
2025-07-25T08:16:38.164447,lbank,0.1398,0.1399,19256.53,43001.64
2025-07-25T08:16:38.217981,bybit,0.0,0.0,0.0,0.0
2025-07-25T08:16:38.310490,bitget,0.13967,0.13968,3329.0,341.0
2025-07-25T08:16:38.311399,huobi,0.1395,0.1398,20704.5747,780.0
2025-07-25T08:16:38.389522,okx,0.13976,0.13982,1023.338,2120.0
2025-07-25T08:16:38.447150,gateio,0.13964,0.1397,19.0,1.0
2025-07-25T08:16:38.462720,bitget,0.13968,0.1397,341.0,1586.0
2025-07-25T08:16:38.487394,bitmart,0.13947,0.13983,24.0,5366.0
2025-07-25T08:16:38.489154,gateio,0.13968,0.1397,71.0,1.0
2025-07-25T08:16:38.491340,okx,0.13976,0.1398,1023.338,1821.81
2025-07-25T08:16:38.519094,bybit,0.13963,0.13964,4970.0,140.0
2025-07-25T08:16:38.576455,blofin,0.13959,0.13961,210.0,693.0
2025-07-25T08:16:38.590935,gateio,0.13968,0.13971,71.0,1.0
2025-07-25T08:16:38.610550,bitget,0.1397,0.13975,1586.0,10162.0
2025-07-25T08:16:38.612078,okx,0.13977,0.13986,1023.338,3.234
2025-07-25T08:16:38.618594,bybit,0.0,0.0,0.0,0.0
2025-07-25T08:16:38.632896,mexc,0.13955,0.13956,1732902.0,1732902.0
2025-07-25T08:16:38.711893,huobi,0.1396,0.1398,264.2831,780.0
2025-07-25T08:16:38.752653,okx,0.13978,0.13986,1023.338,3.234
2025-07-25T08:16:38.762628,bitget,0.1397,0.13974,1586.0,2192.0
2025-07-25T08:16:38.810080,huobi,0.1395,0.1398,20704.5747,780.0
2025-07-25T08:16:38.813576,bingx,0.13963,0.13965,36143.55,0.59
2025-07-25T08:16:38.818354,bybit,0.13963,0.0,3540.0,0.0
2025-07-25T08:16:38.912277,bitget,0.1397,0.13973,1586.0,2192.0
2025-07-25T08:16:38.913264,binance,0.1397,0.1397,0.0,0.0
2025-07-25T08:16:38.918227,bybit,0.13963,0.0,4970.0,0.0
2025-07-25T08:16:39.054962,blofin,0.13959,0.13961,210.0,693.0
2025-07-25T08:16:39.062182,bitget,0.1397,0.13972,1586.0,341.0
2025-07-25T08:16:39.212542,bitget,0.13971,0.13972,362.0,341.0
2025-07-25T08:16:39.318013,bybit,0.13963,0.0,3140.0,0.0
2025-07-25T08:16:39.364489,bitget,0.1397,0.13972,1586.0,341.0
2025-07-25T08:16:39.471810,bitmart,0.13947,0.13987,10224.0,12464.0
2025-07-25T08:16:39.489743,okx,0.13974,0.13983,310.0,1619.054
2025-07-25T08:16:39.511605,bitget,0.13969,0.1397,158.0,511.0
2025-07-25T08:16:39.518531,bybit,0.13963,0.0,1540.0,0.0
2025-07-25T08:16:39.566366,blofin,0.13958,0.13963,38.0,280.0
2025-07-25T08:16:39.593402,okx,0.13975,0.13983,1023.338,1619.054
2025-07-25T08:16:39.663209,bitget,0.13969,0.1397,158.0,511.0
2025-07-25T08:16:39.696681,okx,0.13977,0.13986,1023.338,36.851
2025-07-25T08:16:39.718296,bybit,0.0,0.13964,0.0,40.0
2025-07-25T08:16:39.725142,bingx,0.13963,0.13965,36143.55,0.59
2025-07-25T08:16:39.809882,huobi,0.1395,0.1398,20704.5747,780.0
2025-07-25T08:16:39.811520,bitget,0.13969,0.13972,158.0,1587.0
2025-07-25T08:16:39.818334,bybit,0.0,0.0,0.0,0.0
2025-07-25T08:16:39.853027,okx,0.13978,0.13986,1023.338,36.851
2025-07-25T08:16:39.910908,huobi,0.1396,0.1398,796.0,680.0
2025-07-25T08:16:39.913377,binance,0.1397,0.1397,0.0,0.0
2025-07-25T08:16:39.966550,bitget,0.13968,0.13971,499.0,1851.0
2025-07-25T08:16:39.989330,okx,0.13978,0.13986,1023.338,3.234
2025-07-25T08:16:40.013299,huobi,0.1395,0.1398,796.0,680.0
2025-07-25T08:16:40.017919,bybit,0.13963,0.0,1000.0,0.0
2025-07-25T08:16:40.043878,gateio,0.13962,0.13971,71.0,1.0
2025-07-25T08:16:40.066384,blofin,0.13959,0.13963,244.0,280.0
2025-07-25T08:16:40.091067,gateio,0.13963,0.13971,1.0,1.0
2025-07-25T08:16:40.098849,okx,0.13973,0.13982,810.0,1024.448
2025-07-25T08:16:40.112976,bitget,0.13968,0.1397,158.0,341.0
2025-07-25T08:16:40.113225,huobi,0.1395,0.1399,796.0,2000.0
2025-07-25T08:16:40.118211,bybit,0.13963,0.0,230.0,0.0
2025-07-25T08:16:40.138867,gateio,0.13963,0.1397,17.0,1.0
2025-07-25T08:16:40.191325,gateio,0.13963,0.1397,16.0,1.0
2025-07-25T08:16:40.218942,okx,0.13972,0.13986,310.0,3.234
2025-07-25T08:16:40.263553,bitget,0.13968,0.1397,158.0,2192.0
2025-07-25T08:16:40.363962,okx,0.13975,0.13986,4.772,36.851
2025-07-25T08:16:40.380973,lbank,0.1398,0.1399,19256.53,43001.64
2025-07-25T08:16:40.413428,bitget,0.13968,0.13969,158.0,341.0
2025-07-25T08:16:40.470584,bitmart,0.13947,0.13983,36.0,2548.0
2025-07-25T08:16:40.498977,okx,0.13973,0.13986,504.772,36.851
2025-07-25T08:16:40.548339,blofin,0.13959,0.13963,244.0,280.0
2025-07-25T08:16:40.561615,bitget,0.13968,0.13969,520.0,341.0
2025-07-25T08:16:40.610941,huobi,0.1395,0.1399,796.0,1690.0
2025-07-25T08:16:40.618193,okx,0.13976,0.13986,4.772,36.851
2025-07-25T08:16:40.620717,bingx,0.13963,0.13965,36143.55,0.59
2025-07-25T08:16:40.659442,lbank,0.1398,0.1399,19256.53,43001.64
2025-07-25T08:16:40.684875,gateio,0.13967,0.1397,609.0,1.0
2025-07-25T08:16:40.706991,gateio,0.13962,0.13971,71.0,1.0
2025-07-25T08:16:40.711844,bitget,0.13968,0.13969,520.0,341.0
2025-07-25T08:16:40.814409,gateio,0.13963,0.1397,1.0,1.0
2025-07-25T08:16:40.854735,okx,0.13974,0.13986,4.772,36.851
2025-07-25T08:16:40.914769,binance,0.1397,0.1397,0.0,0.0
2025-07-25T08:16:40.997349,mexc,0.13963,0.13964,1732910.0,1732910.0
2025-07-25T08:16:41.009994,huobi,0.1395,0.1399,796.0,1690.0
2025-07-25T08:16:41.012195,bitget,0.13968,0.13969,520.0,341.0
2025-07-25T08:16:41.034923,gateio,0.13963,0.1397,17.0,1.0
2025-07-25T08:16:41.066554,blofin,0.13959,0.13962,4.0,392.0
2025-07-25T08:16:41.090927,gateio,0.13963,0.1397,16.0,1.0
2025-07-25T08:16:41.092169,okx,0.13973,0.13986,4.772,36.851
2025-07-25T08:16:41.164556,lbank,0.1398,0.1399,19256.53,43001.64
2025-07-25T08:16:41.207393,okx,0.13975,0.1398,4.772,1024.58
2025-07-25T08:16:41.318501,bybit,0.0,0.13964,0.0,150.0
2025-07-25T08:16:41.357443,okx,0.13974,0.1398,1023.338,1024.58
2025-07-25T08:16:41.463271,bitget,0.13968,0.13969,380.0,341.0
2025-07-25T08:16:41.470199,bitmart,0.13947,0.13983,37.0,1170.0
2025-07-25T08:16:41.513253,huobi,0.1395,0.1399,796.0,738.7093
2025-07-25T08:16:41.526460,bingx,0.13963,0.13965,36143.55,0.59
2025-07-25T08:16:41.561886,blofin,0.13959,0.13962,4.0,393.0
2025-07-25T08:16:41.611669,huobi,0.1395,0.1399,4738.4552,738.7093
2025-07-25T08:16:41.663367,lbank,0.1398,0.1399,19256.53,43001.64
2025-07-25T08:16:41.820973,bybit,0.0,0.0,0.0,0.0
2025-07-25T08:16:42.018076,bybit,0.13963,0.0,1300.0,0.0
2025-07-25T08:16:42.035064,gateio,0.13962,0.1397,71.0,1.0
2025-07-25T08:16:42.059026,gateio,0.13964,0.1397,19.0,1.0
2025-07-25T08:16:42.076348,blofin,0.13959,0.13962,4.0,393.0
2025-07-25T08:16:42.110426,huobi,0.1395,0.1396,4738.4552,261.3166
2025-07-25T08:16:42.117921,bybit,0.0,0.0,0.0,0.0
2025-07-25T08:16:42.157251,okx,0.13975,0.13982,1523.338,1140.981
2025-07-25T08:16:42.163518,lbank,0.1398,0.1399,19256.53,43001.64
2025-07-25T08:16:42.212778,huobi,0.1395,0.1399,796.0,738.7093
2025-07-25T08:16:42.215164,bitget,0.13968,0.13975,380.0,10649.0
2025-07-25T08:16:42.290537,okx,0.13976,0.13982,1023.338,1140.981
2025-07-25T08:16:42.366831,bitget,0.13968,0.13974,380.0,2192.0
2025-07-25T08:16:42.410277,huobi,0.1395,0.1399,4738.4552,738.7093
2025-07-25T08:16:42.418734,bybit,0.13963,0.0,230.0,0.0
2025-07-25T08:16:42.431427,bingx,0.13963,0.13965,36143.55,0.59
2025-07-25T08:16:42.481415,bitmart,0.13947,0.13983,1046.0,1170.0
2025-07-25T08:16:42.513024,bitget,0.13968,0.13969,18.0,341.0
2025-07-25T08:16:42.515390,huobi,0.1395,0.1399,796.0,738.7093
2025-07-25T08:16:42.546856,okx,0.13976,0.13981,1023.338,1141.051
2025-07-25T08:16:42.566352,blofin,0.13959,0.13962,3.0,191.0
2025-07-25T08:16:42.613594,huobi,0.1395,0.1399,4738.4552,738.7093
2025-07-25T08:16:42.663452,bitget,0.13967,0.13971,158.0,1590.0
2025-07-25T08:16:42.665553,lbank,0.1398,0.1399,19256.53,43001.64
2025-07-25T08:16:42.704722,okx,0.13973,0.13981,1023.338,1141.051
2025-07-25T08:16:42.827102,bitget,0.13967,0.1397,158.0,2192.0
2025-07-25T08:16:42.861061,okx,0.13974,0.13981,1523.338,1141.051
2025-07-25T08:16:42.913395,binance,0.1397,0.1397,0.0,0.0
2025-07-25T08:16:42.964886,bitget,0.13967,0.13969,158.0,341.0
2025-07-25T08:16:43.076185,blofin,0.13958,0.13962,151.0,5.0
2025-07-25T08:16:43.089437,okx,0.13974,0.13981,1023.338,1141.051
2025-07-25T08:16:43.114073,bitget,0.13967,0.13969,158.0,341.0
2025-07-25T08:16:43.164329,lbank,0.1398,0.1399,19256.53,43001.64
2025-07-25T08:16:43.270141,bitget,0.13967,0.13969,158.0,341.0
2025-07-25T08:16:43.336241,bingx,0.13963,0.13965,36143.55,0.59
2025-07-25T08:16:43.375239,bitmart,0.13947,0.13983,1046.0,2943.0
2025-07-25T08:16:43.390076,mexc,0.13963,0.13964,1732910.0,1732910.0
2025-07-25T08:16:43.486315,okx,0.13975,0.13981,1023.338,1141.051
2025-07-25T08:16:43.561042,blofin,0.13958,0.13962,151.0,5.0
2025-07-25T08:16:43.664846,lbank,0.1398,0.1399,19256.53,43001.64
2025-07-25T08:16:43.686854,gateio,0.13966,0.1397,496.0,1.0
2025-07-25T08:16:43.702658,gateio,0.13962,0.1397,71.0,1.0
2025-07-25T08:16:43.712398,huobi,0.1395,0.1399,4738.4552,738.7093
2025-07-25T08:16:43.794896,gateio,0.13963,0.1397,1.0,1.0
2025-07-25T08:16:43.812092,huobi,0.1395,0.1399,796.0,838.7093
2025-07-25T08:16:43.912738,huobi,0.1395,0.1399,796.0,838.7093
2025-07-25T08:16:43.913340,binance,0.1397,0.1397,0.0,0.0
2025-07-25T08:16:43.928665,gateio,0.13963,0.1397,17.0,1.0
2025-07-25T08:16:43.991103,gateio,0.13963,0.1397,16.0,1.0
2025-07-25T08:16:44.066075,blofin,0.13958,0.13962,252.0,400.0
2025-07-25T08:16:44.164813,bitget,0.13967,0.13971,158.0,1590.0
2025-07-25T08:16:44.166978,lbank,0.1398,0.1399,19256.53,43001.64
2025-07-25T08:16:44.185867,okx,0.1398,0.13981,18953.782,1141.051
2025-07-25T08:16:44.210175,huobi,0.1396,0.1399,2927.5016,838.7093
2025-07-25T08:16:44.217906,bybit,0.13963,0.0,960.0,0.0
2025-07-25T08:16:44.228007,gateio,0.13964,0.1397,19.0,1.0
2025-07-25T08:16:44.234063,bingx,0.13963,0.13965,36143.55,0.59
2025-07-25T08:16:44.247236,gateio,0.13968,0.1397,71.0,1.0
2025-07-25T08:16:44.283021,okx,0.1398,0.13981,18953.782,1141.051
2025-07-25T08:16:44.290977,gateio,0.13968,0.13971,71.0,1.0
2025-07-25T08:16:44.309826,huobi,0.1396,0.1399,6867.1326,838.7093
2025-07-25T08:16:44.313930,bitget,0.1397,0.13975,362.0,10162.0
2025-07-25T08:16:44.385488,okx,0.1398,0.13983,18953.782,4285.241
2025-07-25T08:16:44.410586,huobi,0.1396,0.1399,2927.5016,838.7093
2025-07-25T08:16:44.414253,bitmart,0.13947,0.13983,1046.0,1052.0
2025-07-25T08:16:44.418271,bybit,0.13963,0.0,2390.0,0.0
2025-07-25T08:16:44.465172,bitget,0.1397,0.13974,362.0,1851.0
2025-07-25T08:16:44.509588,okx,0.1398,0.13986,18953.782,3.234
2025-07-25T08:16:44.517768,bybit,0.13967,0.13968,600.0,40.0
2025-07-25T08:16:44.565319,blofin,0.13959,0.13963,142.0,590.0
2025-07-25T08:16:44.610317,huobi,0.1396,0.1399,2927.5016,410.0
2025-07-25T08:16:44.615724,bitget,0.13971,0.13973,362.0,341.0
2025-07-25T08:16:44.618541,bybit,0.0,0.0,0.0,0.0
2025-07-25T08:16:44.660892,okx,0.1398,0.13985,18953.782,1894.975
2025-07-25T08:16:44.669336,lbank,0.1398,0.1399,19256.53,43001.64
2025-07-25T08:16:44.718113,bybit,0.13967,0.0,720.0,0.0
2025-07-25T08:16:44.764093,bitget,0.13973,0.13975,362.0,10162.0
2025-07-25T08:16:44.784988,okx,0.1398,0.13986,18953.782,3.234
2025-07-25T08:16:44.818014,bybit,0.0,0.0,0.0,0.0
2025-07-25T08:16:44.913966,binance,0.1397,0.1397,0.0,0.0
2025-07-25T08:16:44.917043,bitget,0.13973,0.13975,362.0,10162.0
2025-07-25T08:16:44.920593,bybit,0.0,0.0,0.0,0.0
2025-07-25T08:16:45.012093,huobi,0.1397,0.1399,266.459,410.0
2025-07-25T08:16:45.065762,bitget,0.13973,0.13975,362.0,10162.0
2025-07-25T08:16:45.067293,blofin,0.13959,0.13963,142.0,590.0
2025-07-25T08:16:45.111102,huobi,0.1396,0.1399,2927.5016,410.0
2025-07-25T08:16:45.118113,bybit,0.0,0.0,0.0,0.0
2025-07-25T08:16:45.143559,bingx,0.13963,0.13965,36143.55,0.59
2025-07-25T08:16:45.161645,lbank,0.1398,0.1399,19256.53,36172.32
2025-07-25T08:16:45.218243,bybit,0.13967,0.0,600.0,0.0
2025-07-25T08:16:45.471022,bitmart,0.13952,0.13987,2815.0,49.0
2025-07-25T08:16:45.565288,blofin,0.13961,0.13963,118.0,280.0
2025-07-25T08:16:45.609749,huobi,0.1396,0.1399,2927.5016,970.0
2025-07-25T08:16:45.668534,lbank,0.1398,0.1399,19256.53,36172.32
2025-07-25T08:16:45.767650,mexc,0.13963,0.13964,1732910.0,1732910.0
2025-07-25T08:16:45.816306,bitget,0.13973,0.13975,362.0,10162.0
2025-07-25T08:16:45.913160,binance,0.1397,0.1397,0.0,0.0
2025-07-25T08:16:45.951731,okx,0.1398,0.13986,18953.782,1247.038
2025-07-25T08:16:46.041707,bingx,0.13963,0.13965,36143.55,0.59
2025-07-25T08:16:46.079071,blofin,0.13961,0.13963,390.0,280.0
2025-07-25T08:16:46.111137,huobi,0.1396,0.1399,2927.5016,970.0
2025-07-25T08:16:46.115374,bitget,0.13973,0.13975,362.0,10162.0
2025-07-25T08:16:46.117905,bybit,0.13967,0.0,2030.0,0.0
2025-07-25T08:16:46.164420,lbank,0.1398,0.1399,19256.53,36172.32
2025-07-25T08:16:46.318995,bybit,0.13969,0.1397,2380.0,570.0
2025-07-25T08:16:46.336823,gateio,0.13971,0.1398,19.0,585.0
2025-07-25T08:16:46.346665,gateio,0.13975,0.13982,71.0,1.0
2025-07-25T08:16:46.418881,bybit,0.1397,0.13971,820.0,40.0
2025-07-25T08:16:46.449672,okx,0.13983,0.13995,1038.364,1.112
2025-07-25T08:16:46.475912,bitmart,0.13953,0.13987,2008.0,173.0
2025-07-25T08:16:46.518890,bybit,0.1397,0.0,2250.0,0.0
2025-07-25T08:16:46.562058,okx,0.13985,0.13995,1023.338,1.112
2025-07-25T08:16:46.562434,blofin,0.13961,0.13963,390.0,280.0
2025-07-25T08:16:46.565532,bitget,0.13977,0.13978,543.0,1590.0
2025-07-25T08:16:46.617732,bybit,0.0,0.0,0.0,0.0
2025-07-25T08:16:46.665078,lbank,0.1398,0.1399,19256.53,36172.32
2025-07-25T08:16:46.687181,okx,0.13986,0.13995,4.742,1.112
2025-07-25T08:16:46.711327,huobi,0.1396,0.1399,2927.5016,970.0
2025-07-25T08:16:46.715762,bitget,0.13977,0.1398,543.0,1590.0
2025-07-25T08:16:46.800920,okx,0.13983,0.13991,4.742,1243.4
2025-07-25T08:16:46.822992,bybit,0.1397,0.0,2780.0,0.0
2025-07-25T08:16:46.877129,bitget,0.13977,0.13982,543.0,1590.0
2025-07-25T08:16:46.914505,binance,0.1398,0.1398,0.0,0.0
2025-07-25T08:16:46.919402,bybit,0.0,0.0,0.0,0.0
2025-07-25T08:16:46.946726,bingx,0.13963,0.13965,112269.09,0.59
2025-07-25T08:16:47.019291,bitget,0.13977,0.13983,543.0,14428.0
2025-07-25T08:16:47.052196,okx,0.13983,0.13991,1023.338,1243.4
2025-07-25T08:16:47.076653,blofin,0.13965,0.13968,427.0,3.0
2025-07-25T08:16:47.163873,okx,0.13984,0.13991,1023.338,1243.4
2025-07-25T08:16:47.164558,lbank,0.1398,0.1399,19256.53,36172.32
2025-07-25T08:16:47.170247,bitget,0.13977,0.13982,543.0,1851.0
2025-07-25T08:16:47.273302,okx,0.13984,0.13991,1523.338,1243.4
2025-07-25T08:16:47.320386,bitget,0.13978,0.13981,362.0,341.0
2025-07-25T08:16:47.420829,bybit,0.1397,0.0,4550.0,0.0
2025-07-25T08:16:47.442030,gateio,0.13975,0.13982,63.0,1.0
2025-07-25T08:16:47.467213,bitget,0.13978,0.13979,362.0,341.0
2025-07-25T08:16:47.472800,bitmart,0.13953,0.13993,15394.0,218.0
2025-07-25T08:16:47.500221,okx,0.13985,0.13991,1023.338,1243.4
2025-07-25T08:16:47.510928,huobi,0.1396,0.1399,2927.5016,970.0
2025-07-25T08:16:47.518559,bybit,0.1397,0.0,2780.0,0.0
2025-07-25T08:16:47.553234,blofin,0.13967,0.13968,436.0,3.0
2025-07-25T08:16:47.615438,huobi,0.1397,0.1399,795.0,970.0
2025-07-25T08:16:47.620825,bitget,0.13982,0.13985,543.0,429.0
2025-07-25T08:16:47.621261,bybit,0.13973,0.13974,4050.0,40.0
2025-07-25T08:16:47.692765,gateio,0.13976,0.13982,19.0,1.0
2025-07-25T08:16:47.714942,huobi,0.1397,0.1398,795.0,248.5893
2025-07-25T08:16:47.717824,bybit,0.0,0.0,0.0,0.0
2025-07-25T08:16:47.751844,okx,0.13991,0.13993,2146.69,935.736
2025-07-25T08:16:47.767644,bitget,0.13982,0.13983,543.0,341.0
2025-07-25T08:16:47.798657,gateio,0.13975,0.13982,63.0,1.0
2025-07-25T08:16:47.813620,huobi,0.1397,0.1399,795.0,870.0
2025-07-25T08:16:47.819992,bybit,0.0,0.0,0.0,0.0
2025-07-25T08:16:47.846701,bingx,0.13963,0.13965,112269.09,0.59
2025-07-25T08:16:47.879759,okx,0.13986,0.13993,551.158,935.736
2025-07-25T08:16:47.910535,huobi,0.1396,0.1399,795.0,870.0
2025-07-25T08:16:47.913970,binance,0.1398,0.1398,0.0,0.0
2025-07-25T08:16:47.915810,bitget,0.13979,0.13983,341.0,2192.0
2025-07-25T08:16:47.917941,bybit,0.13973,0.0,990.0,0.0
2025-07-25T08:16:47.985697,okx,0.13985,0.13992,1023.338,935.782
2025-07-25T08:16:48.009931,huobi,0.1396,0.1399,4734.631,870.0
2025-07-25T08:16:48.018510,bybit,0.13973,0.0,1110.0,0.0
2025-07-25T08:16:48.056759,blofin,0.13969,0.13973,201.0,1076.0
2025-07-25T08:16:48.068285,bitget,0.13979,0.13983,67.0,341.0
2025-07-25T08:16:48.099655,okx,0.13986,0.13992,1023.338,935.782
2025-07-25T08:16:48.118420,bybit,0.0,0.0,0.0,0.0
2025-07-25T08:16:48.143815,mexc,0.13963,0.13964,1732910.0,1732910.0
2025-07-25T08:16:48.163974,lbank,0.1398,0.1399,19256.53,36172.32
2025-07-25T08:16:48.211125,huobi,0.1396,0.1399,795.0,870.0
2025-07-25T08:16:48.216294,bitget,0.13978,0.13983,67.0,341.0
2025-07-25T08:16:48.257019,okx,0.13987,0.13992,1023.338,935.782
2025-07-25T08:16:48.358174,okx,0.13987,0.13991,1023.338,935.855
2025-07-25T08:16:48.367002,bitget,0.13978,0.13979,67.0,341.0
2025-07-25T08:16:48.473618,bitmart,0.13957,0.13992,545.0,1213.0
2025-07-25T08:16:48.517588,bitget,0.13978,0.13979,429.0,341.0
2025-07-25T08:16:48.550417,blofin,0.13969,0.13973,201.0,1076.0
2025-07-25T08:16:48.603569,okx,0.13982,0.13991,310.0,935.855
2025-07-25T08:16:48.665069,lbank,0.1398,0.1399,19256.53,36172.32
2025-07-25T08:16:48.712460,huobi,0.1396,0.1399,795.0,870.0
2025-07-25T08:16:48.752740,bingx,0.13963,0.13965,112269.09,0.59
2025-07-25T08:16:48.811126,huobi,0.1396,0.1399,795.0,560.0
2025-07-25T08:16:48.913655,binance,0.1398,0.1398,0.0,0.0
2025-07-25T08:16:48.916689,huobi,0.1396,0.1399,795.0,560.0
2025-07-25T08:16:49.018182,bybit,0.13974,0.13975,6890.0,30.0
2025-07-25T08:16:49.060238,gateio,0.13976,0.13982,19.0,1.0
2025-07-25T08:16:49.060286,okx,0.13983,0.13991,1023.338,935.855
2025-07-25T08:16:49.085096,blofin,0.13968,0.13973,115.0,1052.0
2025-07-25T08:16:49.117164,huobi,0.1396,0.1399,4734.631,560.0
2025-07-25T08:16:49.118267,bitget,0.1398,0.13985,543.0,429.0
2025-07-25T08:16:49.118813,bybit,0.13978,0.13979,2290.0,60.0
2025-07-25T08:16:49.162773,lbank,0.1398,0.1399,19256.53,36172.32
2025-07-25T08:16:49.189743,okx,0.13987,0.13993,1523.338,935.739
2025-07-25T08:16:49.218640,bybit,0.0,0.0,0.0,0.0
2025-07-25T08:16:49.232629,gateio,0.13977,0.13982,19.0,1.0
2025-07-25T08:16:49.268227,bitget,0.13984,0.13985,362.0,429.0
2025-07-25T08:16:49.269420,gateio,0.13978,0.13982,19.0,1.0
2025-07-25T08:16:49.287581,gateio,0.13978,0.13984,19.0,1.0
2025-07-25T08:16:49.292634,okx,0.13988,0.13995,1023.338,1.112
2025-07-25T08:16:49.315807,huobi,0.1396,0.1399,795.0,560.0
2025-07-25T08:16:49.318714,bybit,0.13979,0.1398,820.0,180.0
2025-07-25T08:16:49.379075,gateio,0.13975,0.13984,63.0,1.0
2025-07-25T08:16:49.397014,okx,0.13989,0.13995,1023.338,1.112
2025-07-25T08:16:49.413113,gateio,0.13979,0.13984,19.0,1.0
2025-07-25T08:16:49.413950,huobi,0.1397,0.1399,9269.4476,560.0
2025-07-25T08:16:49.418242,bybit,0.13979,0.0,1020.0,0.0
2025-07-25T08:16:49.419126,bitget,0.13984,0.13985,362.0,429.0
2025-07-25T08:16:49.446915,gateio,0.13981,0.13984,71.0,1.0
2025-07-25T08:16:49.465313,bitmart,0.13961,0.13996,2068.0,17.0
2025-07-25T08:16:49.498704,okx,0.1399,0.13995,1023.338,1.112
2025-07-25T08:16:49.518586,bybit,0.13979,0.0,1150.0,0.0
2025-07-25T08:16:49.571503,blofin,0.13972,0.13973,206.0,892.0
2025-07-25T08:16:49.612671,huobi,0.1397,0.1399,9269.4476,560.0
2025-07-25T08:16:49.644482,gateio,0.13981,0.13989,71.0,585.0
2025-07-25T08:16:49.656143,gateio,0.13981,0.1399,71.0,1949.0
2025-07-25T08:16:49.666641,lbank,0.1398,0.1399,19256.53,36172.32
2025-07-25T08:16:49.668743,gateio,0.13981,0.13989,71.0,585.0
2025-07-25T08:16:49.670991,bingx,0.13963,0.13965,112269.09,0.59
2025-07-25T08:16:49.702871,gateio,0.13981,0.13988,71.0,1.0
2025-07-25T08:16:49.718420,bybit,0.13979,0.1398,3100.0,120.0
2025-07-25T08:16:49.721419,gateio,0.13982,0.13988,17.0,1.0
2025-07-25T08:16:49.723802,bitget,0.13985,0.13988,72630.0,268.0
2025-07-25T08:16:49.771775,okx,0.13992,0.13995,1023.338,1.112
2025-07-25T08:16:49.826932,gateio,0.13981,0.13988,71.0,1.0
2025-07-25T08:16:49.868929,bitget,0.13985,0.13988,72630.0,268.0
2025-07-25T08:16:49.883009,okx,0.13993,0.13995,1023.338,1.112
2025-07-25T08:16:49.913687,binance,0.1399,0.1399,0.0,0.0
2025-07-25T08:16:49.918278,bybit,0.0,0.0,0.0,0.0
2025-07-25T08:16:49.984703,gateio,0.13981,0.13989,71.0,1.0
2025-07-25T08:16:49.994881,gateio,0.13982,0.13989,1.0,1.0
2025-07-25T08:16:50.017999,bybit,0.13979,0.0,1470.0,0.0
2025-07-25T08:16:50.062337,blofin,0.13972,0.13973,206.0,892.0
2025-07-25T08:16:50.093422,gateio,0.13982,0.13993,1.0,586.0
2025-07-25T08:16:50.127970,gateio,0.13982,0.13992,17.0,1.0
2025-07-25T08:16:50.167858,bitget,0.13985,0.13988,72630.0,268.0
2025-07-25T08:16:50.191016,gateio,0.13982,0.13992,16.0,1.0
2025-07-25T08:16:50.206649,gateio,0.13983,0.13992,1.0,1.0
2025-07-25T08:16:50.218054,bybit,0.0,0.0,0.0,0.0
2025-07-25T08:16:50.221392,huobi,0.1398,0.1399,270.2513,560.0
2025-07-25T08:16:50.252637,okx,0.13994,0.13995,1023.338,1.112
2025-07-25T08:16:50.278737,lbank,0.1398,0.1399,19256.53,36172.32
2025-07-25T08:16:50.291194,gateio,0.13981,0.13992,71.0,1.0
2025-07-25T08:16:50.312875,huobi,0.1397,0.1399,9269.4476,560.0
2025-07-25T08:16:50.318718,bitget,0.13985,0.13988,429.0,268.0
2025-07-25T08:16:50.390642,gateio,0.13982,0.13992,17.0,1.0
2025-07-25T08:16:50.408804,gateio,0.13983,0.13992,19.0,1.0
2025-07-25T08:16:50.418180,bybit,0.13979,0.0,1670.0,0.0
2025-07-25T08:16:50.481465,bitmart,0.13965,0.14,1244.0,104.0
2025-07-25T08:16:50.507252,gateio,0.13984,0.13992,1.0,1.0
2025-07-25T08:16:50.513949,mexc,0.1397,0.13971,1732910.0,1732910.0
2025-07-25T08:16:50.518750,bybit,0.13979,0.0,3100.0,0.0
2025-07-25T08:16:50.553527,blofin,0.13975,0.13976,248.0,643.0
2025-07-25T08:16:50.554209,bingx,0.13963,0.13965,112269.09,0.59
2025-07-25T08:16:50.590924,gateio,0.13981,0.13992,71.0,1.0
2025-07-25T08:16:50.626767,bitget,0.13987,0.13988,362.0,268.0
2025-07-25T08:16:50.635806,gateio,0.13982,0.13992,17.0,1.0
2025-07-25T08:16:50.661885,lbank,0.1398,0.1399,19256.53,36172.32
2025-07-25T08:16:50.690862,gateio,0.13982,0.13992,16.0,1.0
2025-07-25T08:16:50.706900,gateio,0.13983,0.13992,1.0,1.0
2025-07-25T08:16:50.767688,bitget,0.13987,0.13988,362.0,609.0
2025-07-25T08:16:50.790761,gateio,0.13981,0.13992,71.0,1.0
2025-07-25T08:16:50.802573,gateio,0.13982,0.13992,1.0,1.0
2025-07-25T08:16:50.811886,huobi,0.1398,0.1399,795.0,560.0
2025-07-25T08:16:50.817903,bybit,0.0,0.0,0.0,0.0
2025-07-25T08:16:50.826520,gateio,0.13982,0.13992,17.0,1.0
2025-07-25T08:16:50.837623,okx,0.13994,0.13998,1023.338,1.226
2025-07-25T08:16:50.848152,gateio,0.13983,0.13992,19.0,1.0
2025-07-25T08:16:50.913294,binance,0.1399,0.1399,0.0,0.0
2025-07-25T08:16:50.918111,bybit,0.1398,0.13981,7590.0,40.0
2025-07-25T08:16:50.919561,gateio,0.13984,0.13992,1.0,1.0
2025-07-25T08:16:50.919980,bitget,0.13988,0.1399,341.0,1590.0
2025-07-25T08:16:50.924663,gateio,0.13984,0.13992,17.0,1.0
2025-07-25T08:16:50.952730,okx,0.13995,0.13998,500.0,1.226
2025-07-25T08:16:51.013292,huobi,0.1397,0.1399,795.0,560.0
2025-07-25T08:16:51.018056,bybit,0.0,0.0,0.0,0.0
2025-07-25T08:16:51.041593,gateio,0.13984,0.13992,16.0,1.0
2025-07-25T08:16:51.041633,gateio,0.13985,0.13992,1.0,1.0
2025-07-25T08:16:51.063641,blofin,0.13977,0.13978,206.0,159.0
2025-07-25T08:16:51.067808,bitget,0.13989,0.13991,362.0,67.0
2025-07-25T08:16:51.092895,gateio,0.13981,0.13992,71.0,1.0
2025-07-25T08:16:51.094381,okx,0.13996,0.13998,1023.338,1.226
2025-07-25T08:16:51.106606,gateio,0.13983,0.13992,362.0,1.0
2025-07-25T08:16:51.164655,lbank,0.1398,0.1399,19256.53,36172.32
2025-07-25T08:16:51.207077,gateio,0.13984,0.13992,1.0,1.0
2025-07-25T08:16:51.212773,huobi,0.1397,0.1399,795.0,560.0
2025-07-25T08:16:51.219094,bitget,0.13989,0.1399,362.0,341.0
2025-07-25T08:16:51.370547,bitget,0.13989,0.1399,362.0,341.0
2025-07-25T08:16:51.415941,huobi,0.1398,0.1399,230.4099,560.0
2025-07-25T08:16:51.418127,bybit,0.1398,0.0,7190.0,0.0
2025-07-25T08:16:51.460071,bingx,0.13963,0.13965,112269.09,0.59
2025-07-25T08:16:51.464042,bitmart,0.13965,0.14003,1732.0,6.0
2025-07-25T08:16:51.513356,huobi,0.1397,0.1399,795.0,560.0
2025-07-25T08:16:51.519381,bitget,0.13989,0.1399,362.0,2192.0
2025-07-25T08:16:51.562246,blofin,0.13977,0.13978,206.0,159.0
2025-07-25T08:16:51.665375,lbank,0.1398,0.1399,19256.53,36172.32
2025-07-25T08:16:51.712607,huobi,0.1397,0.1399,795.0,560.0
2025-07-25T08:16:51.913445,binance,0.1399,0.1399,0.0,0.0
2025-07-25T08:16:51.918000,bybit,0.1398,0.0,6100.0,0.0
2025-07-25T08:16:52.012511,huobi,0.1397,0.1399,4731.811,560.0
2025-07-25T08:16:52.060908,blofin,0.13978,0.1398,293.0,83.0
2025-07-25T08:16:52.063718,okx,0.13992,0.13998,810.0,1226.565
2025-07-25T08:16:52.110615,huobi,0.1397,0.1399,795.0,560.0
2025-07-25T08:16:52.118815,bitget,0.13987,0.1399,1595.0,2192.0
2025-07-25T08:16:52.164007,lbank,0.1398,0.1399,19256.53,36172.32
2025-07-25T08:16:52.184346,okx,0.13993,0.13998,1023.338,1226.565
2025-07-25T08:16:52.275049,bitget,0.13986,0.13989,2192.0,341.0
2025-07-25T08:16:52.318108,bybit,0.0,0.0,0.0,0.0
2025-07-25T08:16:52.337437,gateio,0.13985,0.13992,19.0,1.0
2025-07-25T08:16:52.357331,bingx,0.13963,0.13965,112269.09,0.59
2025-07-25T08:16:52.361095,gateio,0.13987,0.13992,71.0,1.0
2025-07-25T08:16:52.418805,bybit,0.13982,0.13983,6110.0,40.0
2025-07-25T08:16:52.419474,bitget,0.13991,0.13995,71991.0,67.0
2025-07-25T08:16:52.468481,bitmart,0.13969,0.14003,76.0,583.0
2025-07-25T08:16:52.483133,gateio,0.13987,0.13993,71.0,1.0
2025-07-25T08:16:52.517978,bybit,0.0,0.0,0.0,0.0
2025-07-25T08:16:52.554719,okx,0.13995,0.13998,1833.338,1.226
2025-07-25T08:16:52.568089,blofin,0.13979,0.1398,168.0,82.0
2025-07-25T08:16:52.570165,bitget,0.13989,0.13994,2089.0,341.0
2025-07-25T08:16:52.618064,bybit,0.13982,0.0,6620.0,0.0
2025-07-25T08:16:52.654899,okx,0.13996,0.13998,1023.338,1.226
2025-07-25T08:16:52.665492,lbank,0.1398,0.1399,19256.53,36172.32
2025-07-25T08:16:52.677426,bingx,0.13989,0.14001,25614.45,27129.24
2025-07-25T08:16:52.686252,gateio,0.13989,0.13993,694.0,1.0
2025-07-25T08:16:52.717817,bybit,0.13983,0.13984,3960.0,130.0
2025-07-25T08:16:52.718396,bitget,0.13989,0.13993,2297.0,341.0
2025-07-25T08:16:52.724860,gateio,0.13987,0.13993,71.0,1.0
2025-07-25T08:16:52.818135,bybit,0.0,0.0,0.0,0.0
2025-07-25T08:16:52.870122,bitget,0.13989,0.13993,2297.0,341.0
2025-07-25T08:16:52.881125,mexc,0.13978,0.13979,1732918.0,1732918.0
2025-07-25T08:16:52.892481,okx,0.13997,0.13998,1023.338,1.226
2025-07-25T08:16:52.913294,binance,0.1399,0.1399,0.0,0.0
2025-07-25T08:16:52.965544,bingx,0.13989,0.14001,25614.45,27129.24
2025-07-25T08:16:53.013417,huobi,0.1397,0.1399,795.0,560.0
2025-07-25T08:16:53.022224,bitget,0.13989,0.13993,2297.0,341.0
2025-07-25T08:16:53.058966,blofin,0.13979,0.1398,168.0,82.0
2025-07-25T08:16:53.115359,huobi,0.1398,0.1399,3829.0016,560.0
2025-07-25T08:16:53.118039,bybit,0.13983,0.0,2510.0,0.0
2025-07-25T08:16:53.163502,lbank,0.1398,0.1399,19256.53,36172.32
2025-07-25T08:16:53.176314,bitget,0.13989,0.13993,494.0,2192.0
2025-07-25T08:16:53.212639,huobi,0.1398,0.1401,3829.0016,2770.0
2025-07-25T08:16:53.217616,bybit,0.0,0.0,0.0,0.0
2025-07-25T08:16:53.318825,bybit,0.13983,0.0,3940.0,0.0
2025-07-25T08:16:53.320274,bitget,0.13989,0.13992,494.0,1851.0
2025-07-25T08:16:53.466257,bitmart,0.13971,0.14006,958.0,49.0
2025-07-25T08:16:53.470661,bitget,0.1399,0.13991,362.0,341.0
2025-07-25T08:16:53.511073,huobi,0.1398,0.1401,3829.0016,2770.0
2025-07-25T08:16:53.559982,blofin,0.1398,0.13981,3.0,901.0
2025-07-25T08:16:53.617812,bybit,0.13985,0.13986,2150.0,250.0
2025-07-25T08:16:53.622060,bitget,0.13992,0.13994,1851.0,1590.0
2025-07-25T08:16:53.662448,lbank,0.1399,0.1401,97144.21,63775.8
2025-07-25T08:16:53.713005,huobi,0.1398,0.1401,3829.0016,1818.7093
2025-07-25T08:16:53.718183,bybit,0.0,0.0,0.0,0.0
2025-07-25T08:16:53.775831,bitget,0.13992,0.13996,1851.0,1590.0
2025-07-25T08:16:53.817984,bybit,0.13985,0.0,2290.0,0.0
2025-07-25T08:16:53.864385,bingx,0.13989,0.14001,25614.45,27129.24
2025-07-25T08:16:53.913626,binance,0.1399,0.1399,0.0,0.0
2025-07-25T08:16:53.919904,bitget,0.13992,0.13995,1851.0,1851.0
2025-07-25T08:16:54.055011,okx,0.13997,0.13998,1523.338,1.226
2025-07-25T08:16:54.073571,bitget,0.13992,0.13993,1851.0,341.0
2025-07-25T08:16:54.080553,blofin,0.1398,0.13981,170.0,901.0
2025-07-25T08:16:54.118214,bybit,0.0,0.0,0.0,0.0
2025-07-25T08:16:54.163149,lbank,0.1399,0.1401,97144.21,63775.8
2025-07-25T08:16:54.222496,bitget,0.13991,0.13993,341.0,2192.0
2025-07-25T08:16:54.299964,okx,0.13997,0.13998,1023.338,1.226
2025-07-25T08:16:54.370031,bitget,0.13991,0.13992,341.0,341.0
2025-07-25T08:16:54.476242,bitmart,0.13971,0.14006,394.0,750.0
2025-07-25T08:16:54.527362,bitget,0.13991,0.13992,703.0,341.0
2025-07-25T08:16:54.549551,blofin,0.1398,0.13981,170.0,901.0
2025-07-25T08:16:54.610440,huobi,0.1398,0.1401,3829.0016,1818.7093
2025-07-25T08:16:54.618192,bybit,0.13985,0.0,1200.0,0.0
2025-07-25T08:16:54.671267,bitget,0.13991,0.13992,703.0,341.0
2025-07-25T08:16:54.717971,bybit,0.13978,0.13981,11590.0,370.0
2025-07-25T08:16:54.724889,gateio,0.13983,0.13993,362.0,1.0
2025-07-25T08:16:54.736371,gateio,0.13981,0.13993,71.0,1.0
2025-07-25T08:16:54.765290,bingx,0.13989,0.14001,25614.45,27129.24
2025-07-25T08:16:54.804679,gateio,0.13982,0.13992,1.0,1.0
2025-07-25T08:16:54.810837,huobi,0.1393,0.1401,20704.5747,1818.7093
2025-07-25T08:16:54.817901,bybit,0.13977,0.13978,40.0,370.0
2025-07-25T08:16:54.821260,bitget,0.13984,0.13989,269.0,2156.0
2025-07-25T08:16:54.891226,gateio,0.13975,0.13992,63.0,1.0
2025-07-25T08:16:54.899477,okx,0.13991,0.13998,1023.338,1.226
2025-07-25T08:16:54.912124,huobi,0.1397,0.1401,794.0,1818.7093
2025-07-25T08:16:54.912992,gateio,0.13976,0.13992,20.0,1.0
2025-07-25T08:16:54.913536,binance,0.1399,0.1399,0.0,0.0
2025-07-25T08:16:54.918208,bybit,0.13978,0.13979,1810.0,370.0
2025-07-25T08:16:54.969768,bitget,0.13984,0.13988,269.0,1851.0
2025-07-25T08:16:54.990610,gateio,0.13976,0.13992,19.0,1.0
2025-07-25T08:16:55.002697,gateio,0.13981,0.13992,71.0,1.0
2025-07-25T08:16:55.005902,okx,0.13992,0.13998,1023.338,1.226
2025-07-25T08:16:55.017935,bybit,0.13979,0.1398,600.0,40.0
2025-07-25T08:16:55.064695,blofin,0.13981,0.13982,2.0,72.0
2025-07-25T08:16:55.120466,bitget,0.13988,0.1399,1851.0,1591.0
2025-07-25T08:16:55.121225,gateio,0.13982,0.13992,17.0,1.0
2025-07-25T08:16:55.170727,lbank,0.1399,0.1401,97144.21,94613.28
2025-07-25T08:16:55.190903,gateio,0.13982,0.13992,16.0,1.0
2025-07-25T08:16:55.207029,gateio,0.13983,0.13992,1.0,1.0
2025-07-25T08:16:55.249945,okx,0.13993,0.13998,1023.338,1.226
2025-07-25T08:16:55.271695,bitget,0.13986,0.13989,1595.0,2192.0
2025-07-25T08:16:55.290951,gateio,0.13981,0.13992,71.0,1.0
2025-07-25T08:16:55.299615,mexc,0.13985,0.13986,1733150.0,1733150.0
2025-07-25T08:16:55.392869,gateio,0.13982,0.13992,1.0,1.0
2025-07-25T08:16:55.412845,gateio,0.13982,0.13992,17.0,1.0
2025-07-25T08:16:55.414588,huobi,0.1397,0.1399,794.0,234.0893
2025-07-25T08:16:55.421455,bitget,0.13986,0.13987,159.0,341.0
2025-07-25T08:16:55.473624,bitmart,0.13965,0.14,51.0,303.0
2025-07-25T08:16:55.491268,gateio,0.13982,0.13992,16.0,1.0
2025-07-25T08:16:55.506682,gateio,0.13983,0.13992,1.0,1.0
2025-07-25T08:16:55.511681,huobi,0.1397,0.1401,794.0,1818.7093
2025-07-25T08:16:55.517887,bybit,0.13979,0.0,1330.0,0.0
2025-07-25T08:16:55.569892,blofin,0.13976,0.13981,85.0,67.0
2025-07-25T08:16:55.570912,bitget,0.13986,0.13989,521.0,1591.0
2025-07-25T08:16:55.590868,gateio,0.13984,0.13992,1.0,1.0
2025-07-25T08:16:55.593310,okx,0.13994,0.13998,1023.338,1.226
2025-07-25T08:16:55.600680,gateio,0.13984,0.13992,17.0,1.0
2025-07-25T08:16:55.618301,bybit,0.13979,0.0,1130.0,0.0
2025-07-25T08:16:55.666459,lbank,0.1399,0.1401,97144.21,94613.28
2025-07-25T08:16:55.670553,bingx,0.13989,0.14001,25614.45,27129.24
2025-07-25T08:16:55.680983,gateio,0.13984,0.13992,1.0,1.0
2025-07-25T08:16:55.717837,bybit,0.13979,0.0,2560.0,0.0
2025-07-25T08:16:55.718838,gateio,0.13982,0.13992,1.0,1.0
2025-07-25T08:16:55.720267,bitget,0.13985,0.13988,2262.0,1851.0
2025-07-25T08:16:55.818054,bybit,0.13979,0.0,1130.0,0.0
2025-07-25T08:16:55.848486,okx,0.1399,0.13997,1023.338,1031.211
2025-07-25T08:16:55.871016,bitget,0.13987,0.13988,362.0,1851.0
2025-07-25T08:16:55.913462,binance,0.1399,0.1399,0.0,0.0
2025-07-25T08:16:55.945937,okx,0.1399,0.13998,1023.338,1.226
2025-07-25T08:16:55.969909,bingx,0.13985,0.13995,24949.17,20546.09
2025-07-25T08:16:56.022842,bitget,0.13985,0.13988,2262.0,1851.0
2025-07-25T08:16:56.057431,okx,0.13991,0.13998,7.235,1.226
2025-07-25T08:16:56.068247,blofin,0.13976,0.13981,85.0,67.0
2025-07-25T08:16:56.162550,lbank,0.1397,0.1399,177655.34,55786.68
2025-07-25T08:16:56.170546,bitget,0.13985,0.13986,2262.0,341.0
2025-07-25T08:16:56.185714,okx,0.1399,0.13998,507.235,1.226
2025-07-25T08:16:56.309024,okx,0.13991,0.13998,1023.338,1.226
2025-07-25T08:16:56.321345,bitget,0.13985,0.13986,2262.0,341.0
2025-07-25T08:16:56.327419,gateio,0.13982,0.13992,17.0,1.0
2025-07-25T08:16:56.396588,gateio,0.13982,0.13992,16.0,1.0
2025-07-25T08:16:56.406917,gateio,0.13983,0.13992,1.0,1.0
2025-07-25T08:16:56.456271,okx,0.13992,0.13997,1523.338,1031.219
2025-07-25T08:16:56.467769,bitmart,0.13965,0.14001,75.0,105.0
2025-07-25T08:16:56.472114,bitget,0.13986,0.13989,341.0,1590.0
2025-07-25T08:16:56.519212,bybit,0.13982,0.13983,820.0,550.0
2025-07-25T08:16:56.523051,gateio,0.13982,0.13992,1.0,1.0
2025-07-25T08:16:56.534907,gateio,0.13983,0.13992,19.0,1.0
2025-07-25T08:16:56.555262,blofin,0.13977,0.1398,85.0,4.0
2025-07-25T08:16:56.567562,okx,0.13996,0.14012,733.718,548.896
2025-07-25T08:16:56.583532,bingx,0.13989,0.14001,24949.17,20546.09
2025-07-25T08:16:56.607187,gateio,0.13984,0.13992,1.0,1.0
2025-07-25T08:16:56.610745,huobi,0.1397,0.1401,794.0,1818.7093
2025-07-25T08:16:56.617944,bybit,0.0,0.0,0.0,0.0
2025-07-25T08:16:56.621598,bitget,0.13988,0.13991,362.0,1590.0
2025-07-25T08:16:56.624660,gateio,0.13984,0.13992,17.0,1.0
2025-07-25T08:16:56.641022,gateio,0.13984,0.13992,1.0,1.0
2025-07-25T08:16:56.662545,lbank,0.1397,0.1399,177655.34,55786.68
2025-07-25T08:16:56.666588,gateio,0.13985,0.13992,19.0,1.0
2025-07-25T08:16:56.689175,okx,0.13996,0.14009,733.718,389.197
2025-07-25T08:16:56.707092,gateio,0.13982,0.13992,362.0,1.0
2025-07-25T08:16:56.717863,bybit,0.13982,0.0,2250.0,0.0
2025-07-25T08:16:56.774145,bitget,0.1399,0.13993,362.0,1590.0
2025-07-25T08:16:56.778875,gateio,0.13983,0.13992,19.0,1.0
2025-07-25T08:16:56.790769,gateio,0.13984,0.13992,1.0,1.0
2025-07-25T08:16:56.798829,okx,0.13997,0.14008,1023.338,33.617
2025-07-25T08:16:56.819563,bybit,0.13983,0.13984,600.0,650.0
2025-07-25T08:16:56.874695,gateio,0.13984,0.13992,17.0,1.0
2025-07-25T08:16:56.891026,gateio,0.13984,0.13992,16.0,1.0
2025-07-25T08:16:56.902549,gateio,0.13985,0.13992,1.0,1.0
2025-07-25T08:16:56.913070,binance,0.1399,0.1399,0.0,0.0
2025-07-25T08:16:56.918538,bybit,0.13986,0.13987,450.0,430.0
2025-07-25T08:16:56.923267,bitget,0.1399,0.13992,362.0,2192.0
2025-07-25T08:16:56.949211,okx,0.13995,0.14,1023.338,1031.023
2025-07-25T08:16:56.990818,gateio,0.13985,0.13992,19.0,1.0
2025-07-25T08:16:57.018175,bybit,0.0,0.0,0.0,0.0
2025-07-25T08:16:57.060987,blofin,0.13978,0.13981,19.0,3.0
2025-07-25T08:16:57.072669,bitget,0.13988,0.13991,1665.0,341.0
2025-07-25T08:16:57.117984,bybit,0.0,0.0,0.0,0.0
2025-07-25T08:16:57.163522,lbank,0.1397,0.1399,89938.33,55786.68
2025-07-25T08:16:57.210874,gateio,0.13986,0.13992,19.0,1.0
2025-07-25T08:16:57.218080,bybit,0.0,0.13987,0.0,370.0
2025-07-25T08:16:57.223512,bitget,0.13989,0.13991,362.0,341.0
2025-07-25T08:16:57.231482,gateio,0.13987,0.13992,71.0,1.0
2025-07-25T08:16:57.261924,gateio,0.13988,0.13992,19.0,1.0
2025-07-25T08:16:57.317900,bybit,0.13987,0.13988,1840.0,330.0
2025-07-25T08:16:57.338333,gateio,0.13988,0.13993,19.0,1.0
2025-07-25T08:16:57.373865,bitget,0.13991,0.13995,341.0,1492.0
2025-07-25T08:16:57.443207,gateio,0.13987,0.13993,71.0,1.0
2025-07-25T08:16:57.456359,okx,0.13997,0.14002,1023.338,1016.353
2025-07-25T08:16:57.475623,bingx,0.13989,0.14001,24949.17,20546.09
2025-07-25T08:16:57.479253,bitmart,0.1397,0.14006,1993.0,3620.0
2025-07-25T08:16:57.517760,bybit,0.13987,0.0,580.0,0.0
2025-07-25T08:16:57.523012,bitget,0.13991,0.13994,341.0,341.0
2025-07-25T08:16:57.559370,huobi,0.1397,0.1401,794.0,1818.7093
2025-07-25T08:16:57.564007,blofin,0.13978,0.13981,19.0,3.0
2025-07-25T08:16:57.590317,okx,0.13996,0.14002,500.0,1016.353
2025-07-25T08:16:57.620095,bybit,0.0,0.13989,0.0,580.0
2025-07-25T08:16:57.664061,lbank,0.1399,0.1401,89877.01,98135.52
2025-07-25T08:16:57.674583,bitget,0.13991,0.13992,341.0,341.0
2025-07-25T08:16:57.698458,okx,0.13997,0.1401,1023.338,33.617
2025-07-25T08:16:57.722604,mexc,0.13977,0.13978,1733150.0,1733150.0
2025-07-25T08:16:57.818096,bybit,0.0,0.13988,0.0,650.0
2025-07-25T08:16:57.821537,bitget,0.13991,0.13992,341.0,341.0
2025-07-25T08:16:57.826318,okx,0.13998,0.1401,1023.338,33.617
2025-07-25T08:16:57.913124,binance,0.1399,0.1399,0.0,0.0
2025-07-25T08:16:57.949435,okx,0.13995,0.1401,548.785,33.617
2025-07-25T08:16:57.975848,bitget,0.13989,0.13992,1850.0,341.0
2025-07-25T08:16:58.017821,bybit,0.13985,0.13986,540.0,370.0
2025-07-25T08:16:58.065614,blofin,0.1398,0.13982,57.0,72.0
2025-07-25T08:16:58.087461,okx,0.13995,0.14,500.0,1016.53
2025-07-25T08:16:58.122956,bitget,0.13988,0.13992,70.0,341.0
2025-07-25T08:16:58.162512,lbank,0.1399,0.1401,89877.01,98135.52
2025-07-25T08:16:58.190306,okx,0.13996,0.14008,1023.338,387.323
2025-07-25T08:16:58.271736,bitget,0.13988,0.13992,70.0,341.0
2025-07-25T08:16:58.285869,okx,0.13997,0.14008,1023.338,387.323
2025-07-25T08:16:58.310843,huobi,0.1398,0.1401,1047.0,1818.7093
2025-07-25T08:16:58.379609,bingx,0.13989,0.14001,24949.17,20546.09
2025-07-25T08:16:58.391039,okx,0.13997,0.14007,1023.338,33.617
2025-07-25T08:16:58.500959,bitmart,0.13971,0.14006,40.0,1941.0
2025-07-25T08:16:58.568605,blofin,0.13979,0.13982,3.0,72.0
2025-07-25T08:16:58.575456,bitget,0.13988,0.13992,70.0,2192.0
2025-07-25T08:16:58.610874,huobi,0.1398,0.1399,1047.0,269.8365
2025-07-25T08:16:58.617869,bybit,0.13981,0.13982,1960.0,550.0
2025-07-25T08:16:58.666524,lbank,0.1399,0.1401,89877.01,98135.52
2025-07-25T08:16:58.681262,gateio,0.13982,0.13993,362.0,1.0
2025-07-25T08:16:58.690665,gateio,0.13982,0.13992,362.0,1.0
2025-07-25T08:16:58.711874,huobi,0.1398,0.1401,1047.0,1818.7093
2025-07-25T08:16:58.718911,bybit,0.13981,0.0,300.0,0.0
2025-07-25T08:16:58.721955,gateio,0.13983,0.13992,1.0,1.0
2025-07-25T08:16:58.726289,okx,0.13997,0.14008,1023.338,387.323
2025-07-25T08:16:58.754762,gateio,0.13983,0.13992,17.0,1.0
2025-07-25T08:16:58.806832,gateio,0.13984,0.13992,1.0,1.0
2025-07-25T08:16:58.817916,bybit,0.13981,0.0,420.0,0.0
2025-07-25T08:16:58.826983,gateio,0.13984,0.13992,17.0,1.0
2025-07-25T08:16:58.875029,bitget,0.13988,0.13991,70.0,1851.0
2025-07-25T08:16:58.892837,gateio,0.13982,0.13992,362.0,1.0
2025-07-25T08:16:58.913252,binance,0.1399,0.1399,0.0,0.0
2025-07-25T08:16:58.944716,gateio,0.13983,0.13992,17.0,1.0
2025-07-25T08:16:58.977285,okx,0.13994,0.14008,548.785,387.323
2025-07-25T08:16:58.990701,gateio,0.13983,0.13992,16.0,1.0
2025-07-25T08:16:59.010778,gateio,0.13984,0.13992,1.0,1.0
2025-07-25T08:16:59.018835,bybit,0.13984,0.13985,370.0,60.0
2025-07-25T08:16:59.023528,bitget,0.13989,0.13991,362.0,1851.0
2025-07-25T08:16:59.064989,blofin,0.13979,0.13982,3.0,72.0
2025-07-25T08:16:59.090884,gateio,0.13985,0.13992,1.0,1.0
2025-07-25T08:16:59.092225,okx,0.13994,0.14008,310.0,387.323
2025-07-25T08:16:59.104701,gateio,0.13985,0.13992,17.0,1.0
2025-07-25T08:16:59.168281,lbank,0.1399,0.1401,89877.01,98135.52
2025-07-25T08:16:59.168719,gateio,0.13985,0.13992,1.0,1.0
2025-07-25T08:16:59.180061,bitget,0.1399,0.13993,362.0,1591.0
2025-07-25T08:16:59.190932,gateio,0.13982,0.13992,362.0,1.0
2025-07-25T08:16:59.202342,okx,0.13995,0.14008,1023.338,387.323
2025-07-25T08:16:59.216120,huobi,0.1398,0.1401,1047.0,1818.7093
2025-07-25T08:16:59.287894,bingx,0.13989,0.14001,24949.17,20546.09
2025-07-25T08:16:59.312237,huobi,0.1398,0.1401,1047.0,1078.7093
2025-07-25T08:16:59.327020,bitget,0.1399,0.13991,362.0,341.0
2025-07-25T08:16:59.399832,okx,0.13995,0.13999,1023.338,1016.584
2025-07-25T08:16:59.474041,bitget,0.1399,0.13991,362.0,341.0
2025-07-25T08:16:59.502089,bitmart,0.1397,0.14006,55.0,1465.0
2025-07-25T08:16:59.540577,blofin,0.1398,0.13982,4.0,72.0
2025-07-25T08:16:59.568825,gateio,0.13983,0.13992,1.0,1.0
2025-07-25T08:16:59.612255,huobi,0.1398,0.1401,1047.0,1078.7093
2025-07-25T08:16:59.630069,bitget,0.1399,0.13991,362.0,341.0
2025-07-25T08:16:59.662988,lbank,0.1399,0.1401,89877.01,98135.52
2025-07-25T08:16:59.913435,binance,0.1399,0.1399,0.0,0.0
2025-07-25T08:17:00.017930,bybit,0.0,0.13985,0.0,430.0
2025-07-25T08:17:00.026391,gateio,0.13983,0.13992,17.0,1.0
2025-07-25T08:17:00.075268,bitget,0.1399,0.13991,362.0,341.0
2025-07-25T08:17:00.087420,blofin,0.1398,0.13982,12.0,72.0
2025-07-25T08:17:00.092943,gateio,0.13984,0.13992,1.0,1.0
2025-07-25T08:17:00.095070,okx,0.13995,0.13999,1023.338,1016.584
2025-07-25T08:17:00.099608,mexc,0.13986,0.13987,1733150.0,1733150.0
2025-07-25T08:17:00.117813,bybit,0.13981,0.13982,1920.0,370.0
2025-07-25T08:17:00.142660,huobi,0.1398,0.1401,1047.0,1078.7093
2025-07-25T08:17:00.185200,bingx,0.13989,0.14001,24949.17,20546.09
2025-07-25T08:17:00.197184,okx,0.13991,0.14005,858.896,548.687
2025-07-25T08:17:00.206745,gateio,0.13982,0.13992,1.0,1.0
2025-07-25T08:17:00.215156,huobi,0.1397,0.1401,794.0,1078.7093
2025-07-25T08:17:00.217937,bybit,0.13981,0.0,490.0,0.0
2025-07-25T08:17:00.223058,bitget,0.13985,0.13987,378.0,511.0
2025-07-25T08:17:00.290074,lbank,0.1399,0.1401,89877.01,98135.52
2025-07-25T08:17:00.303007,okx,0.13991,0.14004,310.0,387.729
2025-07-25T08:17:00.314618,huobi,0.1397,0.1401,794.0,1078.7093
2025-07-25T08:17:00.318297,bybit,0.13981,0.13982,250.0,3270.0
2025-07-25T08:17:00.374412,bitget,0.13985,0.13986,378.0,341.0
2025-07-25T08:17:00.418874,bybit,0.0,0.13982,0.0,370.0
2025-07-25T08:17:00.488144,bingx,0.13985,0.13995,24949.17,20546.09
2025-07-25T08:17:00.504758,bitmart,0.13965,0.14004,22.0,3028.0
2025-07-25T08:17:00.525486,bitget,0.13985,0.13986,378.0,341.0
2025-07-25T08:17:00.549893,blofin,0.1398,0.13982,12.0,72.0
2025-07-25T08:17:00.557526,okx,0.13992,0.14004,1023.338,387.729
2025-07-25T08:17:00.590871,gateio,0.13983,0.13992,1.0,1.0
2025-07-25T08:17:00.666688,lbank,0.1399,0.1401,89877.01,98135.52
2025-07-25T08:17:00.674778,bitget,0.13986,0.13988,341.0,1591.0
2025-07-25T08:17:00.689498,okx,0.13993,0.13998,1023.338,1100.671
2025-07-25T08:17:00.690616,gateio,0.13981,0.13992,71.0,1.0
2025-07-25T08:17:00.798421,okx,0.1399,0.13998,310.0,1100.671
2025-07-25T08:17:00.817824,bybit,0.13985,0.13986,590.0,100.0
2025-07-25T08:17:00.821096,gateio,0.13982,0.13992,1.0,1.0
2025-07-25T08:17:00.824737,bitget,0.13985,0.1399,70.0,1953.0
2025-07-25T08:17:00.834611,gateio,0.13983,0.13992,19.0,1.0
2025-07-25T08:17:00.845507,bingx,0.13989,0.14001,24949.17,20546.09
2025-07-25T08:17:00.905646,okx,0.13994,0.14,1023.338,1100.493
2025-07-25T08:17:00.906656,gateio,0.13984,0.13992,1.0,1.0
2025-07-25T08:17:00.913718,binance,0.1399,0.1399,0.0,0.0
2025-07-25T08:17:00.917927,bybit,0.0,0.0,0.0,0.0
2025-07-25T08:17:00.973211,bitget,0.1399,0.13992,1953.0,1591.0
2025-07-25T08:17:00.990633,gateio,0.13981,0.13992,71.0,1.0
2025-07-25T08:17:01.017705,bybit,0.13985,0.0,730.0,0.0
2025-07-25T08:17:01.024911,gateio,0.13984,0.13992,19.0,1.0
2025-07-25T08:17:01.080589,blofin,0.13976,0.1398,8.0,205.0
2025-07-25T08:17:01.106759,gateio,0.13985,0.13992,1.0,1.0
2025-07-25T08:17:01.113106,huobi,0.1397,0.1399,794.0,233.1813
2025-07-25T08:17:01.117969,bybit,0.13985,0.0,590.0,0.0
2025-07-25T08:17:01.127914,bitget,0.1399,0.13995,1953.0,15920.0
2025-07-25T08:17:01.158303,okx,0.13995,0.14,1023.338,1100.493
2025-07-25T08:17:01.172138,lbank,0.1398,0.14,78971.17,70464.84
2025-07-25T08:17:01.210005,huobi,0.1397,0.1401,794.0,1078.7093
2025-07-25T08:17:01.216828,gateio,0.13984,0.13992,1.0,1.0
2025-07-25T08:17:01.217845,bybit,0.13983,0.13984,490.0,370.0
2025-07-25T08:17:01.275242,bitget,0.13988,0.13991,1792.0,1851.0
2025-07-25T08:17:01.284119,okx,0.13991,0.14,548.359,1100.493
2025-07-25T08:17:01.318014,bybit,0.13983,0.0,630.0,0.0
2025-07-25T08:17:01.392001,okx,0.13991,0.13999,891.323,1100.537
2025-07-25T08:17:01.418528,bybit,0.13986,0.13987,600.0,60.0
2025-07-25T08:17:01.425097,bitget,0.13988,0.1399,179.0,1851.0
2025-07-25T08:17:01.437120,gateio,0.13984,0.13992,17.0,1.0
2025-07-25T08:17:01.447051,gateio,0.13987,0.13992,71.0,1.0
2025-07-25T08:17:01.491926,bitmart,0.1397,0.14002,1288.0,3121.0
2025-07-25T08:17:01.493361,okx,0.13993,0.14008,1023.338,2810.501
2025-07-25T08:17:01.494975,gateio,0.13988,0.13993,19.0,1.0
2025-07-25T08:17:01.517833,bybit,0.13987,0.13989,130.0,410.0
2025-07-25T08:17:01.566518,blofin,0.13977,0.1398,66.0,2.0
2025-07-25T08:17:01.576442,gateio,0.13987,0.13993,71.0,1.0
2025-07-25T08:17:01.577011,bitget,0.13994,0.13995,543.0,1492.0
2025-07-25T08:17:01.597351,okx,0.13997,0.1401,1081.136,387.424
2025-07-25T08:17:01.618292,bybit,0.13987,0.13988,840.0,370.0
2025-07-25T08:17:01.642775,gateio,0.13988,0.13993,19.0,1.0
2025-07-25T08:17:01.664495,lbank,0.1398,0.14,78971.17,70464.84
2025-07-25T08:17:01.684903,gateio,0.13989,0.13993,521.0,1.0
2025-07-25T08:17:01.698616,bingx,0.13989,0.14001,24949.17,20546.09
2025-07-25T08:17:01.717847,bybit,0.13988,0.13989,600.0,40.0
2025-07-25T08:17:01.727094,gateio,0.1399,0.13993,19.0,1.0
2025-07-25T08:17:01.727139,bitget,0.13991,0.13995,3448.0,1492.0
2025-07-25T08:17:01.737068,gateio,0.13994,0.13999,362.0,1.0
2025-07-25T08:17:01.760976,gateio,0.13995,0.13999,19.0,1.0
2025-07-25T08:17:01.813040,huobi,0.1398,0.1401,10448.0,340.0
2025-07-25T08:17:01.818854,bybit,0.13994,0.13995,370.0,40.0
2025-07-25T08:17:01.843533,okx,0.14003,0.14013,1235.586,548.359
2025-07-25T08:17:01.876447,bitget,0.13999,0.14005,543.0,10162.0
2025-07-25T08:17:01.910816,huobi,0.1398,0.1401,10448.0,340.0
2025-07-25T08:17:01.913897,binance,0.1401,0.1401,0.0,0.0
2025-07-25T08:17:01.918304,bybit,0.13993,0.13995,370.0,370.0
2025-07-25T08:17:01.926990,gateio,0.13994,0.13999,362.0,1.0
2025-07-25T08:17:01.969500,okx,0.14004,0.14015,1333.338,6.492
2025-07-25T08:17:02.017903,bybit,0.13992,0.13993,500.0,370.0
2025-07-25T08:17:02.024240,bitget,0.13999,0.14004,404.0,1851.0
2025-07-25T08:17:02.069713,blofin,0.13977,0.1398,66.0,2.0
2025-07-25T08:17:02.091813,okx,0.14005,0.14015,1023.338,6.492
2025-07-25T08:17:02.110391,huobi,0.1398,0.1401,10448.0,340.0
2025-07-25T08:17:02.118228,bybit,0.0,0.0,0.0,0.0
2025-07-25T08:17:02.165460,lbank,0.1398,0.14,78971.17,70464.84
2025-07-25T08:17:02.175778,bitget,0.14001,0.14003,362.0,1851.0
2025-07-25T08:17:02.218361,bybit,0.0,0.0,0.0,0.0
2025-07-25T08:17:02.298985,bingx,0.13999,0.14011,24949.17,20546.09
2025-07-25T08:17:02.318218,bybit,0.13995,0.13996,370.0,60.0
2025-07-25T08:17:02.335838,bitget,0.13999,0.14002,1596.0,341.0
2025-07-25T08:17:02.398831,okx,0.14006,0.14015,1023.338,6.492
2025-07-25T08:17:02.473958,bitget,0.13998,0.14001,255.0,341.0
2025-07-25T08:17:02.476693,gateio,0.13993,0.13999,71.0,1.0
2025-07-25T08:17:02.484621,mexc,0.13986,0.13987,1733150.0,1733150.0
2025-07-25T08:17:02.491664,bitmart,0.13974,0.14016,2963.0,2383.0
2025-07-25T08:17:02.553457,blofin,0.13981,0.13984,25.0,3.0
2025-07-25T08:17:02.624563,bitget,0.13997,0.14,255.0,341.0
2025-07-25T08:17:02.670932,lbank,0.1399,0.1401,111002.89,24065.04
2025-07-25T08:17:02.780333,bitget,0.13999,0.14,808.0,341.0
2025-07-25T08:17:02.817976,bybit,0.0,0.0,0.0,0.0
2025-07-25T08:17:02.913153,binance,0.1401,0.1401,0.0,0.0
2025-07-25T08:17:02.917759,bybit,0.0,0.13996,0.0,710.0
2025-07-25T08:17:03.014997,huobi,0.1398,0.1401,10448.0,340.0
2025-07-25T08:17:03.017698,bybit,0.13989,0.13991,40.0,370.0
2025-07-25T08:17:03.037890,gateio,0.13987,0.13999,71.0,1.0
2025-07-25T08:17:03.074806,bitget,0.13999,0.14,808.0,341.0
2025-07-25T08:17:03.086352,blofin,0.13987,0.1399,205.0,308.0
2025-07-25T08:17:03.112350,okx,0.13998,0.14009,858.359,206.558
2025-07-25T08:17:03.117650,bybit,0.0,0.1399,0.0,370.0
2025-07-25T08:17:03.119163,gateio,0.13988,0.13999,1.0,1.0
2025-07-25T08:17:03.166515,lbank,0.1399,0.1401,111002.89,24065.04
2025-07-25T08:17:03.182936,gateio,0.13988,0.13999,17.0,1.0
2025-07-25T08:17:03.199368,gateio,0.13989,0.13999,1.0,1.0
2025-07-25T08:17:03.199854,bingx,0.13994,0.14006,24949.17,20546.09
2025-07-25T08:17:03.226981,bitget,0.13991,0.13997,1851.0,1442.0
2025-07-25T08:17:03.268865,okx,0.13999,0.14013,1023.338,933.456
2025-07-25T08:17:03.290890,gateio,0.13987,0.13999,71.0,1.0
2025-07-25T08:17:03.362909,okx,0.14,0.14013,1023.338,385.45
2025-07-25T08:17:03.363230,gateio,0.13988,0.13999,17.0,1.0
2025-07-25T08:17:03.377005,bitget,0.13991,0.13997,1851.0,1442.0
2025-07-25T08:17:03.394845,gateio,0.13988,0.13999,16.0,1.0
2025-07-25T08:17:03.406748,gateio,0.13989,0.13999,1.0,1.0
2025-07-25T08:17:03.419635,bybit,0.0,0.0,0.0,0.0
2025-07-25T08:17:03.462133,bitmart,0.13974,0.14007,1243.0,58.0
2025-07-25T08:17:03.486988,okx,0.14001,0.14013,1023.338,385.45
2025-07-25T08:17:03.500255,bingx,0.13989,0.14001,24949.17,20546.09
2025-07-25T08:17:03.524546,bitget,0.13991,0.13996,2341.0,1851.0
2025-07-25T08:17:03.562489,blofin,0.13987,0.1399,205.0,308.0
2025-07-25T08:17:03.599943,okx,0.13996,0.14011,810.0,548.006
2025-07-25T08:17:03.652827,gateio,0.13988,0.13999,1.0,1.0
2025-07-25T08:17:03.665845,lbank,0.1399,0.1401,111002.89,24065.04
2025-07-25T08:17:03.678411,bitget,0.13993,0.13995,362.0,341.0
2025-07-25T08:17:03.722674,okx,0.13998,0.14015,810.0,3410.722
2025-07-25T08:17:03.802843,okx,0.13999,0.14004,1023.338,1270.718
2025-07-25T08:17:03.811228,huobi,0.1398,0.1401,10448.0,340.0
2025-07-25T08:17:03.826484,bitget,0.13995,0.13997,341.0,3033.0
2025-07-25T08:17:03.914269,binance,0.1399,0.1399,0.0,0.0
2025-07-25T08:17:03.982093,bitget,0.13995,0.13996,341.0,341.0
2025-07-25T08:17:04.010016,huobi,0.1398,0.1401,10448.0,240.0
2025-07-25T08:17:04.017638,bybit,0.0,0.0,0.0,0.0
2025-07-25T08:17:04.067384,blofin,0.13982,0.13987,227.0,128.0
2025-07-25T08:17:04.126748,bitget,0.13995,0.13996,341.0,341.0
2025-07-25T08:17:04.163875,okx,0.13997,0.14004,500.0,1270.718
2025-07-25T08:17:04.165080,lbank,0.1399,0.1401,111002.89,24065.04
2025-07-25T08:17:04.276560,bitget,0.13995,0.13996,341.0,2192.0
2025-07-25T08:17:04.400338,bingx,0.13989,0.14001,24949.17,20546.09
2025-07-25T08:17:04.475933,bitmart,0.13974,0.14006,1506.0,2570.0
2025-07-25T08:17:04.511301,huobi,0.1398,0.1401,10448.0,240.0
2025-07-25T08:17:04.552867,okx,0.13997,0.14003,500.0,1270.818
2025-07-25T08:17:04.556441,blofin,0.13982,0.13987,227.0,128.0
2025-07-25T08:17:04.575412,bitget,0.13993,0.13996,1596.0,2192.0
2025-07-25T08:17:04.652547,okx,0.13996,0.14003,810.0,1270.818
2025-07-25T08:17:04.664647,lbank,0.1399,0.1401,111002.89,24065.04
2025-07-25T08:17:04.668956,gateio,0.13988,0.13999,17.0,1.0
2025-07-25T08:17:04.685823,gateio,0.13993,0.13999,562.0,1.0
2025-07-25T08:17:04.717721,bybit,0.13991,0.13992,590.0,1220.0
2025-07-25T08:17:04.726723,bitget,0.13991,0.13994,1851.0,341.0
2025-07-25T08:17:04.757587,gateio,0.13993,0.13999,71.0,1.0
2025-07-25T08:17:04.760153,okx,0.13997,0.14003,1023.338,1270.818
2025-07-25T08:17:04.865309,okx,0.14001,0.14015,1023.338,6.492
2025-07-25T08:17:04.866398,mexc,0.13994,0.13995,1733150.0,1733150.0
2025-07-25T08:17:04.875759,bitget,0.13996,0.13998,1810.0,1591.0
2025-07-25T08:17:04.913043,binance,0.1399,0.1399,0.0,0.0
2025-07-25T08:17:04.991753,okx,0.14002,0.14014,1023.338,33.617
2025-07-25T08:17:05.027948,bitget,0.13996,0.13999,1810.0,1442.0
2025-07-25T08:17:05.068192,blofin,0.13982,0.13987,209.0,11.0
2025-07-25T08:17:05.097021,okx,0.14002,0.14007,1023.338,1270.51
2025-07-25T08:17:05.165445,lbank,0.1399,0.1401,111002.89,77829.96
2025-07-25T08:17:05.178117,bitget,0.13996,0.13998,1810.0,1851.0
2025-07-25T08:17:05.311664,bingx,0.13989,0.14001,24949.17,20546.09
2025-07-25T08:17:05.327422,bitget,0.13996,0.13997,1810.0,341.0
2025-07-25T08:17:05.417682,bybit,0.13989,0.0,660.0,0.0
2025-07-25T08:17:05.443862,gateio,0.13987,0.13999,71.0,1.0
2025-07-25T08:17:05.468438,bitmart,0.13972,0.14008,1267.0,161.0
2025-07-25T08:17:05.469257,okx,0.13999,0.14007,310.0,1270.51
2025-07-25T08:17:05.484611,bitget,0.13994,0.13997,341.0,2192.0
2025-07-25T08:17:05.508749,gateio,0.13988,0.13999,17.0,1.0
2025-07-25T08:17:05.517767,bybit,0.13991,0.0,650.0,0.0
2025-07-25T08:17:05.554085,blofin,0.13986,0.1399,205.0,308.0
2025-07-25T08:17:05.590641,gateio,0.13988,0.13999,16.0,1.0
2025-07-25T08:17:05.593481,okx,0.13999,0.14012,1023.338,33.617
2025-07-25T08:17:05.606954,gateio,0.13989,0.13999,1.0,1.0
2025-07-25T08:17:05.607767,huobi,0.1398,0.1401,10448.0,240.0
2025-07-25T08:17:05.617974,bingx,0.13989,0.14001,24949.17,20546.09
2025-07-25T08:17:05.625584,bitget,0.13994,0.13995,341.0,341.0
2025-07-25T08:17:05.663031,lbank,0.1399,0.1401,111002.89,77829.96
2025-07-25T08:17:05.690775,gateio,0.13987,0.13999,71.0,1.0
2025-07-25T08:17:05.778275,bitget,0.13994,0.13995,341.0,341.0
2025-07-25T08:17:05.798833,gateio,0.13988,0.13999,1.0,1.0
2025-07-25T08:17:05.818125,bybit,0.0,0.0,0.0,0.0
2025-07-25T08:17:05.913473,binance,0.1399,0.1399,0.0,0.0
2025-07-25T08:17:05.916711,gateio,0.13988,0.13999,17.0,1.0
2025-07-25T08:17:05.990735,gateio,0.13988,0.13999,16.0,1.0
2025-07-25T08:17:06.006999,gateio,0.13989,0.13999,1.0,1.0
2025-07-25T08:17:06.053263,okx,0.14,0.14012,1023.338,33.617
2025-07-25T08:17:06.063231,blofin,0.13985,0.13988,1.0,28.0
2025-07-25T08:17:06.077904,bitget,0.13994,0.13995,341.0,341.0
2025-07-25T08:17:06.091142,gateio,0.13987,0.13999,71.0,1.0
2025-07-25T08:17:06.107490,gateio,0.13988,0.13999,1.0,1.0
2025-07-25T08:17:06.164068,okx,0.14,0.14015,1023.338,2862.41
2025-07-25T08:17:06.165711,lbank,0.1399,0.1401,111002.89,77829.96
2025-07-25T08:17:06.231400,bitget,0.13994,0.13995,341.0,341.0
2025-07-25T08:17:06.290843,okx,0.13997,0.14003,310.0,909.79
2025-07-25T08:17:06.317930,bybit,0.13989,0.1399,40.0,2280.0
2025-07-25T08:17:06.378194,bitget,0.13991,0.13994,1851.0,341.0
2025-07-25T08:17:06.391041,okx,0.13996,0.14003,310.0,909.79
2025-07-25T08:17:06.411465,huobi,0.1393,0.1401,3948.0366,240.0
2025-07-25T08:17:06.418296,bybit,0.0,0.0,0.0,0.0
2025-07-25T08:17:06.481462,bitmart,0.13974,0.14008,38.0,2070.0
2025-07-25T08:17:06.495084,okx,0.13995,0.14005,1023.338,734.548
2025-07-25T08:17:06.511194,bingx,0.13989,0.14001,24949.17,20546.09
2025-07-25T08:17:06.511810,huobi,0.1398,0.1401,793.0,240.0
2025-07-25T08:17:06.529660,bitget,0.13991,0.13992,1851.0,341.0
2025-07-25T08:17:06.554857,blofin,0.13985,0.13988,1.0,28.0
2025-07-25T08:17:06.599157,okx,0.13993,0.14,310.0,910.007
2025-07-25T08:17:06.664013,lbank,0.1399,0.1401,111002.89,77829.96
2025-07-25T08:17:06.677422,bitget,0.13988,0.13992,1830.0,2192.0
2025-07-25T08:17:06.700330,okx,0.13993,0.14011,310.0,2968.763
2025-07-25T08:17:06.828497,bitget,0.13988,0.13989,234.0,341.0
2025-07-25T08:17:06.853027,okx,0.13993,0.1401,310.0,416.263
2025-07-25T08:17:06.913224,binance,0.1399,0.1399,0.0,0.0
2025-07-25T08:17:06.958208,okx,0.13993,0.1401,310.0,382.646
2025-07-25T08:17:06.978562,bitget,0.13988,0.13989,596.0,341.0
2025-07-25T08:17:07.018752,bybit,0.13983,0.13984,560.0,370.0
2025-07-25T08:17:07.064074,blofin,0.13981,0.13986,31.0,681.0
2025-07-25T08:17:07.086823,okx,0.13994,0.14009,1023.338,33.617
2025-07-25T08:17:07.118209,bybit,0.0,0.0,0.0,0.0
2025-07-25T08:17:07.130131,bitget,0.13989,0.13991,341.0,1591.0
2025-07-25T08:17:07.166880,lbank,0.1399,0.1401,111002.89,77829.96
2025-07-25T08:17:07.191881,okx,0.13994,0.14006,810.0,547.059
2025-07-25T08:17:07.212109,huobi,0.1398,0.1401,793.0,240.0
2025-07-25T08:17:07.218131,bybit,0.13986,0.13987,600.0,550.0
2025-07-25T08:17:07.225526,mexc,0.13994,0.13995,1733160.0,1733160.0
2025-07-25T08:17:07.277460,bitget,0.1399,0.13993,362.0,1591.0
2025-07-25T08:17:07.299355,okx,0.13997,0.14012,1023.338,571.493
2025-07-25T08:17:07.318563,bybit,0.13988,0.13989,600.0,60.0
2025-07-25T08:17:07.365866,gateio,0.13988,0.13999,17.0,1.0
2025-07-25T08:17:07.398893,gateio,0.13988,0.13999,1.0,1.0
2025-07-25T08:17:07.408224,okx,0.13998,0.14003,1523.338,1334.834
2025-07-25T08:17:07.418320,bingx,0.13989,0.14001,24949.17,20546.09
2025-07-25T08:17:07.418611,bybit,0.13991,0.13992,370.0,820.0
2025-07-25T08:17:07.423175,gateio,0.13989,0.13999,20.0,1.0
2025-07-25T08:17:07.429386,bitget,0.13995,0.13998,73402.0,4056.0
2025-07-25T08:17:07.453275,bitmart,0.1397,0.14003,193.0,4.0
2025-07-25T08:17:07.506904,gateio,0.1399,0.13999,1.0,1.0
2025-07-25T08:17:07.520508,gateio,0.13993,0.13999,71.0,1.0
2025-07-25T08:17:07.532330,okx,0.14,0.14012,1023.338,547.059
2025-07-25T08:17:07.561289,blofin,0.13981,0.13982,6.0,293.0
2025-07-25T08:17:07.579702,bitget,0.13995,0.13998,543.0,4056.0
2025-07-25T08:17:07.655250,okx,0.14,0.14011,1023.338,33.617
2025-07-25T08:17:07.664010,lbank,0.1399,0.1401,111002.89,77829.96
2025-07-25T08:17:07.711122,huobi,0.1398,0.1401,793.0,240.0
2025-07-25T08:17:07.726161,bybit,0.0,0.13992,0.0,760.0
2025-07-25T08:17:07.789059,okx,0.14001,0.14015,1333.338,6.492
2025-07-25T08:17:07.879918,bitget,0.13995,0.13998,543.0,4056.0
2025-07-25T08:17:07.894504,okx,0.14002,0.14014,1023.338,33.617
2025-07-25T08:17:07.913841,binance,0.1399,0.1399,0.0,0.0
2025-07-25T08:17:08.027851,bitget,0.13995,0.13998,543.0,4056.0
2025-07-25T08:17:08.057433,blofin,0.13981,0.13982,6.0,293.0
2025-07-25T08:17:08.109047,okx,0.14003,0.14009,1023.338,1334.238
2025-07-25T08:17:08.118077,bybit,0.0,0.13992,0.0,110.0
2025-07-25T08:17:08.146686,gateio,0.13994,0.13999,19.0,1.0
2025-07-25T08:17:08.164975,lbank,0.1399,0.1401,111002.89,77829.96
2025-07-25T08:17:08.178083,bitget,0.13995,0.14,1032.0,1591.0
2025-07-25T08:17:08.217899,bybit,0.0,0.0,0.0,0.0
2025-07-25T08:17:08.264576,okx,0.14004,0.14009,1023.338,1334.238
2025-07-25T08:17:08.314449,bingx,0.13999,0.14011,36045.08,7255.53
2025-07-25T08:17:08.328981,bitget,0.14,0.14002,543.0,1590.0
2025-07-25T08:17:08.400589,okx,0.14005,0.14009,1023.338,1334.238
2025-07-25T08:17:08.410567,huobi,0.1399,0.1401,240.8428,240.0
2025-07-25T08:17:08.466587,bitmart,0.13975,0.14014,2872.0,181.0
2025-07-25T08:17:08.480110,bitget,0.13998,0.14,1595.0,511.0
2025-07-25T08:17:08.518497,huobi,0.1398,0.1401,793.0,240.0
2025-07-25T08:17:08.525777,bybit,0.13991,0.0,1790.0,0.0
2025-07-25T08:17:08.563204,blofin,0.13986,0.13988,240.0,1.0
2025-07-25T08:17:08.618315,bybit,0.13991,0.0,370.0,0.0
2025-07-25T08:17:08.629506,bitget,0.13997,0.14,255.0,511.0
2025-07-25T08:17:08.778937,bitget,0.13997,0.14,255.0,511.0
2025-07-25T08:17:08.913410,binance,0.14,0.14,0.0,0.0
2025-07-25T08:17:08.929979,bitget,0.13997,0.14,255.0,511.0
2025-07-25T08:17:09.051923,blofin,0.13986,0.13988,240.0,1.0
2025-07-25T08:17:09.124361,bybit,0.0,0.0,0.0,0.0
2025-07-25T08:17:09.212982,bingx,0.13999,0.14011,36045.08,7255.53
2025-07-25T08:17:09.229280,bitget,0.13996,0.14,67.0,2362.0
2025-07-25T08:17:09.276558,gateio,0.13993,0.13999,71.0,1.0
2025-07-25T08:17:09.288821,gateio,0.13995,0.13999,19.0,1.0
2025-07-25T08:17:09.323830,bybit,0.13995,0.13996,820.0,650.0
2025-07-25T08:17:09.358356,okx,0.14006,0.14014,1592.982,546.856
2025-07-25T08:17:09.378341,bitget,0.13999,0.14003,362.0,1590.0
2025-07-25T08:17:09.413001,huobi,0.1398,0.1401,21497.5747,240.0
2025-07-25T08:17:09.424881,bybit,0.13995,0.0,960.0,0.0
2025-07-25T08:17:09.458836,okx,0.14006,0.14011,1592.982,1334.071
2025-07-25T08:17:09.468211,bitmart,0.13979,0.14014,428.0,181.0
2025-07-25T08:17:09.517802,bybit,0.13995,0.0,590.0,0.0
2025-07-25T08:17:09.520603,bingx,0.13999,0.14011,36045.08,7255.53
2025-07-25T08:17:09.530028,bitget,0.14002,0.14005,362.0,7089.0
2025-07-25T08:17:09.558727,blofin,0.13989,0.13991,90.0,33.0
2025-07-25T08:17:09.591287,okx,0.14006,0.14011,1023.338,1334.071
2025-07-25T08:17:09.616288,mexc,0.13991,0.13992,1733160.0,1733160.0
2025-07-25T08:17:09.678115,bitget,0.13999,0.14003,1595.0,341.0
2025-07-25T08:17:09.749704,okx,0.14008,0.14015,1023.338,6.492
2025-07-25T08:17:09.829097,bitget,0.13997,0.14002,1662.0,341.0
2025-07-25T08:17:09.874653,gateio,0.13996,0.14011,19.0,71.0
2025-07-25T08:17:09.881289,okx,0.14009,0.14015,500.0,6.492
2025-07-25T08:17:09.904850,gateio,0.13997,0.14011,1.0,71.0
2025-07-25T08:17:09.913618,binance,0.14,0.14,0.0,0.0
2025-07-25T08:17:09.917913,bybit,0.13996,0.13997,230.0,60.0
2025-07-25T08:17:09.948584,gateio,0.13999,0.14011,71.0,71.0
2025-07-25T08:17:09.958704,gateio,0.13999,0.14011,71.0,2015.0
2025-07-25T08:17:09.981873,bitget,0.14003,0.14005,341.0,7089.0
2025-07-25T08:17:09.990162,okx,0.14005,0.1401,546.712,1083.808
2025-07-25T08:17:09.993587,gateio,0.13999,0.1401,71.0,605.0
2025-07-25T08:17:10.017928,bybit,0.13996,0.0,590.0,0.0
2025-07-25T08:17:10.018574,gateio,0.14,0.1401,1.0,605.0
2025-07-25T08:17:10.021527,huobi,0.1398,0.1401,21497.5747,240.0
2025-07-25T08:17:10.078841,blofin,0.13989,0.13991,199.0,30.0
2025-07-25T08:17:10.100556,okx,0.14006,0.14015,1523.338,6.492
2025-07-25T08:17:10.117591,bybit,0.13997,0.13998,230.0,140.0
2025-07-25T08:17:10.129863,bitget,0.14003,0.14004,341.0,2192.0
2025-07-25T08:17:10.209741,lbank,0.1399,0.1401,111002.89,77829.96
2025-07-25T08:17:10.249013,okx,0.14007,0.14012,1023.338,1083.659
2025-07-25T08:17:10.280426,bitget,0.14003,0.14004,341.0,2192.0
2025-07-25T08:17:10.317687,bybit,0.0,0.0,0.0,0.0
2025-07-25T08:17:10.367668,okx,0.14007,0.14015,1023.338,6.492
2025-07-25T08:17:10.422136,bingx,0.13999,0.14011,36045.08,7255.53
2025-07-25T08:17:10.430105,bitget,0.13999,0.14004,597.0,2192.0
2025-07-25T08:17:10.463935,bitmart,0.13979,0.14016,1230.0,419.0
2025-07-25T08:17:10.561220,blofin,0.13989,0.13991,199.0,30.0
2025-07-25T08:17:10.618210,bybit,0.13997,0.13998,590.0,80.0
2025-07-25T08:17:10.685429,gateio,0.14003,0.1401,487.0,605.0
2025-07-25T08:17:10.710513,huobi,0.1398,0.1401,793.0,240.0
2025-07-25T08:17:10.724629,gateio,0.14,0.1401,1.0,605.0
2025-07-25T08:17:10.732222,bitget,0.13999,0.14004,597.0,2192.0
2025-07-25T08:17:10.757175,okx,0.14008,0.14011,1023.338,1083.738
2025-07-25T08:17:10.810069,huobi,0.1398,0.1399,793.0,245.8764
2025-07-25T08:17:10.911119,huobi,0.1398,0.1401,793.0,240.0
2025-07-25T08:17:10.914209,binance,0.14,0.14,0.0,0.0
2025-07-25T08:17:11.017767,bybit,0.0,0.13998,0.0,620.0
2025-07-25T08:17:11.039294,okx,0.14004,0.14011,310.0,1083.738
2025-07-25T08:17:11.063379,blofin,0.1399,0.13993,148.0,171.0
2025-07-25T08:17:11.101173,gateio,0.13994,0.1401,1.0,605.0
2025-07-25T08:17:11.117547,bybit,0.13994,0.13995,480.0,370.0
2025-07-25T08:17:11.138276,gateio,0.13994,0.1401,1.0,631.0
2025-07-25T08:17:11.151771,okx,0.14005,0.1401,1023.338,1083.807
2025-07-25T08:17:11.176976,gateio,0.13994,0.1401,1.0,605.0
2025-07-25T08:17:11.186059,gateio,0.13994,0.14009,1.0,26.0
2025-07-25T08:17:11.186913,bitget,0.13997,0.14003,67.0,1851.0
2025-07-25T08:17:11.197398,gateio,0.13994,0.14009,1.0,76.0
2025-07-25T08:17:11.219089,bybit,0.13987,0.13989,60.0,370.0
2025-07-25T08:17:11.238759,huobi,0.1394,0.1401,8745.0,240.0
2025-07-25T08:17:11.240987,gateio,0.13994,0.14009,1.0,504.0
2025-07-25T08:17:11.267056,gateio,0.13994,0.14008,1.0,151.0
2025-07-25T08:17:11.280451,okx,0.14003,0.14015,1023.338,6.492
2025-07-25T08:17:11.287407,gateio,0.13994,0.14006,1.0,412.0
2025-07-25T08:17:11.301098,gateio,0.13989,0.14005,1.0,71.0
2025-07-25T08:17:11.315899,huobi,0.1395,0.1401,3942.3763,240.0
2025-07-25T08:17:11.318976,bybit,0.13986,0.13987,1770.0,370.0
2025-07-25T08:17:11.327723,gateio,0.13989,0.14005,1.0,121.0
2025-07-25T08:17:11.327810,bingx,0.13999,0.14011,36045.08,7255.53
2025-07-25T08:17:11.333980,bitget,0.13991,0.13996,14428.0,511.0
2025-07-25T08:17:11.345136,gateio,0.13989,0.14005,1.0,509.0
2025-07-25T08:17:11.356693,gateio,0.13989,0.14004,1.0,153.0
2025-07-25T08:17:11.388128,okx,0.14001,0.14012,1023.338,382.799
2025-07-25T08:17:11.415531,huobi,0.1398,0.1401,793.0,240.0
2025-07-25T08:17:11.418143,bybit,0.13986,0.0,1910.0,0.0
2025-07-25T08:17:11.466412,bitmart,0.1397,0.14012,11164.0,12811.0
2025-07-25T08:17:11.479228,bitget,0.13993,0.13995,511.0,341.0
2025-07-25T08:17:11.488301,gateio,0.13995,0.14005,19.0,50.0
2025-07-25T08:17:11.489407,okx,0.13996,0.14009,310.0,546.392
2025-07-25T08:17:11.506601,gateio,0.13996,0.14005,1.0,50.0
2025-07-25T08:17:11.516958,gateio,0.13997,0.14005,19.0,50.0
2025-07-25T08:17:11.517980,bybit,0.13993,0.13994,780.0,650.0
2025-07-25T08:17:11.564420,blofin,0.13989,0.13993,86.0,171.0
2025-07-25T08:17:11.593746,okx,0.14004,0.1401,1023.338,1563.876
2025-07-25T08:17:11.606628,gateio,0.13998,0.14005,1.0,50.0
2025-07-25T08:17:11.617913,bybit,0.0,0.0,0.0,0.0
2025-07-25T08:17:11.626810,bingx,0.13989,0.14001,36045.08,7255.53
2025-07-25T08:17:11.629911,bitget,0.14,0.14002,543.0,1590.0
2025-07-25T08:17:11.677662,gateio,0.13998,0.14005,1.0,68.0
2025-07-25T08:17:11.690837,gateio,0.13994,0.14005,73.0,68.0
2025-07-25T08:17:11.717675,bybit,0.13993,0.0,230.0,0.0
2025-07-25T08:17:11.782714,bitget,0.14001,0.14004,362.0,2079.0
2025-07-25T08:17:11.814983,gateio,0.13995,0.14005,17.0,68.0
2025-07-25T08:17:11.817998,bybit,0.0,0.0,0.0,0.0
2025-07-25T08:17:11.850211,okx,0.14005,0.1401,1023.338,1563.876
2025-07-25T08:17:11.872592,gateio,0.13995,0.14005,1.0,68.0
2025-07-25T08:17:11.913216,binance,0.14,0.14,0.0,0.0
2025-07-25T08:17:11.926708,bingx,0.13999,0.14011,36045.08,7255.53
2025-07-25T08:17:11.931188,bitget,0.13999,0.14002,1596.0,341.0
2025-07-25T08:17:11.953481,okx,0.14002,0.14009,1333.338,2300.0
2025-07-25T08:17:11.958905,gateio,0.13995,0.14005,17.0,68.0
2025-07-25T08:17:11.988166,mexc,0.13991,0.13992,1733160.0,1733160.0
2025-07-25T08:17:11.990703,gateio,0.13995,0.14005,16.0,68.0
2025-07-25T08:17:12.007199,gateio,0.13996,0.14005,1.0,68.0
2025-07-25T08:17:12.009865,huobi,0.1398,0.1401,793.0,240.0
2025-07-25T08:17:12.017898,bybit,0.13996,0.13997,600.0,1270.0
2025-07-25T08:17:12.061094,blofin,0.13989,0.13993,86.0,171.0
2025-07-25T08:17:12.067215,okx,0.14003,0.14009,1023.338,2300.0
2025-07-25T08:17:12.083033,bitget,0.14,0.14004,362.0,489.0
2025-07-25T08:17:12.091007,gateio,0.13996,0.14005,16.0,68.0
2025-07-25T08:17:12.107219,gateio,0.13997,0.14005,1.0,68.0
2025-07-25T08:17:12.187610,okx,0.14004,0.1401,1023.338,1563.876
2025-07-25T08:17:12.190662,gateio,0.13994,0.14005,73.0,68.0
2025-07-25T08:17:12.217981,bybit,0.13996,0.0,230.0,0.0
2025-07-25T08:17:12.221098,gateio,0.13995,0.14005,1.0,68.0
2025-07-25T08:17:12.231479,bitget,0.14001,0.14005,362.0,478.0
2025-07-25T08:17:12.264581,gateio,0.13995,0.14005,1.0,50.0
2025-07-25T08:17:12.284876,okx,0.14004,0.14012,1023.338,1563.62
2025-07-25T08:17:12.380699,bitget,0.13999,0.14004,2193.0,1851.0
2025-07-25T08:17:12.390135,okx,0.14004,0.14015,1023.338,6.492
2025-07-25T08:17:12.401267,lbank,0.1399,0.1401,111002.89,77829.96
2025-07-25T08:17:12.418234,bybit,0.0,0.0,0.0,0.0
2025-07-25T08:17:12.477525,bitmart,0.1398,0.14016,915.0,1289.0
2025-07-25T08:17:12.490289,okx,0.14004,0.14014,1023.338,33.617
2025-07-25T08:17:12.511513,huobi,0.1398,0.1401,793.0,240.0
2025-07-25T08:17:12.518578,bybit,0.0,0.13997,0.0,2080.0
2025-07-25T08:17:12.530192,bingx,0.13999,0.14011,36045.08,7255.53
2025-07-25T08:17:12.531326,bitget,0.13999,0.14004,597.0,1851.0
2025-07-25T08:17:12.548503,blofin,0.13983,0.13987,7.0,1.0
2025-07-25T08:17:12.663135,lbank,0.1399,0.1401,111002.89,77829.96
2025-07-25T08:17:12.676574,gateio,0.14,0.14016,71.0,1.0
2025-07-25T08:17:12.686276,bitget,0.13999,0.14003,597.0,1851.0
2025-07-25T08:17:12.686752,gateio,0.1401,0.14016,71.0,1.0
2025-07-25T08:17:12.695036,okx,0.1401,0.14045,8765.178,382.677
2025-07-25T08:17:12.702386,gateio,0.14011,0.14016,19.0,1.0
2025-07-25T08:17:12.718145,bybit,0.14009,0.14012,540.0,1160.0
2025-07-25T08:17:12.804308,okx,0.14025,0.14034,1023.338,382.677
2025-07-25T08:17:12.817953,bybit,0.14009,0.1401,1960.0,370.0
2025-07-25T08:17:12.823227,gateio,0.1401,0.14016,71.0,1.0
2025-07-25T08:17:12.831047,bitget,0.14013,0.14025,543.0,1979.0
2025-07-25T08:17:12.848941,gateio,0.14012,0.14016,19.0,1.0
2025-07-25T08:17:12.913153,binance,0.1402,0.1402,0.0,0.0
2025-07-25T08:17:12.919849,bybit,0.14011,0.14012,1060.0,790.0
2025-07-25T08:17:12.959267,okx,0.14026,0.14037,1023.338,217.65
2025-07-25T08:17:12.981459,bitget,0.14013,0.14024,1140.0,14428.0
2025-07-25T08:17:13.006593,gateio,0.14013,0.14016,19.0,1.0
2025-07-25T08:17:13.009618,huobi,0.1398,0.1401,793.0,20.0
2025-07-25T08:17:13.017965,bybit,0.0,0.0,0.0,0.0
2025-07-25T08:17:13.024696,lbank,0.1399,0.14,111002.89,2654.43
2025-07-25T08:17:13.055856,okx,0.1403,0.14039,1023.338,2850.83
2025-07-25T08:17:13.066818,blofin,0.13989,0.13991,1.0,132.0
2025-07-25T08:17:13.110852,huobi,0.1399,0.1401,20704.5747,20.0
2025-07-25T08:17:13.117815,bybit,0.14012,0.14013,3660.0,1520.0
2025-07-25T08:17:13.127189,bingx,0.14019,0.1402,36045.08,16754.21
2025-07-25T08:17:13.128741,gateio,0.1401,0.14016,71.0,1.0
2025-07-25T08:17:13.132645,bitget,0.14021,0.14023,362.0,1851.0
2025-07-25T08:17:13.154771,gateio,0.14014,0.14016,19.0,1.0
2025-07-25T08:17:13.163776,okx,0.1403,0.14042,1023.338,2850.119
2025-07-25T08:17:13.165577,lbank,0.1399,0.1401,111002.89,77829.96
2025-07-25T08:17:13.269916,okx,0.14032,0.14039,1023.338,1889.73
2025-07-25T08:17:13.280350,bitget,0.14019,0.14022,1595.0,1851.0
2025-07-25T08:17:13.310213,huobi,0.1399,0.1402,20704.5747,430.0
2025-07-25T08:17:13.317872,bybit,0.0,0.0,0.0,0.0
2025-07-25T08:17:13.431740,bitget,0.14019,0.14021,362.0,1851.0
2025-07-25T08:17:13.478267,bitmart,0.13996,0.14035,2051.0,1245.0
2025-07-25T08:17:13.491971,okx,0.14033,0.14039,1023.338,1889.73
2025-07-25T08:17:13.517885,bybit,0.14012,0.0,3460.0,0.0
2025-07-25T08:17:13.557036,blofin,0.13989,0.13991,1.0,132.0
2025-07-25T08:17:13.582859,bitget,0.14019,0.14021,362.0,1851.0
2025-07-25T08:17:13.610970,gateio,0.14013,0.14016,2.0,1.0
2025-07-25T08:17:13.617765,bybit,0.14012,0.0,2040.0,0.0
2025-07-25T08:17:13.664592,lbank,0.1403,0.1404,17206.21,130390.56
2025-07-25T08:17:13.687018,gateio,0.14014,0.14016,606.0,1.0
2025-07-25T08:17:13.706090,okx,0.14022,0.14037,856.251,395.81
2025-07-25T08:17:13.706670,gateio,0.14011,0.14016,1.0,1.0
2025-07-25T08:17:13.717718,bybit,0.14012,0.14013,650.0,410.0
2025-07-25T08:17:13.728967,gateio,0.14011,0.14015,1.0,362.0
2025-07-25T08:17:13.730111,bingx,0.14019,0.1402,36045.08,16754.21
2025-07-25T08:17:13.731832,bitget,0.14011,0.14017,2886.0,1595.0
2025-07-25T08:17:13.807012,gateio,0.1401,0.14015,71.0,362.0
2025-07-25T08:17:13.817766,bybit,0.14005,0.14006,1420.0,370.0
2025-07-25T08:17:13.819520,huobi,0.14,0.1402,793.0,430.0
2025-07-25T08:17:13.845259,gateio,0.14004,0.14015,2.0,362.0
2025-07-25T08:17:13.859278,okx,0.14024,0.14033,1023.338,2786.832
2025-07-25T08:17:13.870283,gateio,0.14008,0.14015,71.0,362.0
2025-07-25T08:17:13.882517,bitget,0.14011,0.14016,2886.0,5237.0
2025-07-25T08:17:13.913135,binance,0.1403,0.1403,0.0,0.0
2025-07-25T08:17:14.006955,okx,0.14024,0.14031,1023.338,1890.808
2025-07-25T08:17:14.017836,bybit,0.14004,0.14005,1490.0,370.0
2025-07-25T08:17:14.034140,bitget,0.14011,0.14012,2886.0,341.0
2025-07-25T08:17:14.073889,blofin,0.14005,0.14008,171.0,470.0
2025-07-25T08:17:14.117913,bybit,0.14004,0.14008,2980.0,4270.0
2025-07-25T08:17:14.158849,okx,0.14016,0.14028,310.0,1142.937
2025-07-25T08:17:14.167091,lbank,0.1403,0.1404,17206.21,33899.76
2025-07-25T08:17:14.182170,bitget,0.14011,0.14012,2886.0,341.0
2025-07-25T08:17:14.217958,bybit,0.14006,0.14007,370.0,1390.0
2025-07-25T08:17:14.261977,okx,0.14018,0.14028,1023.338,1142.937
2025-07-25T08:17:14.333715,bitget,0.14012,0.14015,341.0,1442.0
2025-07-25T08:17:14.341612,bingx,0.14009,0.1402,36045.08,16754.21
2025-07-25T08:17:14.391991,okx,0.14018,0.14028,1023.338,1265.63
2025-07-25T08:17:14.400677,mexc,0.13991,0.13992,1733160.0,1733160.0
2025-07-25T08:17:14.481359,bitget,0.14012,0.14015,341.0,1442.0
2025-07-25T08:17:14.489126,bitmart,0.13992,0.14029,137.0,221.0
2025-07-25T08:17:14.517562,bybit,0.0,0.0,0.0,0.0
2025-07-25T08:17:14.541899,blofin,0.14001,0.14005,74.0,68.0
2025-07-25T08:17:14.609625,huobi,0.14,0.1402,793.0,430.0
2025-07-25T08:17:14.631479,bitget,0.14011,0.14014,2886.0,1851.0
2025-07-25T08:17:14.637850,bingx,0.14009,0.1402,36045.08,16754.21
2025-07-25T08:17:14.663137,lbank,0.1401,0.1402,103081.69,18311.76
2025-07-25T08:17:14.697449,okx,0.14019,0.14028,1023.338,1265.63
2025-07-25T08:17:14.781337,bitget,0.14012,0.14013,362.0,1851.0
2025-07-25T08:17:14.821956,okx,0.1402,0.14028,1023.338,1265.63
2025-07-25T08:17:14.913177,binance,0.1403,0.1403,0.0,0.0
2025-07-25T08:17:14.917942,bybit,0.14004,0.14005,3420.0,370.0
2025-07-25T08:17:14.931773,bitget,0.14011,0.14013,2886.0,1851.0
2025-07-25T08:17:14.939767,okx,0.1402,0.14028,973.662,1265.63
2025-07-25T08:17:15.017756,bybit,0.14002,0.0,1230.0,0.0
2025-07-25T08:17:15.030411,gateio,0.14006,0.14015,71.0,362.0
2025-07-25T08:17:15.053339,blofin,0.14001,0.14005,74.0,68.0
2025-07-25T08:17:15.081805,okx,0.14021,0.14028,1023.338,122.693
2025-07-25T08:17:15.084132,bitget,0.14008,0.14011,288.0,2886.0
2025-07-25T08:17:15.090879,gateio,0.14007,0.14015,1.0,362.0
2025-07-25T08:17:15.110453,huobi,0.1395,0.1402,4096.997,430.0
2025-07-25T08:17:15.118078,bybit,0.14,0.14001,4390.0,370.0
2025-07-25T08:17:15.164605,lbank,0.1401,0.1402,103081.69,18311.76
2025-07-25T08:17:15.186492,okx,0.14014,0.14028,545.696,122.693
2025-07-25T08:17:15.210270,huobi,0.1399,0.1402,792.0,430.0
2025-07-25T08:17:15.217838,bybit,0.14,0.0,4960.0,0.0
2025-07-25T08:17:15.240333,bitget,0.14008,0.1401,149.0,1851.0
2025-07-25T08:17:15.290760,okx,0.14017,0.14028,1054.397,2302.693
2025-07-25T08:17:15.318103,bybit,0.14,0.14001,9370.0,1020.0
2025-07-25T08:17:15.381270,bitmart,0.13986,0.14029,2095.0,1968.0
2025-07-25T08:17:15.382887,bitget,0.14009,0.1401,362.0,1851.0
2025-07-25T08:17:15.396471,okx,0.14018,0.14025,31.059,1143.174
2025-07-25T08:17:15.408696,huobi,0.1399,0.1402,792.0,430.0
2025-07-25T08:17:15.417645,bybit,0.0,0.0,0.0,0.0
2025-07-25T08:17:15.532721,bitget,0.14009,0.1401,362.0,1851.0
2025-07-25T08:17:15.540523,bingx,0.14009,0.1402,36045.08,16754.21
2025-07-25T08:17:15.550232,blofin,0.14001,0.14006,3.0,3.0
2025-07-25T08:17:15.552299,okx,0.14015,0.14025,31.059,1143.174
2025-07-25T08:17:15.664328,lbank,0.1401,0.1402,103081.69,18311.76
2025-07-25T08:17:15.681604,bitget,0.14009,0.1401,362.0,1851.0
2025-07-25T08:17:15.782983,okx,0.14015,0.14025,1054.397,1143.174
2025-07-25T08:17:15.818037,bybit,0.14,0.0,9170.0,0.0
2025-07-25T08:17:15.893879,okx,0.14015,0.14025,1023.338,1143.174
2025-07-25T08:17:15.908426,huobi,0.1399,0.1402,792.0,510.0
2025-07-25T08:17:15.913701,binance,0.1403,0.1403,0.0,0.0
2025-07-25T08:17:16.017889,bybit,0.14,0.0,9240.0,0.0
2025-07-25T08:17:16.056016,blofin,0.14001,0.14002,1.0,236.0
2025-07-25T08:17:16.117967,bybit,0.14,0.0,7820.0,0.0
2025-07-25T08:17:16.164960,lbank,0.1401,0.1402,103081.69,18311.76
2025-07-25T08:17:16.217813,bybit,0.14,0.0,2630.0,0.0
2025-07-25T08:17:16.228730,okx,0.14016,0.14025,1023.338,1143.174
2025-07-25T08:17:16.283232,bitget,0.14007,0.14008,288.0,511.0
2025-07-25T08:17:16.317553,bybit,0.14,0.14003,1290.0,340.0
2025-07-25T08:17:16.354435,okx,0.14014,0.14025,31.059,1143.174
2025-07-25T08:17:16.354699,gateio,0.14001,0.14014,19.0,50.0
2025-07-25T08:17:16.418187,bybit,0.14,0.14002,2710.0,650.0
2025-07-25T08:17:16.425588,bitmart,0.13986,0.14023,38.0,1308.0
2025-07-25T08:17:16.434623,bitget,0.14005,0.14007,1971.0,288.0
2025-07-25T08:17:16.442976,bingx,0.14009,0.1402,36045.08,16754.21
2025-07-25T08:17:16.500044,okx,0.14014,0.14023,31.059,1107.854
2025-07-25T08:17:16.518477,bybit,0.14001,0.0,230.0,0.0
2025-07-25T08:17:16.550322,gateio,0.14001,0.14006,19.0,362.0
2025-07-25T08:17:16.556954,blofin,0.14001,0.14002,1.0,236.0
2025-07-25T08:17:16.558641,gateio,0.14,0.14006,71.0,362.0
2025-07-25T08:17:16.584242,bitget,0.14005,0.14009,378.0,1950.0
2025-07-25T08:17:16.605859,okx,0.14014,0.14025,31.059,2280.243
