timestamp,exchange,bid,ask,bid_vol,ask_vol
2025-07-25T08:16:26.227974,bybit,0.13755,0.13756,673.0,5706.0
2025-07-25T08:16:26.682739,bitget,0.13765,0.13767,2126.0,7088.0
2025-07-25T08:16:26.685918,bitget,0.13765,0.13767,2126.0,7088.0
2025-07-25T08:16:26.985107,bitget,0.13765,0.13767,2126.0,7088.0
2025-07-25T08:16:27.016397,huobi,0.13715,0.13749,125.4108,1113.046
2025-07-25T08:16:27.511858,huobi,0.13715,0.13732,125.4108,485.9469
2025-07-25T08:16:27.609187,huobi,0.13716,0.13747,1521.723,959.443
2025-07-25T08:16:27.677372,bingx,0.13745,0.13749,136.55,1530.31
2025-07-25T08:16:27.810036,huobi,0.13717,0.13745,1647.1338,979.0072
2025-07-25T08:16:28.008504,huobi,0.13718,0.13745,1521.723,979.0072
2025-07-25T08:16:28.103684,bitmart,0.13743,0.13784,43874.0,19184.0
2025-07-25T08:16:28.157239,lbank,0.13725,0.13746,2664.11,260.11
2025-07-25T08:16:28.187606,bitget,0.13765,0.13767,2126.0,7088.0
2025-07-25T08:16:28.338426,bitget,0.13765,0.13767,2126.0,7088.0
2025-07-25T08:16:28.409104,huobi,0.13719,0.13745,1521.723,979.0072
2025-07-25T08:16:28.454301,gateio,0.13748,0.1376,31.0,31.0
2025-07-25T08:16:28.486947,bitget,0.13765,0.13767,2126.0,7088.0
2025-07-25T08:16:28.512563,huobi,0.13715,0.13747,1647.1338,940.0718
2025-07-25T08:16:28.578911,bingx,0.13745,0.13749,136.55,1530.31
2025-07-25T08:16:28.597069,blofin,0.13759,0.13764,56.0,86.0
2025-07-25T08:16:28.609382,huobi,0.13715,0.13747,1647.1338,1027.4423
2025-07-25T08:16:28.638573,bitget,0.13765,0.13767,2126.0,7088.0
2025-07-25T08:16:28.659302,lbank,0.13725,0.13746,2664.11,260.11
2025-07-25T08:16:28.787723,bitget,0.13765,0.13767,2126.0,7088.0
2025-07-25T08:16:28.793643,mexc,0.13761,0.13762,546258.0,546258.0
2025-07-25T08:16:28.809881,huobi,0.13715,0.13747,125.4108,1807.1193
2025-07-25T08:16:28.938909,bitget,0.13765,0.13767,2126.0,7088.0
2025-07-25T08:16:29.077657,blofin,0.13761,0.13764,9.0,36.0
2025-07-25T08:16:29.120505,bitmart,0.13743,0.13784,43874.0,19184.0
2025-07-25T08:16:29.158334,lbank,0.13725,0.13746,2664.11,260.11
2025-07-25T08:16:29.238849,bitget,0.13765,0.13767,2126.0,7088.0
2025-07-25T08:16:29.386674,bitget,0.13765,0.13767,2126.0,7088.0
2025-07-25T08:16:29.486304,bingx,0.13745,0.13749,136.55,1530.31
2025-07-25T08:16:29.550967,blofin,0.13761,0.13764,9.0,36.0
2025-07-25T08:16:29.611744,huobi,0.13716,0.13747,1521.723,1807.1193
2025-07-25T08:16:29.657805,lbank,0.13725,0.13746,3129.08,260.11
2025-07-25T08:16:29.992059,gateio,0.13748,0.13761,31.0,142.0
2025-07-25T08:16:30.055236,blofin,0.13761,0.13764,9.0,36.0
2025-07-25T08:16:30.103320,bitmart,0.13743,0.13784,43874.0,19184.0
2025-07-25T08:16:30.211924,huobi,0.13716,0.13747,1521.723,1807.1193
2025-07-25T08:16:30.437101,bitget,0.13765,0.13771,2126.0,2271.0
2025-07-25T08:16:30.439884,bingx,0.13745,0.13749,136.55,1530.31
2025-07-25T08:16:30.512386,huobi,0.13716,0.13747,1521.723,1807.1193
2025-07-25T08:16:30.529707,blofin,0.13761,0.13764,9.0,36.0
2025-07-25T08:16:30.591259,bitget,0.13765,0.13771,2126.0,2126.0
2025-07-25T08:16:30.619821,bybit,0.13755,0.0,793.0,0.0
2025-07-25T08:16:30.711152,huobi,0.13717,0.13747,125.4108,1807.1193
2025-07-25T08:16:30.738038,bitget,0.13766,0.13771,456.0,2126.0
2025-07-25T08:16:30.820161,bybit,0.13755,0.0,673.0,0.0
2025-07-25T08:16:30.890647,bitget,0.13766,0.13771,2456.0,2271.0
2025-07-25T08:16:31.040521,bitget,0.13766,0.13771,2456.0,2271.0
2025-07-25T08:16:31.058511,blofin,0.13761,0.13764,9.0,36.0
2025-07-25T08:16:31.091715,bitmart,0.13743,0.13784,43874.0,19184.0
2025-07-25T08:16:31.161730,lbank,0.13725,0.13746,3129.08,260.11
2025-07-25T08:16:31.164705,mexc,0.13761,0.13762,546258.0,546258.0
2025-07-25T08:16:31.189842,bitget,0.13766,0.13771,2456.0,2271.0
2025-07-25T08:16:31.286404,bingx,0.13745,0.13749,136.55,1530.31
2025-07-25T08:16:31.542926,blofin,0.13761,0.13764,9.0,36.0
2025-07-25T08:16:31.610126,huobi,0.13718,0.13747,1521.723,1807.1193
2025-07-25T08:16:31.639501,bitget,0.13766,0.13771,2456.0,2126.0
2025-07-25T08:16:31.656743,lbank,0.13725,0.13746,3129.08,260.11
2025-07-25T08:16:31.810023,huobi,0.13719,0.13747,125.4108,1807.1193
2025-07-25T08:16:31.915037,huobi,0.13715,0.13747,125.4108,1807.1193
2025-07-25T08:16:31.941703,bitget,0.13766,0.13771,2456.0,2126.0
2025-07-25T08:16:32.072924,blofin,0.13762,0.13764,84.0,28.0
2025-07-25T08:16:32.090105,bitget,0.13766,0.13767,2456.0,7088.0
2025-07-25T08:16:32.104621,bitmart,0.13743,0.13784,43874.0,19184.0
2025-07-25T08:16:32.157226,lbank,0.13725,0.13746,3129.08,260.11
2025-07-25T08:16:32.198207,bingx,0.13748,0.13751,136.55,1530.31
2025-07-25T08:16:32.210018,huobi,0.13717,0.13747,1521.723,1807.1193
2025-07-25T08:16:32.219996,bybit,0.0,0.0,0.0,0.0
2025-07-25T08:16:32.241247,bitget,0.13766,0.13767,2000.0,7088.0
2025-07-25T08:16:32.388445,bitget,0.13766,0.13767,2000.0,7088.0
2025-07-25T08:16:32.411048,huobi,0.13716,0.13747,1521.723,1807.1193
2025-07-25T08:16:32.541131,bitget,0.13766,0.13767,2000.0,7088.0
2025-07-25T08:16:32.552013,blofin,0.13762,0.13764,84.0,28.0
2025-07-25T08:16:32.563207,gateio,0.13748,0.1376,31.0,32.0
2025-07-25T08:16:32.656381,lbank,0.13727,0.13748,2917.6,260.11
2025-07-25T08:16:32.689436,bitget,0.13766,0.13767,2000.0,7088.0
2025-07-25T08:16:32.723197,gateio,0.13748,0.1376,36.0,32.0
2025-07-25T08:16:32.839434,bitget,0.13765,0.13767,2126.0,7088.0
2025-07-25T08:16:33.066301,blofin,0.13762,0.13764,84.0,28.0
2025-07-25T08:16:33.104722,bingx,0.13748,0.13751,136.55,1530.31
2025-07-25T08:16:33.116471,bitmart,0.13743,0.13784,43874.0,19184.0
2025-07-25T08:16:33.119917,bybit,0.0,0.13756,0.0,5929.0
2025-07-25T08:16:33.144958,bitget,0.13765,0.13767,2126.0,7088.0
2025-07-25T08:16:33.214205,huobi,0.13717,0.13747,125.4108,1807.1193
2025-07-25T08:16:33.395176,bingx,0.13746,0.13749,136.55,1530.31
2025-07-25T08:16:33.411369,huobi,0.13717,0.13747,125.4108,1807.1193
2025-07-25T08:16:33.443375,bitget,0.13765,0.13767,2126.0,7088.0
2025-07-25T08:16:33.511528,huobi,0.13715,0.13747,125.4108,1807.1193
2025-07-25T08:16:33.519710,bybit,0.13752,0.13755,1189.0,2016.0
2025-07-25T08:16:33.538812,blofin,0.13762,0.13764,84.0,28.0
2025-07-25T08:16:33.580900,mexc,0.13763,0.13764,546258.0,546258.0
2025-07-25T08:16:33.589386,bitget,0.13764,0.13767,4393.0,7088.0
2025-07-25T08:16:33.620214,bybit,0.13753,0.13755,235.0,1896.0
2025-07-25T08:16:33.656607,lbank,0.13727,0.13748,2917.6,260.11
2025-07-25T08:16:33.720161,bybit,0.13754,0.13755,619.0,235.0
2025-07-25T08:16:33.739417,bitget,0.13763,0.13766,7088.0,2126.0
2025-07-25T08:16:33.893311,bitget,0.13763,0.13766,7088.0,2126.0
2025-07-25T08:16:33.920147,bybit,0.0,0.13756,0.0,5929.0
2025-07-25T08:16:33.999021,bingx,0.13745,0.13748,136.55,1530.31
2025-07-25T08:16:34.028381,bitmart,0.13743,0.13784,43874.0,19184.0
2025-07-25T08:16:34.040145,bitget,0.13763,0.13766,7088.0,2126.0
2025-07-25T08:16:34.047935,blofin,0.13762,0.13764,84.0,28.0
2025-07-25T08:16:34.156969,lbank,0.13725,0.13744,3347.62,1704.6
2025-07-25T08:16:34.189438,bitget,0.13763,0.13766,7088.0,2126.0
2025-07-25T08:16:34.353234,gateio,0.13748,0.1376,72.0,32.0
2025-07-25T08:16:34.519448,huobi,0.13716,0.13747,1521.723,1807.1193
2025-07-25T08:16:34.553402,blofin,0.13762,0.13763,76.0,36.0
2025-07-25T08:16:34.644287,bitget,0.13763,0.13766,7088.0,2126.0
2025-07-25T08:16:34.647458,gateio,0.13748,0.1376,36.0,32.0
2025-07-25T08:16:34.656048,lbank,0.13726,0.13744,2223.3,1704.6
2025-07-25T08:16:34.719892,bybit,0.13754,0.13755,238.0,376.0
2025-07-25T08:16:34.791347,bitget,0.13763,0.13766,7088.0,3015.0
2025-07-25T08:16:34.810123,huobi,0.13717,0.13747,1521.723,1807.1193
2025-07-25T08:16:34.900563,bingx,0.13745,0.13748,136.55,1530.31
2025-07-25T08:16:34.915063,gateio,0.13746,0.1376,32.0,32.0
2025-07-25T08:16:34.942725,bitget,0.13763,0.13766,7088.0,3015.0
2025-07-25T08:16:35.010171,huobi,0.13715,0.13747,125.4108,1807.1193
2025-07-25T08:16:35.065982,blofin,0.13762,0.13763,76.0,36.0
2025-07-25T08:16:35.090179,bitget,0.13763,0.13766,7088.0,2126.0
2025-07-25T08:16:35.110088,huobi,0.13716,0.13747,125.4108,1807.1193
2025-07-25T08:16:35.120599,bitmart,0.13743,0.13784,43874.0,19184.0
2025-07-25T08:16:35.212520,bingx,0.13745,0.13749,136.55,1530.31
2025-07-25T08:16:35.219838,bybit,0.0,0.0,0.0,0.0
2025-07-25T08:16:35.278054,lbank,0.13725,0.13744,3347.62,1704.6
2025-07-25T08:16:35.391033,bitget,0.13763,0.13766,7088.0,2126.0
2025-07-25T08:16:35.410269,huobi,0.13716,0.13747,125.4108,1807.1193
2025-07-25T08:16:35.504151,bingx,0.13746,0.1375,136.55,1530.31
2025-07-25T08:16:35.519703,bybit,0.0,0.0,0.0,0.0
2025-07-25T08:16:35.532230,blofin,0.13761,0.13764,52.0,114.0
2025-07-25T08:16:35.543621,bitget,0.13763,0.13766,7088.0,2126.0
2025-07-25T08:16:35.656320,lbank,0.13725,0.13744,3347.62,1704.6
2025-07-25T08:16:35.698855,bitget,0.13764,0.13766,451.0,2126.0
2025-07-25T08:16:35.715553,huobi,0.13717,0.13747,1521.723,1807.1193
2025-07-25T08:16:35.811926,huobi,0.13716,0.13747,125.4108,1807.1193
2025-07-25T08:16:35.841296,bitget,0.13764,0.13767,2451.0,7088.0
2025-07-25T08:16:35.906476,gateio,0.13746,0.13761,32.0,142.0
2025-07-25T08:16:35.977264,mexc,0.13763,0.13764,546258.0,546258.0
2025-07-25T08:16:35.991621,bitget,0.13764,0.13767,4126.0,7088.0
2025-07-25T08:16:36.060387,blofin,0.13759,0.13764,74.0,129.0
2025-07-25T08:16:36.115011,huobi,0.13719,0.13747,1647.1338,1807.1193
2025-07-25T08:16:36.120367,bitmart,0.13743,0.13784,43874.0,19184.0
2025-07-25T08:16:36.142555,bitget,0.13766,0.13771,451.0,2126.0
2025-07-25T08:16:36.157264,lbank,0.13725,0.13744,3347.62,1704.6
2025-07-25T08:16:36.290809,bitget,0.13766,0.13767,451.0,7088.0
2025-07-25T08:16:36.406989,bingx,0.13743,0.13747,136.55,1530.31
2025-07-25T08:16:36.419637,bybit,0.0,0.0,0.0,0.0
2025-07-25T08:16:36.440519,bitget,0.13765,0.13771,4126.0,2126.0
2025-07-25T08:16:36.543570,blofin,0.13759,0.13764,74.0,129.0
2025-07-25T08:16:36.591233,bitget,0.13765,0.13771,4126.0,2126.0
2025-07-25T08:16:36.612773,huobi,0.13715,0.13747,1647.1338,1807.1193
2025-07-25T08:16:36.657123,lbank,0.13725,0.13749,2276.61,258.84
2025-07-25T08:16:36.813192,huobi,0.13715,0.13747,125.4108,1807.1193
2025-07-25T08:16:36.893561,bitget,0.13765,0.13771,4126.0,2126.0
2025-07-25T08:16:36.914620,huobi,0.13716,0.13747,1521.723,1807.1193
2025-07-25T08:16:37.043509,bitget,0.13766,0.13767,451.0,7088.0
2025-07-25T08:16:37.060206,blofin,0.13759,0.13764,74.0,129.0
2025-07-25T08:16:37.120624,bitmart,0.13743,0.13784,43874.0,19184.0
2025-07-25T08:16:37.156142,lbank,0.13725,0.13749,2276.61,258.84
2025-07-25T08:16:37.192152,bitget,0.13766,0.13767,451.0,7088.0
2025-07-25T08:16:37.316713,bingx,0.13743,0.13747,136.55,1530.31
2025-07-25T08:16:37.341224,bitget,0.13766,0.13767,451.0,7088.0
2025-07-25T08:16:37.419866,bybit,0.13755,0.13756,1927.0,4159.0
2025-07-25T08:16:37.491258,bitget,0.13766,0.13771,451.0,2271.0
2025-07-25T08:16:37.511728,huobi,0.13717,0.13747,1521.723,1807.1193
2025-07-25T08:16:37.519888,bybit,0.13755,0.0,1200.0,0.0
2025-07-25T08:16:37.539876,blofin,0.13759,0.13764,74.0,129.0
2025-07-25T08:16:37.620614,bybit,0.13755,0.0,1080.0,0.0
2025-07-25T08:16:37.642889,bitget,0.13768,0.13771,7088.0,2271.0
2025-07-25T08:16:37.660272,lbank,0.13725,0.13749,2276.61,258.84
2025-07-25T08:16:37.709983,huobi,0.13714,0.13747,1423.6902,1807.1193
2025-07-25T08:16:37.793087,bitget,0.13768,0.13771,7088.0,2126.0
2025-07-25T08:16:37.810714,huobi,0.13715,0.13747,1647.1338,1807.1193
2025-07-25T08:16:37.911094,huobi,0.13716,0.13747,1521.723,1807.1193
2025-07-25T08:16:37.944527,bitget,0.13768,0.13771,7088.0,2126.0
2025-07-25T08:16:38.062373,blofin,0.13763,0.13764,115.0,69.0
2025-07-25T08:16:38.096624,bitget,0.13766,0.13771,451.0,2126.0
2025-07-25T08:16:38.111344,huobi,0.13717,0.13747,1521.723,1807.1193
2025-07-25T08:16:38.136446,bitmart,0.13743,0.13784,43874.0,19184.0
2025-07-25T08:16:38.164324,lbank,0.13734,0.13749,2744.22,258.84
2025-07-25T08:16:38.220132,bybit,0.0,0.0,0.0,0.0
2025-07-25T08:16:38.221125,bingx,0.13747,0.13751,136.55,1530.31
2025-07-25T08:16:38.243623,bitget,0.13765,0.13771,4726.0,2271.0
2025-07-25T08:16:38.382818,mexc,0.13763,0.13764,546258.0,546258.0
2025-07-25T08:16:38.395141,bitget,0.13765,0.13771,4726.0,2126.0
2025-07-25T08:16:38.520159,bybit,0.0,0.0,0.0,0.0
2025-07-25T08:16:38.547159,bitget,0.13768,0.13771,7088.0,2126.0
2025-07-25T08:16:38.563340,blofin,0.13763,0.13764,115.0,69.0
2025-07-25T08:16:38.610259,huobi,0.13719,0.13747,125.4108,1807.1193
2025-07-25T08:16:38.692422,bitget,0.13768,0.13771,7088.0,2126.0
2025-07-25T08:16:38.846464,bitget,0.13768,0.13771,7088.0,2126.0
2025-07-25T08:16:38.992145,bitget,0.13768,0.13771,7088.0,2126.0
2025-07-25T08:16:39.042222,blofin,0.13763,0.13764,115.0,69.0
2025-07-25T08:16:39.103951,bitmart,0.13743,0.13784,43874.0,19184.0
2025-07-25T08:16:39.118088,bingx,0.13747,0.13751,136.55,1530.31
2025-07-25T08:16:39.510428,huobi,0.13719,0.13747,125.4108,1807.1193
2025-07-25T08:16:39.556907,blofin,0.13763,0.13764,115.0,69.0
2025-07-25T08:16:39.616133,huobi,0.13715,0.13747,1647.1338,1807.1193
2025-07-25T08:16:39.743733,bitget,0.13765,0.13771,4726.0,2126.0
2025-07-25T08:16:39.820051,bybit,0.13755,0.0,945.0,0.0
2025-07-25T08:16:39.902482,bitget,0.13768,0.13771,7088.0,2126.0
2025-07-25T08:16:40.024227,bingx,0.13747,0.13751,136.55,1530.31
2025-07-25T08:16:40.045125,bitget,0.13768,0.13771,7088.0,2271.0
2025-07-25T08:16:40.055809,blofin,0.13763,0.13764,121.0,48.0
2025-07-25T08:16:40.108570,bitmart,0.13743,0.13784,43874.0,19184.0
2025-07-25T08:16:40.111341,huobi,0.13716,0.13747,1521.723,1807.1193
2025-07-25T08:16:40.192871,bitget,0.13768,0.13771,7088.0,2126.0
2025-07-25T08:16:40.378693,lbank,0.13726,0.1375,2541.65,1090.64
2025-07-25T08:16:40.378734,lbank,0.13726,0.1375,2541.65,1090.64
2025-07-25T08:16:40.433256,lbank,0.13726,0.1375,2541.65,1090.64
2025-07-25T08:16:40.441686,lbank,0.13726,0.1375,2541.65,1090.64
2025-07-25T08:16:40.494487,bitget,0.13768,0.13771,7088.0,2126.0
2025-07-25T08:16:40.539956,blofin,0.13763,0.13764,121.0,48.0
2025-07-25T08:16:40.656338,lbank,0.13726,0.1375,2541.65,1090.64
2025-07-25T08:16:40.738081,mexc,0.13763,0.13764,546258.0,546258.0
2025-07-25T08:16:40.811412,huobi,0.13717,0.13747,1521.723,1807.1193
2025-07-25T08:16:40.923448,bingx,0.13747,0.13751,136.55,1530.31
2025-07-25T08:16:41.052557,blofin,0.13763,0.13764,121.0,48.0
2025-07-25T08:16:41.110140,huobi,0.13732,0.13747,458.2237,1807.1193
2025-07-25T08:16:41.121333,bitmart,0.13743,0.13784,43874.0,19184.0
2025-07-25T08:16:41.213042,huobi,0.13717,0.13747,1521.723,1807.1193
2025-07-25T08:16:41.220509,bybit,0.0,0.0,0.0,0.0
2025-07-25T08:16:41.223213,bingx,0.13747,0.13751,136.55,1530.31
2025-07-25T08:16:41.253738,bitget,0.13768,0.13771,7088.0,2126.0
2025-07-25T08:16:41.393775,bitget,0.13768,0.13771,7088.0,2126.0
2025-07-25T08:16:41.543748,bitget,0.13766,0.13771,1238.0,2126.0
2025-07-25T08:16:41.553683,blofin,0.13763,0.13764,121.0,48.0
2025-07-25T08:16:42.059839,blofin,0.13763,0.13764,121.0,48.0
2025-07-25T08:16:42.109388,huobi,0.13718,0.13747,125.4108,1807.1193
2025-07-25T08:16:42.120333,bitmart,0.13743,0.13784,43874.0,19184.0
2025-07-25T08:16:42.123708,bingx,0.13747,0.13751,136.55,1530.31
2025-07-25T08:16:42.149142,bitget,0.13768,0.13771,7088.0,2126.0
2025-07-25T08:16:42.158076,lbank,0.13726,0.1375,2541.65,1090.64
2025-07-25T08:16:42.211099,huobi,0.13715,0.13747,1647.1338,1807.1193
2025-07-25T08:16:42.295318,bitget,0.13768,0.13771,7088.0,2126.0
2025-07-25T08:16:42.552907,blofin,0.13763,0.13764,121.0,48.0
2025-07-25T08:16:42.596542,bitget,0.13766,0.13771,1238.0,2126.0
2025-07-25T08:16:42.612029,huobi,0.13716,0.13747,1521.723,1807.1193
2025-07-25T08:16:42.656861,lbank,0.13726,0.1375,2541.65,1090.64
2025-07-25T08:16:43.035850,bingx,0.13747,0.13751,136.55,1530.31
2025-07-25T08:16:43.045889,bitget,0.13765,0.13771,4726.0,2126.0
2025-07-25T08:16:43.057582,blofin,0.13763,0.13764,3.0,88.0
2025-07-25T08:16:43.103858,bitmart,0.13743,0.13784,43874.0,19184.0
2025-07-25T08:16:43.119975,mexc,0.13763,0.13764,546258.0,546258.0
2025-07-25T08:16:43.156071,lbank,0.13726,0.1375,2541.65,1090.64
2025-07-25T08:16:43.210132,huobi,0.13731,0.13747,476.7299,1807.1193
2025-07-25T08:16:43.310564,huobi,0.13718,0.13747,1521.723,1807.1193
2025-07-25T08:16:43.345143,bitget,0.13768,0.13771,7088.0,2126.0
2025-07-25T08:16:43.493136,gateio,0.13746,0.1376,32.0,32.0
2025-07-25T08:16:43.519925,bybit,0.13754,0.0,238.0,0.0
2025-07-25T08:16:43.549338,gateio,0.13746,0.1376,68.0,32.0
2025-07-25T08:16:43.550025,blofin,0.13763,0.13764,3.0,88.0
2025-07-25T08:16:43.574685,gateio,0.13747,0.1376,32.0,32.0
2025-07-25T08:16:43.646894,bitget,0.13765,0.13771,4726.0,2126.0
2025-07-25T08:16:43.656953,lbank,0.13726,0.1375,2541.65,1090.64
2025-07-25T08:16:43.764533,gateio,0.13747,0.1376,35.0,32.0
2025-07-25T08:16:43.788773,gateio,0.13747,0.1376,32.0,32.0
2025-07-25T08:16:43.802163,bitget,0.13765,0.13767,4126.0,7088.0
2025-07-25T08:16:43.811747,huobi,0.13717,0.13747,125.4108,1807.1193
2025-07-25T08:16:43.911596,huobi,0.13714,0.13747,1423.6902,1807.1193
2025-07-25T08:16:43.932564,bingx,0.13748,0.13754,136.55,1530.31
2025-07-25T08:16:43.945101,bitget,0.13765,0.13767,4126.0,7088.0
2025-07-25T08:16:44.009684,huobi,0.13715,0.13747,125.4108,1807.1193
2025-07-25T08:16:44.055763,blofin,0.13762,0.13763,4.0,51.0
2025-07-25T08:16:44.097581,bitget,0.13765,0.13767,4126.0,7088.0
2025-07-25T08:16:44.104008,bitmart,0.13743,0.13784,43874.0,19184.0
2025-07-25T08:16:44.157666,lbank,0.13726,0.1375,2541.65,1090.64
2025-07-25T08:16:44.232557,bingx,0.13747,0.13751,136.55,1530.31
2025-07-25T08:16:44.308727,huobi,0.13716,0.13747,1521.723,1807.1193
2025-07-25T08:16:44.560770,blofin,0.13762,0.13763,4.0,51.0
2025-07-25T08:16:44.713567,huobi,0.13715,0.13747,125.4108,1807.1193
2025-07-25T08:16:44.809119,huobi,0.13732,0.13747,539.8994,1807.1193
2025-07-25T08:16:44.909729,huobi,0.13716,0.13747,6206.7825,1807.1193
2025-07-25T08:16:44.999836,bitget,0.13765,0.13767,4126.0,7088.0
2025-07-25T08:16:45.057941,blofin,0.13762,0.13763,4.0,51.0
2025-07-25T08:16:45.076816,bitmart,0.13743,0.13784,43874.0,19184.0
2025-07-25T08:16:45.143471,bingx,0.13747,0.13751,136.55,1530.31
2025-07-25T08:16:45.284165,lbank,0.13726,0.1375,2541.65,1090.64
2025-07-25T08:16:45.295983,bitget,0.13765,0.13767,4126.0,7088.0
2025-07-25T08:16:45.512044,mexc,0.13762,0.13763,546258.0,546258.0
2025-07-25T08:16:45.561222,blofin,0.13762,0.13763,4.0,51.0
2025-07-25T08:16:45.668628,lbank,0.13726,0.13749,4281.77,3119.17
2025-07-25T08:16:45.809122,huobi,0.13717,0.13747,1647.1338,1807.1193
2025-07-25T08:16:46.008422,huobi,0.13718,0.13747,1521.723,1807.1193
2025-07-25T08:16:46.040713,bingx,0.13747,0.13751,136.55,1530.31
2025-07-25T08:16:46.067727,blofin,0.13762,0.13763,12.0,109.0
2025-07-25T08:16:46.071153,bitmart,0.13743,0.13784,43874.0,19184.0
2025-07-25T08:16:46.156415,lbank,0.13726,0.13749,4281.77,3119.17
2025-07-25T08:16:46.409291,huobi,0.1372,0.13747,125.4108,1807.1193
2025-07-25T08:16:46.552727,blofin,0.13762,0.13763,12.0,109.0
2025-07-25T08:16:46.816520,huobi,0.13715,0.13747,125.4108,1807.1193
2025-07-25T08:16:46.946775,bingx,0.13744,0.13754,1011.72,1635.91
2025-07-25T08:16:47.067838,blofin,0.13762,0.13763,12.0,109.0
2025-07-25T08:16:47.125326,bitmart,0.13743,0.13784,43874.0,19184.0
2025-07-25T08:16:47.158738,lbank,0.13726,0.13749,4281.77,3119.17
2025-07-25T08:16:47.246238,bingx,0.13742,0.13751,1011.72,1635.91
2025-07-25T08:16:47.314118,huobi,0.13715,0.13747,125.4108,1807.1193
2025-07-25T08:16:47.470628,gateio,0.13748,0.1376,32.0,32.0
2025-07-25T08:16:47.519827,bybit,0.13754,0.0,474.0,0.0
2025-07-25T08:16:47.543861,blofin,0.13762,0.13763,12.0,109.0
2025-07-25T08:16:47.548536,bitget,0.13765,0.13767,4126.0,7088.0
2025-07-25T08:16:47.655985,lbank,0.13726,0.13749,4281.77,3119.17
2025-07-25T08:16:47.872573,mexc,0.13762,0.13763,546258.0,546258.0
2025-07-25T08:16:48.046600,blofin,0.13762,0.13763,12.0,109.0
2025-07-25T08:16:48.076562,bitmart,0.13743,0.13784,43874.0,19184.0
2025-07-25T08:16:48.144741,bingx,0.13742,0.13751,1011.72,1635.91
2025-07-25T08:16:48.159528,lbank,0.13726,0.13749,4281.77,3119.17
2025-07-25T08:16:48.210226,huobi,0.13716,0.13747,1521.723,1807.1193
2025-07-25T08:16:48.519969,bybit,0.13755,0.0,406.0,0.0
2025-07-25T08:16:48.536126,blofin,0.13762,0.13763,12.0,109.0
2025-07-25T08:16:48.599411,bitget,0.13766,0.13767,456.0,7088.0
2025-07-25T08:16:48.607608,gateio,0.13748,0.13761,32.0,142.0
2025-07-25T08:16:48.611163,huobi,0.13715,0.13747,125.4108,1807.1193
2025-07-25T08:16:48.656806,lbank,0.13726,0.13749,4281.77,3119.17
2025-07-25T08:16:48.710723,huobi,0.13717,0.13747,1521.723,1807.1193
2025-07-25T08:16:48.900493,bitget,0.13766,0.13767,456.0,7088.0
2025-07-25T08:16:48.914720,huobi,0.13719,0.13747,125.4108,1807.1193
2025-07-25T08:16:48.919960,bybit,0.13755,0.0,898.0,0.0
2025-07-25T08:16:49.012743,huobi,0.13717,0.13747,125.4108,1807.1193
2025-07-25T08:16:49.019749,bybit,0.13755,0.0,971.0,0.0
2025-07-25T08:16:49.047695,bingx,0.13739,0.13748,1011.72,1635.91
2025-07-25T08:16:49.049752,bitget,0.13768,0.1377,7088.0,145.0
2025-07-25T08:16:49.070872,blofin,0.13762,0.13763,12.0,109.0
2025-07-25T08:16:49.114915,huobi,0.13718,0.13747,1521.723,1807.1193
2025-07-25T08:16:49.136495,bitmart,0.13743,0.13784,43874.0,19184.0
2025-07-25T08:16:49.157427,lbank,0.13726,0.13749,4281.77,3119.17
2025-07-25T08:16:49.198216,bitget,0.13769,0.13771,456.0,2126.0
2025-07-25T08:16:49.214138,huobi,0.13717,0.13747,125.4108,1807.1193
2025-07-25T08:16:49.350660,bingx,0.13741,0.1375,1011.72,1635.91
2025-07-25T08:16:49.351762,bitget,0.13768,0.13771,7088.0,2126.0
2025-07-25T08:16:49.499431,bitget,0.13768,0.13771,7088.0,2126.0
2025-07-25T08:16:49.516044,huobi,0.13714,0.13747,1423.6902,1807.1193
2025-07-25T08:16:49.562416,blofin,0.13762,0.13763,12.0,109.0
2025-07-25T08:16:49.611486,huobi,0.13722,0.13747,1521.723,1807.1193
2025-07-25T08:16:49.657250,lbank,0.13726,0.13748,340.29,824.57
2025-07-25T08:16:49.665047,bingx,0.13742,0.13751,1011.72,1635.91
2025-07-25T08:16:49.800472,bitget,0.13768,0.13771,7088.0,2126.0
2025-07-25T08:16:49.920110,bybit,0.13755,0.0,2121.0,0.0
2025-07-25T08:16:49.948275,bitget,0.13768,0.13771,7088.0,2126.0
2025-07-25T08:16:50.054539,blofin,0.13765,0.13766,43.0,6.0
2025-07-25T08:16:50.114554,huobi,0.13717,0.13747,1521.723,1807.1193
2025-07-25T08:16:50.119663,bybit,0.13755,0.0,2848.0,0.0
2025-07-25T08:16:50.123044,bitmart,0.13743,0.13784,43874.0,19184.0
2025-07-25T08:16:50.220416,huobi,0.13716,0.13747,125.4108,1807.1193
2025-07-25T08:16:50.247574,mexc,0.13762,0.13763,546258.0,546258.0
2025-07-25T08:16:50.249943,bitget,0.13768,0.13771,7088.0,2126.0
2025-07-25T08:16:50.249980,bingx,0.13742,0.13751,1011.72,1635.91
2025-07-25T08:16:50.399483,bitget,0.13768,0.13771,7088.0,2126.0
2025-07-25T08:16:50.510263,huobi,0.13717,0.13747,1521.723,1807.1193
2025-07-25T08:16:50.544900,blofin,0.13765,0.13766,43.0,6.0
2025-07-25T08:16:50.549437,bitget,0.13768,0.13771,7088.0,2126.0
2025-07-25T08:16:50.655989,lbank,0.13726,0.13748,682.13,262.36
2025-07-25T08:16:50.698815,bitget,0.13768,0.13771,7088.0,2126.0
2025-07-25T08:16:50.787467,gateio,0.13748,0.13761,68.0,142.0
2025-07-25T08:16:50.850578,bitget,0.13768,0.13771,7088.0,2126.0
2025-07-25T08:16:51.001837,bitget,0.13769,0.13771,456.0,2126.0
2025-07-25T08:16:51.053069,blofin,0.13765,0.13766,43.0,6.0
2025-07-25T08:16:51.122403,bitmart,0.13743,0.13784,43874.0,19184.0
2025-07-25T08:16:51.156576,lbank,0.13726,0.13748,682.13,262.36
2025-07-25T08:16:51.158937,bingx,0.13742,0.13751,1011.72,1635.91
2025-07-25T08:16:51.319468,bybit,0.13754,0.13756,1844.0,2680.0
2025-07-25T08:16:51.338841,gateio,0.13749,0.13761,32.0,142.0
2025-07-25T08:16:51.413660,huobi,0.13719,0.13747,1521.723,87.3705
2025-07-25T08:16:51.420196,bybit,0.13754,0.0,1724.0,0.0
2025-07-25T08:16:51.436989,gateio,0.13749,0.13761,70.0,142.0
2025-07-25T08:16:51.450051,bitget,0.13768,0.13771,7088.0,2126.0
2025-07-25T08:16:51.511496,huobi,0.13716,0.13757,1521.723,1703.084
2025-07-25T08:16:51.554474,blofin,0.13765,0.13766,43.0,6.0
2025-07-25T08:16:51.599255,bitget,0.13768,0.13771,7088.0,2126.0
2025-07-25T08:16:51.612583,huobi,0.13716,0.13735,1521.723,537.2408
2025-07-25T08:16:51.620685,bybit,0.13755,0.0,1138.0,0.0
2025-07-25T08:16:51.656878,lbank,0.13726,0.13748,682.13,262.36
2025-07-25T08:16:51.711242,huobi,0.13717,0.13753,1521.723,892.0028
2025-07-25T08:16:51.752331,bitget,0.13768,0.13771,7088.0,2126.0
2025-07-25T08:16:51.919689,bybit,0.13755,0.0,1904.0,0.0
2025-07-25T08:16:52.019824,bybit,0.13755,0.0,2287.0,0.0
2025-07-25T08:16:52.042040,bitmart,0.13743,0.13784,43874.0,19184.0
2025-07-25T08:16:52.051041,bitget,0.13768,0.13771,7088.0,2126.0
2025-07-25T08:16:52.052233,blofin,0.13765,0.13766,43.0,6.0
2025-07-25T08:16:52.054574,bingx,0.13742,0.13751,1011.72,1635.91
2025-07-25T08:16:52.156854,lbank,0.13726,0.13748,682.13,262.36
2025-07-25T08:16:52.178617,gateio,0.1375,0.13761,31.0,142.0
2025-07-25T08:16:52.320390,bybit,0.13755,0.0,2890.0,0.0
2025-07-25T08:16:52.499656,bitget,0.13768,0.13771,7088.0,2126.0
2025-07-25T08:16:52.556962,blofin,0.13765,0.13766,43.0,6.0
2025-07-25T08:16:52.620197,bybit,0.0,0.0,0.0,0.0
2025-07-25T08:16:52.623717,mexc,0.13765,0.13766,546258.0,546258.0
2025-07-25T08:16:52.628232,huobi,0.13718,0.13753,1521.723,892.0028
2025-07-25T08:16:52.718922,huobi,0.13719,0.13751,1521.723,892.3838
2025-07-25T08:16:52.801920,bitget,0.13769,0.13771,2000.0,2271.0
2025-07-25T08:16:52.809966,huobi,0.1372,0.1375,1521.723,779.677
2025-07-25T08:16:52.819877,bybit,0.13755,0.0,3493.0,0.0
2025-07-25T08:16:52.910366,huobi,0.13714,0.13747,1423.6902,999.626
2025-07-25T08:16:52.950590,bitget,0.13769,0.13771,2000.0,2126.0
2025-07-25T08:16:52.961270,bingx,0.13739,0.13747,1011.72,1635.91
2025-07-25T08:16:53.010950,huobi,0.13715,0.13747,125.4108,999.626
2025-07-25T08:16:53.050146,blofin,0.13765,0.13766,153.0,43.0
2025-07-25T08:16:53.133259,bitmart,0.13743,0.13784,43874.0,19184.0
2025-07-25T08:16:53.157676,lbank,0.13726,0.13748,682.13,262.36
2025-07-25T08:16:53.219841,bybit,0.0,0.0,0.0,0.0
2025-07-25T08:16:53.259171,bingx,0.13742,0.13751,1011.72,1635.91
2025-07-25T08:16:53.550504,blofin,0.13765,0.13766,153.0,43.0
2025-07-25T08:16:53.656291,lbank,0.13734,0.13747,618.52,262.36
2025-07-25T08:16:53.710960,huobi,0.13715,0.13747,125.4108,999.626
2025-07-25T08:16:53.852129,bitget,0.13769,0.13771,2000.0,2126.0
2025-07-25T08:16:54.009599,huobi,0.13717,0.13757,1521.723,779.677
2025-07-25T08:16:54.070136,blofin,0.13765,0.13766,153.0,43.0
2025-07-25T08:16:54.113994,huobi,0.13716,0.13763,1521.723,1099.0625
2025-07-25T08:16:54.121774,bitmart,0.13743,0.13784,43874.0,19184.0
2025-07-25T08:16:54.150637,bitget,0.13769,0.13771,2000.0,2126.0
2025-07-25T08:16:54.159028,lbank,0.13734,0.13747,618.52,262.36
2025-07-25T08:16:54.159604,bingx,0.13742,0.13751,1011.72,1635.91
2025-07-25T08:16:54.210727,huobi,0.13717,0.13763,1521.723,1099.0625
2025-07-25T08:16:54.220151,bybit,0.13755,0.0,3900.0,0.0
2025-07-25T08:16:54.271318,gateio,0.1375,0.13761,99.0,142.0
2025-07-25T08:16:54.537721,blofin,0.13765,0.13766,153.0,43.0
2025-07-25T08:16:54.608967,huobi,0.13716,0.13762,1521.723,1587.655
2025-07-25T08:16:54.668109,lbank,0.13736,0.13748,618.52,262.36
2025-07-25T08:16:54.709845,huobi,0.13717,0.13761,1521.723,1059.107
2025-07-25T08:16:54.751857,bitget,0.13769,0.13771,2000.0,2126.0
2025-07-25T08:16:54.901213,bitget,0.13769,0.13771,2000.0,2126.0
2025-07-25T08:16:55.036017,mexc,0.13765,0.13766,546258.0,546258.0
2025-07-25T08:16:55.056618,blofin,0.13765,0.13766,153.0,43.0
2025-07-25T08:16:55.064996,bingx,0.13742,0.13751,1011.72,1635.91
2025-07-25T08:16:55.090722,bitmart,0.13743,0.13784,43874.0,19184.0
2025-07-25T08:16:55.274878,lbank,0.13736,0.13748,618.52,262.36
2025-07-25T08:16:55.420330,bybit,0.13755,0.0,5118.0,0.0
2025-07-25T08:16:55.509770,huobi,0.13717,0.13739,1521.723,512.1629
2025-07-25T08:16:55.560664,blofin,0.13765,0.13766,180.0,33.0
2025-07-25T08:16:55.610209,huobi,0.13719,0.13753,125.4108,87.3705
2025-07-25T08:16:55.653629,bitget,0.13769,0.13771,2000.0,2126.0
2025-07-25T08:16:55.656046,lbank,0.13736,0.13748,618.52,262.36
2025-07-25T08:16:55.708541,huobi,0.13715,0.1376,1647.1338,1587.655
2025-07-25T08:16:55.719531,bybit,0.13755,0.0,5547.0,0.0
2025-07-25T08:16:55.809096,huobi,0.13715,0.13759,125.4108,1157.1565
2025-07-25T08:16:55.908507,huobi,0.13717,0.13759,1521.723,1157.1565
2025-07-25T08:16:55.952349,bitget,0.13769,0.13771,2000.0,2126.0
2025-07-25T08:16:55.976359,bingx,0.13741,0.13755,400.0,3438.31
2025-07-25T08:16:56.055716,blofin,0.13765,0.13766,180.0,33.0
2025-07-25T08:16:56.059203,bitmart,0.13743,0.13784,43874.0,19184.0
2025-07-25T08:16:56.156518,lbank,0.13736,0.13748,618.52,262.36
2025-07-25T08:16:56.219849,bybit,0.0,0.0,0.0,0.0
2025-07-25T08:16:56.419758,bybit,0.13755,0.0,5975.0,0.0
2025-07-25T08:16:56.520357,bybit,0.13755,0.0,6702.0,0.0
2025-07-25T08:16:56.544590,blofin,0.13765,0.13766,180.0,33.0
2025-07-25T08:16:56.609391,huobi,0.13715,0.13758,125.4108,779.677
2025-07-25T08:16:56.620252,bybit,0.13755,0.0,5547.0,0.0
2025-07-25T08:16:56.656469,lbank,0.13736,0.13748,618.52,262.36
2025-07-25T08:16:56.703772,bitget,0.13769,0.13771,2000.0,2126.0
2025-07-25T08:16:56.709669,huobi,0.13716,0.13755,1521.723,1069.786
2025-07-25T08:16:56.721362,gateio,0.13751,0.13761,31.0,142.0
2025-07-25T08:16:56.811584,huobi,0.13717,0.13763,125.4108,1069.786
2025-07-25T08:16:56.852451,bitget,0.13769,0.13771,2000.0,2126.0
2025-07-25T08:16:56.872649,bingx,0.13741,0.13755,400.0,3438.31
2025-07-25T08:16:56.910426,huobi,0.13717,0.13762,1521.723,1587.655
2025-07-25T08:16:57.003882,bitget,0.13769,0.13771,2000.0,2126.0
2025-07-25T08:16:57.011641,huobi,0.13717,0.13761,1521.723,1936.8335
2025-07-25T08:16:57.050868,blofin,0.13765,0.13766,180.0,33.0
2025-07-25T08:16:57.119424,bybit,0.13755,0.0,5995.0,0.0
2025-07-25T08:16:57.123947,bitmart,0.13743,0.13784,43874.0,19184.0
2025-07-25T08:16:57.157280,lbank,0.13736,0.13748,618.52,262.36
2025-07-25T08:16:57.219884,bybit,0.1376,0.13761,571.0,164.0
2025-07-25T08:16:57.304404,gateio,0.13751,0.13765,31.0,31.0
2025-07-25T08:16:57.306372,bitget,0.13771,0.13772,2126.0,7088.0
2025-07-25T08:16:57.320060,bybit,0.0,0.13764,0.0,236.0
2025-07-25T08:16:57.327532,gateio,0.13751,0.1377,31.0,32.0
2025-07-25T08:16:57.358231,gateio,0.13751,0.1377,67.0,32.0
2025-07-25T08:16:57.369844,gateio,0.13752,0.1377,31.0,32.0
2025-07-25T08:16:57.416470,mexc,0.13765,0.13766,546258.0,546258.0
2025-07-25T08:16:57.419752,bybit,0.13763,0.13767,182.0,236.0
2025-07-25T08:16:57.452890,bitget,0.13773,0.13776,7088.0,2126.0
2025-07-25T08:16:57.519813,bybit,0.13775,0.13778,571.0,1278.0
2025-07-25T08:16:57.548491,blofin,0.13765,0.13766,180.0,33.0
2025-07-25T08:16:57.557557,huobi,0.13717,0.13761,1521.723,1157.1565
2025-07-25T08:16:57.590203,gateio,0.13752,0.13772,31.0,50.0
2025-07-25T08:16:57.607348,bitget,0.13779,0.13782,526.0,2126.0
2025-07-25T08:16:57.611324,huobi,0.13718,0.13775,811.6704,811.6704
2025-07-25T08:16:57.623192,bybit,0.1377,0.13774,303.0,788.0
2025-07-25T08:16:57.640852,gateio,0.13752,0.13771,31.0,31.0
2025-07-25T08:16:57.718836,huobi,0.13718,0.13775,937.0812,899.0409
2025-07-25T08:16:57.719926,bybit,0.13771,0.13772,61.0,1747.0
2025-07-25T08:16:57.741925,gateio,0.13752,0.1377,31.0,142.0
2025-07-25T08:16:57.753132,gateio,0.13752,0.13769,31.0,31.0
2025-07-25T08:16:57.753180,bitget,0.13778,0.13784,7088.0,889.0
2025-07-25T08:16:57.778968,bingx,0.13755,0.1377,400.0,3438.31
2025-07-25T08:16:57.819680,bybit,0.13769,0.1377,217.0,631.0
2025-07-25T08:16:57.903955,bitget,0.13779,0.13781,2126.0,1651.0
2025-07-25T08:16:57.920109,bybit,0.0,0.0,0.0,0.0
2025-07-25T08:16:58.009605,huobi,0.13718,0.13775,937.0812,899.0409
2025-07-25T08:16:58.019559,bybit,0.0,0.0,0.0,0.0
2025-07-25T08:16:58.054160,bitget,0.13779,0.13781,2126.0,4540.0
2025-07-25T08:16:58.064047,blofin,0.13771,0.13775,157.0,14.0
2025-07-25T08:16:58.074573,bitmart,0.13753,0.13796,8575.0,10662.0
2025-07-25T08:16:58.079233,bingx,0.13754,0.13768,400.0,3438.31
2025-07-25T08:16:58.156501,lbank,0.13722,0.13748,1109.9,818.63
2025-07-25T08:16:58.204512,bitget,0.13778,0.13781,7088.0,4540.0
2025-07-25T08:16:58.212020,huobi,0.13718,0.13775,125.4108,899.0409
2025-07-25T08:16:58.309564,huobi,0.13718,0.13775,1127.9207,899.0409
2025-07-25T08:16:58.319979,bybit,0.13764,0.13768,368.0,335.0
2025-07-25T08:16:58.355919,bitget,0.13778,0.1378,7088.0,867.0
2025-07-25T08:16:58.379565,bingx,0.13753,0.13767,400.0,3438.31
2025-07-25T08:16:58.412184,huobi,0.13718,0.13775,125.4108,899.0409
2025-07-25T08:16:58.419664,bybit,0.13764,0.13767,37.0,726.0
2025-07-25T08:16:58.504531,bitget,0.13774,0.13776,2726.0,7088.0
2025-07-25T08:16:58.519586,bybit,0.13766,0.13767,244.0,233.0
2025-07-25T08:16:58.558630,blofin,0.13771,0.13775,157.0,14.0
2025-07-25T08:16:58.654883,bitget,0.13773,0.13775,7088.0,1489.0
2025-07-25T08:16:58.656318,lbank,0.13737,0.13755,596.59,2956.73
2025-07-25T08:16:58.677190,bingx,0.1375,0.13765,400.0,3438.31
2025-07-25T08:16:58.806604,bitget,0.13773,0.13775,7088.0,1489.0
2025-07-25T08:16:58.904473,gateio,0.13752,0.13769,78.0,31.0
2025-07-25T08:16:58.913000,huobi,0.13719,0.13774,1521.723,779.677
2025-07-25T08:16:58.928392,gateio,0.13753,0.13769,31.0,31.0
2025-07-25T08:16:58.955100,bitget,0.13773,0.13775,7088.0,1489.0
2025-07-25T08:16:59.009578,huobi,0.13719,0.13773,1521.723,1067.6208
2025-07-25T08:16:59.050860,blofin,0.13768,0.13773,6.0,10.0
2025-07-25T08:16:59.103888,bitget,0.13773,0.13775,7088.0,1489.0
2025-07-25T08:16:59.136179,bitmart,0.13749,0.1379,1862.0,7456.0
2025-07-25T08:16:59.157714,lbank,0.13737,0.13761,596.59,2833.34
2025-07-25T08:16:59.160948,gateio,0.13753,0.13769,96.0,31.0
2025-07-25T08:16:59.225567,gateio,0.13754,0.13769,31.0,31.0
2025-07-25T08:16:59.253854,bitget,0.13773,0.13775,7088.0,1489.0
2025-07-25T08:16:59.287861,bingx,0.13749,0.13764,400.0,3438.31
2025-07-25T08:16:59.310732,huobi,0.13721,0.13771,1521.723,1044.1711
2025-07-25T08:16:59.531226,blofin,0.13768,0.13773,6.0,10.0
2025-07-25T08:16:59.583384,bingx,0.13748,0.13762,400.0,3438.31
2025-07-25T08:16:59.655719,lbank,0.13734,0.13759,60.46,519.86
2025-07-25T08:16:59.810245,mexc,0.13773,0.13774,546258.0,546258.0
2025-07-25T08:17:00.006883,bitget,0.13773,0.13775,7088.0,1489.0
2025-07-25T08:17:00.043405,huobi,0.13714,0.13769,1423.6902,1005.93
2025-07-25T08:17:00.079551,blofin,0.13768,0.13773,6.0,10.0
2025-07-25T08:17:00.133275,bitmart,0.1375,0.1379,36815.0,7456.0
2025-07-25T08:17:00.142475,huobi,0.13715,0.13769,1647.1338,1005.93
2025-07-25T08:17:00.359286,bitget,0.13773,0.13775,7088.0,1489.0
2025-07-25T08:17:00.482898,bingx,0.13748,0.13762,400.0,3438.31
2025-07-25T08:17:00.543506,blofin,0.13768,0.13773,6.0,10.0
2025-07-25T08:17:00.605636,bitget,0.13773,0.13775,7088.0,1489.0
2025-07-25T08:17:00.720985,bybit,0.13764,0.0,415.0,0.0
2025-07-25T08:17:00.756626,bitget,0.13773,0.13775,7088.0,1489.0
2025-07-25T08:17:00.808359,huobi,0.13715,0.13768,125.4108,779.677
2025-07-25T08:17:00.852807,gateio,0.13754,0.13769,67.0,31.0
2025-07-25T08:17:00.915268,huobi,0.13716,0.13767,1521.723,1014.615
2025-07-25T08:17:00.921303,bybit,0.13765,0.0,219.0,0.0
2025-07-25T08:17:01.004850,gateio,0.13754,0.13769,103.0,31.0
2025-07-25T08:17:01.009187,huobi,0.13715,0.13765,125.4108,1095.2205
2025-07-25T08:17:01.055905,bitget,0.13773,0.13775,7088.0,1634.0
2025-07-25T08:17:01.074878,blofin,0.13768,0.13773,6.0,10.0
2025-07-25T08:17:01.119614,bybit,0.13764,0.0,415.0,0.0
2025-07-25T08:17:01.133750,bitmart,0.1375,0.1379,36815.0,7456.0
2025-07-25T08:17:01.161962,lbank,0.13734,0.13758,60.46,259.93
2025-07-25T08:17:01.207234,bitget,0.13773,0.13775,7088.0,1489.0
2025-07-25T08:17:01.319846,bybit,0.0,0.13765,0.0,239.0
2025-07-25T08:17:01.358982,bitget,0.13773,0.13775,7088.0,1489.0
2025-07-25T08:17:01.395006,bingx,0.13748,0.13762,400.0,3438.31
2025-07-25T08:17:01.564632,gateio,0.13755,0.13769,32.0,31.0
2025-07-25T08:17:01.566202,blofin,0.13769,0.13771,243.0,11.0
2025-07-25T08:17:01.611015,huobi,0.13715,0.13763,125.4108,1027.29
2025-07-25T08:17:01.655461,bitget,0.13773,0.13775,7088.0,1489.0
2025-07-25T08:17:01.655959,lbank,0.13731,0.13758,2327.16,259.93
2025-07-25T08:17:01.712202,huobi,0.13715,0.13761,125.4108,2453.9351
2025-07-25T08:17:02.004146,bingx,0.13747,0.13761,400.0,3438.31
2025-07-25T08:17:02.059963,blofin,0.13769,0.13771,243.0,11.0
2025-07-25T08:17:02.139203,bitmart,0.1375,0.1379,36815.0,7456.0
2025-07-25T08:17:02.156605,lbank,0.13731,0.13756,402.61,259.93
2025-07-25T08:17:02.220905,bybit,0.0,0.0,0.0,0.0
2025-07-25T08:17:02.228965,mexc,0.13773,0.13774,546258.0,546258.0
2025-07-25T08:17:02.308550,huobi,0.13716,0.1376,1521.723,87.3705
2025-07-25T08:17:02.320112,bybit,0.13764,0.0,37.0,0.0
2025-07-25T08:17:02.407838,huobi,0.13717,0.13759,1521.723,1004.3905
2025-07-25T08:17:02.543673,blofin,0.13769,0.13771,243.0,11.0
2025-07-25T08:17:02.559089,bitget,0.13773,0.13775,7088.0,1489.0
2025-07-25T08:17:02.656419,lbank,0.13731,0.13756,402.61,259.93
2025-07-25T08:17:02.705699,bitget,0.13773,0.13775,7088.0,1489.0
2025-07-25T08:17:02.897299,bingx,0.13747,0.13761,400.0,3438.31
2025-07-25T08:17:03.007851,bitget,0.13773,0.13775,7088.0,1489.0
2025-07-25T08:17:03.071670,blofin,0.13769,0.13771,243.0,11.0
2025-07-25T08:17:03.112946,huobi,0.13718,0.13759,1521.723,1004.3905
2025-07-25T08:17:03.126845,bitmart,0.1375,0.1379,36815.0,7456.0
2025-07-25T08:17:03.156435,lbank,0.13731,0.13756,402.61,259.93
2025-07-25T08:17:03.216020,huobi,0.13715,0.13757,125.4108,958.9807
2025-07-25T08:17:03.309433,huobi,0.13717,0.13756,125.4108,87.3705
2025-07-25T08:17:03.416279,huobi,0.13717,0.13755,125.4108,982.1455
2025-07-25T08:17:03.550945,blofin,0.13769,0.13771,243.0,11.0
2025-07-25T08:17:03.791933,bingx,0.13747,0.13761,400.0,3438.31
2025-07-25T08:17:04.058708,blofin,0.13769,0.13771,243.0,11.0
2025-07-25T08:17:04.090406,bitmart,0.1375,0.1379,36815.0,7456.0
2025-07-25T08:17:04.155995,lbank,0.13731,0.13756,402.61,259.93
2025-07-25T08:17:04.548465,blofin,0.13769,0.13771,243.0,11.0
2025-07-25T08:17:04.585404,mexc,0.13773,0.13774,546258.0,546258.0
2025-07-25T08:17:04.657342,lbank,0.13731,0.13756,402.61,259.93
2025-07-25T08:17:04.697134,bingx,0.13747,0.13761,400.0,3438.31
2025-07-25T08:17:04.808650,huobi,0.13717,0.13754,125.4108,87.3705
2025-07-25T08:17:04.907803,huobi,0.13721,0.13753,4685.0595,983.1907
2025-07-25T08:17:04.959158,bitget,0.13773,0.13775,7088.0,1489.0
2025-07-25T08:17:05.008025,huobi,0.13715,0.13751,125.4108,982.1918
2025-07-25T08:17:05.058269,blofin,0.13769,0.13771,173.0,30.0
2025-07-25T08:17:05.088736,gateio,0.13755,0.13769,75.0,31.0
2025-07-25T08:17:05.109146,huobi,0.13715,0.13756,125.4108,1070.5612
2025-07-25T08:17:05.122745,bitmart,0.1375,0.1379,36815.0,7456.0
2025-07-25T08:17:05.267867,lbank,0.13731,0.13756,402.61,259.93
2025-07-25T08:17:05.407523,bitget,0.13773,0.13775,7088.0,1489.0
2025-07-25T08:17:05.544352,blofin,0.13769,0.13771,173.0,30.0
2025-07-25T08:17:05.599108,bingx,0.13747,0.13761,400.0,3438.31
2025-07-25T08:17:05.707891,huobi,0.13716,0.13756,1521.723,1070.5612
2025-07-25T08:17:05.809082,huobi,0.13718,0.13756,125.4108,1070.5612
2025-07-25T08:17:05.859253,bitget,0.13773,0.13775,7088.0,1489.0
2025-07-25T08:17:05.913679,huobi,0.13715,0.13756,1647.1338,1070.5612
2025-07-25T08:17:06.007897,bitget,0.13773,0.13775,7088.0,1489.0
2025-07-25T08:17:06.052128,blofin,0.13769,0.13771,173.0,30.0
2025-07-25T08:17:06.107671,bitmart,0.13749,0.1379,42440.0,7456.0
2025-07-25T08:17:06.165579,lbank,0.13731,0.13756,402.61,259.93
2025-07-25T08:17:06.309085,bitget,0.13773,0.13775,7088.0,1489.0
2025-07-25T08:17:06.507725,bingx,0.13747,0.13761,400.0,3438.31
2025-07-25T08:17:06.545965,blofin,0.13769,0.13771,173.0,30.0
2025-07-25T08:17:06.656157,lbank,0.13731,0.13756,402.61,259.93
2025-07-25T08:17:06.760281,bitget,0.13773,0.13775,7088.0,1489.0
2025-07-25T08:17:06.909742,bitget,0.13773,0.13775,7088.0,1489.0
2025-07-25T08:17:06.952689,gateio,0.13755,0.13769,43.0,31.0
2025-07-25T08:17:06.974655,mexc,0.1377,0.13771,546258.0,546258.0
2025-07-25T08:17:06.978709,gateio,0.13755,0.13769,85.0,31.0
2025-07-25T08:17:07.056422,blofin,0.13769,0.13771,173.0,30.0
2025-07-25T08:17:07.059773,bitget,0.13773,0.13775,7088.0,1489.0
2025-07-25T08:17:07.120658,bitmart,0.13749,0.1379,42440.0,7456.0
2025-07-25T08:17:07.156358,lbank,0.13731,0.13756,402.61,259.93
2025-07-25T08:17:07.413267,bingx,0.13747,0.13761,400.0,3438.31
2025-07-25T08:17:07.413290,huobi,0.13716,0.13756,1521.723,1070.5612
2025-07-25T08:17:07.419603,bybit,0.13764,0.0,417.0,0.0
2025-07-25T08:17:07.508926,bitget,0.13773,0.13775,7088.0,1228.0
2025-07-25T08:17:07.548238,blofin,0.13769,0.13771,173.0,30.0
2025-07-25T08:17:07.656887,lbank,0.13731,0.13756,402.61,259.93
2025-07-25T08:17:07.660057,bitget,0.13773,0.13775,7088.0,1973.0
2025-07-25T08:17:07.802822,gateio,0.13755,0.13769,131.0,31.0
2025-07-25T08:17:07.808547,bitget,0.13773,0.13775,7088.0,1973.0
2025-07-25T08:17:07.908365,huobi,0.13717,0.13756,1521.723,1070.5612
2025-07-25T08:17:07.960311,bitget,0.13773,0.13775,7088.0,1973.0
2025-07-25T08:17:08.048878,blofin,0.13769,0.13771,137.0,40.0
2025-07-25T08:17:08.086252,bitmart,0.13749,0.1379,42440.0,7456.0
2025-07-25T08:17:08.110170,bitget,0.13773,0.13775,7088.0,1973.0
2025-07-25T08:17:08.138748,gateio,0.13755,0.13769,85.0,31.0
2025-07-25T08:17:08.156556,lbank,0.13731,0.13756,402.61,259.93
2025-07-25T08:17:08.207513,huobi,0.13718,0.13754,1521.723,1030.8565
2025-07-25T08:17:08.219441,bybit,0.13764,0.0,37.0,0.0
2025-07-25T08:17:08.260817,bitget,0.13773,0.13775,7088.0,1973.0
2025-07-25T08:17:08.311924,bingx,0.13747,0.13761,400.0,3438.31
2025-07-25T08:17:08.319676,bybit,0.0,0.13765,0.0,457.0
2025-07-25T08:17:08.320600,gateio,0.13751,0.13769,32.0,31.0
2025-07-25T08:17:08.410139,bitget,0.13769,0.13775,2126.0,1973.0
2025-07-25T08:17:08.517181,huobi,0.13719,0.13753,125.4108,87.3705
2025-07-25T08:17:08.557000,blofin,0.13769,0.13771,137.0,40.0
2025-07-25T08:17:08.559514,bitget,0.13773,0.13775,7088.0,1973.0
2025-07-25T08:17:08.610154,huobi,0.13715,0.13752,125.4108,972.4957
2025-07-25T08:17:08.710715,bitget,0.13773,0.13775,7088.0,1973.0
2025-07-25T08:17:08.810643,huobi,0.13716,0.13752,1521.723,972.4957
2025-07-25T08:17:09.009371,bitget,0.13773,0.13775,7088.0,1973.0
2025-07-25T08:17:09.014505,gateio,0.13751,0.13769,77.0,31.0
2025-07-25T08:17:09.042939,gateio,0.13752,0.13769,32.0,31.0
2025-07-25T08:17:09.044318,blofin,0.13769,0.13771,137.0,40.0
2025-07-25T08:17:09.132462,bitmart,0.13749,0.1379,42440.0,7456.0
2025-07-25T08:17:09.159181,bitget,0.13773,0.13775,7088.0,1973.0
2025-07-25T08:17:09.208667,huobi,0.13717,0.1375,1521.723,922.9357
2025-07-25T08:17:09.211602,bingx,0.13747,0.13761,400.0,3438.31
2025-07-25T08:17:09.316408,huobi,0.13719,0.13748,1521.723,921.9368
2025-07-25T08:17:09.345282,mexc,0.1377,0.13771,546258.0,546258.0
2025-07-25T08:17:09.551462,blofin,0.13765,0.13771,129.0,27.0
2025-07-25T08:17:09.610145,bitget,0.13773,0.13775,7088.0,1973.0
2025-07-25T08:17:09.898356,gateio,0.13752,0.13769,68.0,31.0
2025-07-25T08:17:09.910105,bitget,0.13773,0.13775,7088.0,1973.0
2025-07-25T08:17:09.920084,bybit,0.0,0.13765,0.0,239.0
2025-07-25T08:17:09.926616,gateio,0.13753,0.13769,32.0,31.0
2025-07-25T08:17:10.062354,bitget,0.13773,0.13775,7088.0,1973.0
2025-07-25T08:17:10.062687,blofin,0.13765,0.13771,129.0,27.0
2025-07-25T08:17:10.087148,bitmart,0.13749,0.1379,42440.0,7456.0
2025-07-25T08:17:10.123241,bingx,0.13747,0.13761,400.0,3438.31
2025-07-25T08:17:10.210618,bitget,0.13773,0.13775,7088.0,1973.0
2025-07-25T08:17:10.280968,lbank,0.13733,0.13754,269.6,261.31
2025-07-25T08:17:10.360812,bitget,0.13773,0.13775,7088.0,1973.0
2025-07-25T08:17:10.428517,gateio,0.13753,0.13769,79.0,31.0
2025-07-25T08:17:10.480345,gateio,0.13753,0.13769,47.0,31.0
2025-07-25T08:17:10.507149,huobi,0.13714,0.13758,1423.6902,779.677
2025-07-25T08:17:10.513983,bitget,0.13773,0.13779,7088.0,1238.0
2025-07-25T08:17:10.559961,blofin,0.13765,0.13771,129.0,27.0
2025-07-25T08:17:10.608564,huobi,0.13715,0.13757,125.4108,921.2107
2025-07-25T08:17:10.661986,lbank,0.13733,0.13754,269.6,261.31
2025-07-25T08:17:10.663281,bitget,0.13774,0.13777,1978.0,7088.0
2025-07-25T08:17:10.692641,gateio,0.13754,0.13769,32.0,31.0
2025-07-25T08:17:10.721043,bingx,0.13747,0.13761,400.0,3438.31
2025-07-25T08:17:10.811754,bitget,0.13774,0.13777,1978.0,7088.0
2025-07-25T08:17:10.839186,gateio,0.13754,0.13769,81.0,31.0
2025-07-25T08:17:10.911057,huobi,0.13736,0.13756,457.5347,779.677
2025-07-25T08:17:10.961220,bitget,0.13775,0.13776,593.0,2126.0
2025-07-25T08:17:11.008171,huobi,0.13731,0.13753,1423.6902,933.3034
2025-07-25T08:17:11.053735,blofin,0.13768,0.13771,7.0,24.0
2025-07-25T08:17:11.103488,bitmart,0.13749,0.1379,42440.0,7456.0
2025-07-25T08:17:11.110605,bitget,0.13774,0.13777,1978.0,7088.0
2025-07-25T08:17:11.111164,huobi,0.13731,0.13753,1423.6902,1020.6739
2025-07-25T08:17:11.261260,bitget,0.13774,0.13776,1978.0,2126.0
2025-07-25T08:17:11.420197,bitget,0.13774,0.13776,1978.0,2126.0
2025-07-25T08:17:11.559214,blofin,0.13768,0.13771,7.0,24.0
2025-07-25T08:17:11.562593,bitget,0.13774,0.13776,1978.0,2126.0
2025-07-25T08:17:11.622505,bingx,0.13747,0.13761,400.0,3438.31
2025-07-25T08:17:11.720198,mexc,0.13767,0.13768,546258.0,546258.0
2025-07-25T08:17:11.919857,bybit,0.13764,0.0,86.0,0.0
2025-07-25T08:17:12.045687,blofin,0.13768,0.13771,7.0,24.0
2025-07-25T08:17:12.118830,bitmart,0.13749,0.1379,42440.0,7456.0
2025-07-25T08:17:12.162416,bitget,0.13774,0.13777,1978.0,7088.0
2025-07-25T08:17:12.273399,gateio,0.13754,0.13769,49.0,31.0
2025-07-25T08:17:12.311476,bitget,0.13774,0.13776,1978.0,2126.0
2025-07-25T08:17:12.401149,lbank,0.13733,0.13754,269.6,261.31
2025-07-25T08:17:12.409980,huobi,0.13731,0.13753,1423.6902,1800.3509
2025-07-25T08:17:12.462562,bitget,0.13773,0.13776,7088.0,2126.0
2025-07-25T08:17:12.493144,lbank,0.13733,0.13744,269.6,6.05
2025-07-25T08:17:12.526097,bingx,0.13747,0.13761,400.0,3438.31
2025-07-25T08:17:12.540712,blofin,0.13768,0.13771,7.0,24.0
2025-07-25T08:17:12.613236,bitget,0.13774,0.13776,913.0,2126.0
2025-07-25T08:17:12.655935,lbank,0.13733,0.13754,269.6,261.31
2025-07-25T08:17:12.820170,bybit,0.13764,0.0,464.0,0.0
2025-07-25T08:17:12.912921,bitget,0.13774,0.13776,1836.0,2126.0
2025-07-25T08:17:12.919939,bybit,0.13764,0.0,515.0,0.0
2025-07-25T08:17:13.057953,blofin,0.13768,0.13771,7.0,24.0
2025-07-25T08:17:13.123526,bitmart,0.13749,0.1379,42440.0,7456.0
2025-07-25T08:17:13.158358,lbank,0.13733,0.13754,269.6,261.31
2025-07-25T08:17:13.430517,bingx,0.13747,0.13761,400.0,3438.31
2025-07-25T08:17:13.547864,blofin,0.13768,0.13771,7.0,24.0
2025-07-25T08:17:13.657775,lbank,0.13733,0.13754,269.6,261.31
2025-07-25T08:17:13.867112,gateio,0.13754,0.13769,87.0,31.0
2025-07-25T08:17:13.912643,gateio,0.13754,0.13769,76.0,31.0
2025-07-25T08:17:13.919984,bybit,0.13764,0.13765,137.0,562.0
2025-07-25T08:17:13.962166,bitget,0.13774,0.13776,1836.0,2126.0
2025-07-25T08:17:14.015376,gateio,0.1375,0.13769,32.0,31.0
2025-07-25T08:17:14.062746,blofin,0.13769,0.1377,111.0,9.0
2025-07-25T08:17:14.100444,mexc,0.13767,0.13768,546258.0,546258.0
2025-07-25T08:17:14.112439,bitget,0.13771,0.13775,600.0,455.0
2025-07-25T08:17:14.119254,bitmart,0.13749,0.1379,42440.0,7456.0
2025-07-25T08:17:14.156143,lbank,0.13733,0.13754,269.6,261.31
2025-07-25T08:17:14.219971,bybit,0.0,0.13765,0.0,239.0
2025-07-25T08:17:14.263755,bitget,0.13769,0.13775,2126.0,2455.0
2025-07-25T08:17:14.325407,gateio,0.1375,0.13769,68.0,31.0
2025-07-25T08:17:14.331876,bingx,0.13747,0.13761,400.0,3438.31
2025-07-25T08:17:14.354849,gateio,0.13751,0.13769,32.0,31.0
2025-07-25T08:17:14.413143,bitget,0.13773,0.13774,7088.0,737.0
2025-07-25T08:17:14.533834,blofin,0.13766,0.1377,239.0,7.0
2025-07-25T08:17:14.563225,bitget,0.13773,0.13775,7088.0,2867.0
2025-07-25T08:17:14.655958,lbank,0.13733,0.13754,269.6,261.31
2025-07-25T08:17:14.708285,huobi,0.13731,0.13753,1423.6902,1800.3509
2025-07-25T08:17:14.714802,bitget,0.13773,0.13775,7088.0,2600.0
2025-07-25T08:17:14.864252,bitget,0.13773,0.13775,7088.0,2600.0
2025-07-25T08:17:15.045949,blofin,0.13766,0.1377,239.0,7.0
2025-07-25T08:17:15.103318,bitmart,0.13749,0.1379,42440.0,7456.0
2025-07-25T08:17:15.234413,bingx,0.13747,0.13761,400.0,3438.31
2025-07-25T08:17:15.269167,lbank,0.13733,0.13754,269.6,261.31
2025-07-25T08:17:15.538136,blofin,0.13766,0.1377,239.0,7.0
2025-07-25T08:17:15.613630,bitget,0.13773,0.13775,7088.0,2600.0
2025-07-25T08:17:15.656585,lbank,0.13733,0.13754,269.6,261.31
2025-07-25T08:17:16.048033,blofin,0.13766,0.1377,239.0,7.0
2025-07-25T08:17:16.071758,bitmart,0.13749,0.1379,42440.0,7456.0
2025-07-25T08:17:16.137983,bingx,0.13747,0.13761,400.0,3438.31
2025-07-25T08:17:16.156390,lbank,0.13733,0.13754,269.6,261.31
2025-07-25T08:17:16.268496,gateio,0.13751,0.13768,32.0,32.0
2025-07-25T08:17:16.287216,gateio,0.13751,0.13767,96.0,32.0
2025-07-25T08:17:16.504914,mexc,0.13767,0.13768,546258.0,546258.0
2025-07-25T08:17:16.543905,blofin,0.13766,0.1377,239.0,7.0
2025-07-25T08:17:16.638966,gateio,0.13751,0.13767,64.0,32.0
2025-07-25T08:17:16.664877,lbank,0.13733,0.13754,269.6,261.31
2025-07-25T08:17:16.712417,huobi,0.13731,0.13751,1423.6902,87.3705
2025-07-25T08:17:16.719440,bybit,0.1376,0.13763,564.0,348.0
2025-07-25T08:17:16.790993,gateio,0.13747,0.13767,32.0,32.0
2025-07-25T08:17:16.807367,gateio,0.13747,0.13767,68.0,32.0
2025-07-25T08:17:16.811991,huobi,0.13714,0.1375,1423.6902,828.4957
2025-07-25T08:17:16.813889,bitget,0.1377,0.13773,600.0,7614.0
2025-07-25T08:17:16.819660,bybit,0.0,0.13761,0.0,219.0
2025-07-25T08:17:16.910608,huobi,0.13715,0.13749,125.4108,87.3705
2025-07-25T08:17:16.910846,gateio,0.13748,0.13767,32.0,32.0
2025-07-25T08:17:16.966931,bitget,0.13769,0.13772,2126.0,9372.0
2025-07-25T08:17:17.010805,huobi,0.13716,0.13748,1521.723,830.8057
2025-07-25T08:17:17.044984,bingx,0.13744,0.13762,1066.26,2225.23
2025-07-25T08:17:17.054171,blofin,0.13767,0.1377,159.0,7.0
2025-07-25T08:17:17.117916,bitget,0.13769,0.13771,2126.0,2812.0
2025-07-25T08:17:17.129330,bitmart,0.13749,0.1379,42440.0,7456.0
2025-07-25T08:17:17.264909,bitget,0.13769,0.13771,2126.0,2812.0
2025-07-25T08:17:17.312234,huobi,0.13717,0.13748,1521.723,830.8057
2025-07-25T08:17:17.416747,bitget,0.13769,0.13771,2126.0,2812.0
2025-07-25T08:17:17.519567,bybit,0.0,0.0,0.0,0.0
2025-07-25T08:17:17.545253,blofin,0.13767,0.1377,159.0,7.0
2025-07-25T08:17:17.607154,huobi,0.13716,0.13748,1521.723,830.8057
2025-07-25T08:17:17.662265,lbank,0.13731,0.13753,1352.9,261.77
2025-07-25T08:17:17.715823,bitget,0.13769,0.13771,2126.0,2812.0
2025-07-25T08:17:17.867274,bitget,0.13769,0.13771,2126.0,1708.0
2025-07-25T08:17:17.942468,bingx,0.13744,0.13762,1066.26,2225.23
2025-07-25T08:17:18.008818,huobi,0.13716,0.13749,1521.723,909.951
2025-07-25T08:17:18.014969,bitget,0.13769,0.13771,2126.0,1708.0
2025-07-25T08:17:18.045353,blofin,0.13767,0.1377,159.0,7.0
2025-07-25T08:17:18.108417,huobi,0.13717,0.13746,125.4108,887.3318
2025-07-25T08:17:18.122938,bitmart,0.13749,0.1379,42440.0,7456.0
2025-07-25T08:17:18.156717,lbank,0.13731,0.13753,1352.9,261.77
2025-07-25T08:17:18.167517,bitget,0.13769,0.13771,2126.0,1708.0
2025-07-25T08:17:18.243704,bingx,0.13744,0.13762,1066.26,2225.23
2025-07-25T08:17:18.494763,gateio,0.13748,0.13767,68.0,32.0
2025-07-25T08:17:18.566262,blofin,0.13765,0.13768,20.0,11.0
2025-07-25T08:17:18.656367,lbank,0.13731,0.13753,1352.9,261.77
2025-07-25T08:17:18.889507,mexc,0.13768,0.13769,546258.0,546258.0
2025-07-25T08:17:18.913085,gateio,0.13749,0.13767,32.0,32.0
2025-07-25T08:17:19.048324,blofin,0.13765,0.13768,20.0,11.0
2025-07-25T08:17:19.102208,gateio,0.13749,0.13767,68.0,32.0
2025-07-25T08:17:19.102959,bitmart,0.13749,0.1379,42440.0,7456.0
2025-07-25T08:17:19.108942,huobi,0.13718,0.1376,1521.723,1587.655
2025-07-25T08:17:19.152924,bingx,0.13744,0.13762,1066.26,2225.23
2025-07-25T08:17:19.156143,lbank,0.13731,0.13753,1352.9,261.77
2025-07-25T08:17:19.213299,huobi,0.1372,0.13748,1521.723,902.8514
2025-07-25T08:17:19.215722,bitget,0.13769,0.13771,2126.0,1708.0
2025-07-25T08:17:19.317484,huobi,0.13716,0.13757,1521.723,894.075
2025-07-25T08:17:19.349724,gateio,0.1375,0.13767,32.0,32.0
2025-07-25T08:17:19.366605,bitget,0.13769,0.13771,2126.0,1708.0
2025-07-25T08:17:19.447288,bingx,0.13743,0.13761,1066.26,2225.23
2025-07-25T08:17:19.549385,blofin,0.13765,0.13768,20.0,11.0
2025-07-25T08:17:19.663108,lbank,0.13731,0.13753,1352.9,261.77
2025-07-25T08:17:19.667034,bitget,0.13769,0.13771,2126.0,1708.0
2025-07-25T08:17:20.025033,bitmart,0.13749,0.1379,42440.0,7456.0
2025-07-25T08:17:20.056998,blofin,0.13765,0.13768,17.0,34.0
2025-07-25T08:17:20.208264,huobi,0.13717,0.13756,1521.723,779.677
2025-07-25T08:17:20.267257,bitget,0.13769,0.13771,2126.0,1708.0
2025-07-25T08:17:20.284018,lbank,0.13732,0.13753,1239.75,261.77
2025-07-25T08:17:20.308820,huobi,0.13718,0.13754,125.4108,867.0475
2025-07-25T08:17:20.348252,bingx,0.13743,0.13761,1066.26,2225.23
2025-07-25T08:17:20.409819,huobi,0.13718,0.13752,125.4108,779.677
2025-07-25T08:17:20.494662,lbank,0.13732,0.13743,1239.75,6.44
2025-07-25T08:17:20.509639,huobi,0.1372,0.1375,125.4108,87.3705
2025-07-25T08:17:20.557135,blofin,0.13765,0.13768,17.0,34.0
2025-07-25T08:17:20.565967,bitget,0.13769,0.13771,2126.0,1708.0
2025-07-25T08:17:20.615913,huobi,0.13715,0.13747,1647.1338,903.8857
2025-07-25T08:17:20.657188,lbank,0.13732,0.13753,1239.75,261.77
2025-07-25T08:17:20.717567,bitget,0.13769,0.13771,2126.0,1708.0
2025-07-25T08:17:20.866394,bitget,0.13769,0.13774,2126.0,745.0
2025-07-25T08:17:21.019507,bybit,0.1376,0.0,876.0,0.0
2025-07-25T08:17:21.019814,bitget,0.13769,0.13772,2126.0,7088.0
2025-07-25T08:17:21.056905,blofin,0.13765,0.13768,17.0,34.0
2025-07-25T08:17:21.108284,huobi,0.13716,0.13747,1521.723,903.8857
2025-07-25T08:17:21.121547,bitmart,0.13749,0.1379,42440.0,7456.0
2025-07-25T08:17:21.168016,bitget,0.13769,0.13771,2126.0,2126.0
2025-07-25T08:17:21.170060,lbank,0.13732,0.13753,1239.75,261.77
2025-07-25T08:17:21.255061,bingx,0.13743,0.13761,1066.26,2225.23
2025-07-25T08:17:21.276863,mexc,0.13768,0.13769,546258.0,546258.0
2025-07-25T08:17:21.411389,huobi,0.13717,0.13747,1521.723,903.8857
2025-07-25T08:17:21.416593,gateio,0.1375,0.13767,68.0,32.0
2025-07-25T08:17:21.467149,bitget,0.13769,0.13771,2126.0,3015.0
2025-07-25T08:17:21.509316,huobi,0.13725,0.13751,125.4108,1690.0985
2025-07-25T08:17:21.549746,blofin,0.13765,0.13768,17.0,34.0
2025-07-25T08:17:21.609677,huobi,0.13717,0.13749,1521.723,901.7114
2025-07-25T08:17:21.616913,bitget,0.13769,0.13771,2126.0,3015.0
2025-07-25T08:17:21.618652,gateio,0.1375,0.13767,36.0,32.0
2025-07-25T08:17:21.657006,lbank,0.13732,0.13753,1239.75,261.77
2025-07-25T08:17:21.720405,gateio,0.13751,0.13767,32.0,32.0
2025-07-25T08:17:21.767680,bitget,0.13769,0.13771,2126.0,889.0
2025-07-25T08:17:21.918301,bitget,0.13769,0.13771,2126.0,2393.0
2025-07-25T08:17:22.061406,blofin,0.13765,0.13768,17.0,34.0
2025-07-25T08:17:22.068078,bitget,0.13769,0.13771,2126.0,2393.0
2025-07-25T08:17:22.119582,bybit,0.1376,0.0,564.0,0.0
2025-07-25T08:17:22.119739,bitmart,0.13749,0.1379,42440.0,7456.0
2025-07-25T08:17:22.159342,lbank,0.13732,0.13753,1239.75,261.77
2025-07-25T08:17:22.168093,bingx,0.13743,0.13761,1066.26,2225.23
2025-07-25T08:17:22.208136,huobi,0.13718,0.13749,6206.7825,901.7114
2025-07-25T08:17:22.367352,bitget,0.13769,0.13771,2126.0,2393.0
2025-07-25T08:17:22.518425,bitget,0.13769,0.13771,2126.0,2393.0
2025-07-25T08:17:22.547573,blofin,0.13765,0.13768,17.0,34.0
2025-07-25T08:17:22.658137,lbank,0.13732,0.13753,1239.75,261.77
2025-07-25T08:17:22.667966,bitget,0.13769,0.13771,2126.0,2393.0
2025-07-25T08:17:23.053436,blofin,0.13765,0.13768,7.0,46.0
2025-07-25T08:17:23.059117,bingx,0.13743,0.13761,1066.26,2225.23
2025-07-25T08:17:23.109288,huobi,0.13715,0.13747,125.4108,945.2777
2025-07-25T08:17:23.131476,bitmart,0.13749,0.1379,42440.0,7456.0
2025-07-25T08:17:23.210668,huobi,0.13715,0.13759,125.4108,779.677
2025-07-25T08:17:23.220070,bybit,0.0,0.0,0.0,0.0
2025-07-25T08:17:23.311020,huobi,0.13715,0.13757,125.4108,867.0475
2025-07-25T08:17:23.409270,huobi,0.13715,0.13756,125.4108,885.3757
2025-07-25T08:17:23.555538,blofin,0.13765,0.13768,7.0,46.0
2025-07-25T08:17:23.658600,lbank,0.13732,0.13753,1239.75,261.77
2025-07-25T08:17:23.669684,mexc,0.13766,0.13767,546258.0,546258.0
2025-07-25T08:17:23.962420,bingx,0.13743,0.13761,1066.26,2225.23
2025-07-25T08:17:24.009579,huobi,0.13715,0.13735,125.4108,480.6025
2025-07-25T08:17:24.035018,blofin,0.13765,0.13768,7.0,46.0
2025-07-25T08:17:24.058355,bitmart,0.13749,0.1379,42440.0,7456.0
2025-07-25T08:17:24.107754,huobi,0.13717,0.13754,1521.723,884.0501
2025-07-25T08:17:24.157263,lbank,0.13732,0.13753,1239.75,261.77
2025-07-25T08:17:24.169471,bitget,0.13769,0.13771,2126.0,2393.0
2025-07-25T08:17:24.319979,bitget,0.13769,0.13771,2126.0,2393.0
2025-07-25T08:17:24.556811,blofin,0.13765,0.13768,7.0,46.0
2025-07-25T08:17:24.656357,lbank,0.13732,0.13753,1239.75,261.77
2025-07-25T08:17:24.918315,bingx,0.13743,0.13761,1066.26,2225.23
2025-07-25T08:17:25.046477,blofin,0.13765,0.13768,7.0,46.0
2025-07-25T08:17:25.128407,bitmart,0.13749,0.1379,42440.0,7456.0
2025-07-25T08:17:25.279008,lbank,0.13732,0.13753,1239.75,261.77
2025-07-25T08:17:25.549514,blofin,0.13765,0.13768,7.0,46.0
2025-07-25T08:17:25.619600,bybit,0.1376,0.0,578.0,0.0
2025-07-25T08:17:25.656924,lbank,0.13732,0.13753,1239.75,261.77
2025-07-25T08:17:25.771038,bingx,0.13743,0.13761,1066.26,2225.23
2025-07-25T08:17:26.044814,mexc,0.13766,0.13767,546258.0,546258.0
2025-07-25T08:17:26.057767,blofin,0.13765,0.13768,11.0,57.0
2025-07-25T08:17:26.103303,bitmart,0.13749,0.1379,42440.0,7456.0
2025-07-25T08:17:26.168238,lbank,0.13732,0.13753,1239.75,261.77
2025-07-25T08:17:26.207604,huobi,0.13715,0.13759,1521.723,1758.7975
2025-07-25T08:17:26.308249,huobi,0.13715,0.13759,1647.1338,1758.7975
2025-07-25T08:17:26.419329,bitget,0.13769,0.13771,2126.0,2393.0
2025-07-25T08:17:26.532872,blofin,0.13765,0.13768,11.0,57.0
2025-07-25T08:17:26.571211,bitget,0.13769,0.13771,2126.0,2393.0
2025-07-25T08:17:26.656476,lbank,0.13732,0.13753,1239.75,261.77
2025-07-25T08:17:26.671239,bingx,0.13743,0.13761,1066.26,2225.23
2025-07-25T08:17:26.719767,bybit,0.1376,0.13761,343.0,4258.0
2025-07-25T08:17:27.043834,blofin,0.13765,0.13768,11.0,57.0
2025-07-25T08:17:27.080608,bitmart,0.13749,0.13787,42440.0,31867.0
2025-07-25T08:17:27.410430,huobi,0.13716,0.13759,1521.723,1758.7975
2025-07-25T08:17:27.542549,blofin,0.13765,0.13768,11.0,57.0
2025-07-25T08:17:27.575682,bingx,0.13743,0.13761,1066.26,2225.23
2025-07-25T08:17:27.622053,bitget,0.13769,0.13771,2126.0,2393.0
2025-07-25T08:17:27.658970,lbank,0.13732,0.13753,1239.75,261.77
2025-07-25T08:17:27.920252,bitget,0.13769,0.13771,2126.0,2393.0
2025-07-25T08:17:28.051432,blofin,0.13765,0.13768,11.0,57.0
2025-07-25T08:17:28.103763,bitmart,0.13749,0.13787,42440.0,31867.0
2025-07-25T08:17:28.156421,lbank,0.13732,0.13753,1239.75,261.77
2025-07-25T08:17:28.308029,huobi,0.13717,0.13759,1521.723,1758.7975
2025-07-25T08:17:28.371723,bitget,0.13769,0.13772,2126.0,7088.0
2025-07-25T08:17:28.400168,mexc,0.13766,0.13767,546258.0,546258.0
2025-07-25T08:17:28.479652,bingx,0.13743,0.13761,1066.26,2225.23
2025-07-25T08:17:28.512462,huobi,0.13718,0.13759,125.4108,1758.7975
2025-07-25T08:17:28.519529,bybit,0.0,0.13761,0.0,4039.0
2025-07-25T08:17:28.522081,bitget,0.13769,0.13772,2126.0,7088.0
2025-07-25T08:17:28.558738,blofin,0.13765,0.13768,12.0,134.0
2025-07-25T08:17:28.610585,huobi,0.13719,0.13759,1521.723,1758.7975
2025-07-25T08:17:28.655677,lbank,0.13732,0.13753,1239.75,261.77
2025-07-25T08:17:28.672197,bitget,0.13769,0.13771,2126.0,2126.0
2025-07-25T08:17:29.024648,bitmart,0.13749,0.13787,42440.0,31867.0
2025-07-25T08:17:29.066880,blofin,0.13765,0.13768,12.0,134.0
2025-07-25T08:17:29.166170,lbank,0.13732,0.13753,1239.75,261.77
2025-07-25T08:17:29.289210,bitget,0.13769,0.13771,4126.0,2126.0
2025-07-25T08:17:29.386611,bingx,0.13743,0.13761,1066.26,2225.23
2025-07-25T08:17:29.409697,huobi,0.1372,0.13758,1521.723,872.3311
2025-07-25T08:17:29.421275,bitget,0.13769,0.13771,4126.0,2126.0
2025-07-25T08:17:29.509952,huobi,0.13715,0.13756,1647.1338,889.5805
2025-07-25T08:17:29.555061,blofin,0.13765,0.13768,12.0,134.0
2025-07-25T08:17:29.571369,bitget,0.13769,0.13772,4126.0,7088.0
2025-07-25T08:17:29.660744,lbank,0.13729,0.1375,801.71,261.77
2025-07-25T08:17:29.694132,bingx,0.13743,0.13761,1066.26,2225.23
2025-07-25T08:17:29.723738,bitget,0.13769,0.13771,4126.0,2126.0
2025-07-25T08:17:30.047500,blofin,0.13765,0.13768,12.0,134.0
2025-07-25T08:17:30.071961,bitmart,0.13749,0.13787,42440.0,31867.0
2025-07-25T08:17:30.119697,bybit,0.1376,0.0,344.0,0.0
2025-07-25T08:17:30.270408,lbank,0.13729,0.1375,1603.42,523.54
2025-07-25T08:17:30.545257,blofin,0.13765,0.13768,12.0,134.0
2025-07-25T08:17:30.590759,bingx,0.13743,0.13761,1066.26,2225.23
2025-07-25T08:17:30.608615,huobi,0.13715,0.1376,1647.1338,1587.655
2025-07-25T08:17:30.656314,lbank,0.1373,0.13751,801.71,261.77
2025-07-25T08:17:30.709984,huobi,0.13715,0.13753,125.4108,981.7165
2025-07-25T08:17:30.771284,bitget,0.13769,0.13771,4126.0,2126.0
2025-07-25T08:17:30.792643,mexc,0.13766,0.13767,546258.0,546258.0
2025-07-25T08:17:30.809055,huobi,0.13735,0.13753,504.3156,981.7165
2025-07-25T08:17:30.908313,huobi,0.13715,0.13749,125.4108,964.3118
2025-07-25T08:17:30.923828,bitget,0.13769,0.13771,4126.0,2126.0
2025-07-25T08:17:31.008129,huobi,0.13715,0.13749,125.4108,1743.9888
2025-07-25T08:17:31.060326,blofin,0.13765,0.13768,112.0,7.0
2025-07-25T08:17:31.075057,bitget,0.13769,0.13771,4126.0,2126.0
2025-07-25T08:17:31.107607,huobi,0.13715,0.13749,125.4108,1743.9888
2025-07-25T08:17:31.122600,bitmart,0.13745,0.13786,19798.0,35441.0
2025-07-25T08:17:31.158463,lbank,0.1373,0.13751,801.71,261.77
2025-07-25T08:17:31.222415,bitget,0.13769,0.13771,4126.0,2126.0
2025-07-25T08:17:31.493623,bingx,0.13743,0.13761,1066.26,2225.23
2025-07-25T08:17:31.524032,bitget,0.13769,0.13771,4126.0,2126.0
2025-07-25T08:17:31.551494,blofin,0.13765,0.13768,112.0,7.0
2025-07-25T08:17:31.568926,gateio,0.13739,0.13767,16.0,32.0
2025-07-25T08:17:31.581972,gateio,0.13749,0.13767,31.0,32.0
2025-07-25T08:17:31.673961,bitget,0.13769,0.13771,4126.0,2126.0
2025-07-25T08:17:31.918676,gateio,0.13749,0.13767,69.0,32.0
2025-07-25T08:17:32.026484,gateio,0.1375,0.13767,31.0,32.0
2025-07-25T08:17:32.049207,blofin,0.13765,0.13768,112.0,7.0
2025-07-25T08:17:32.130111,bitmart,0.13745,0.13786,19798.0,35441.0
2025-07-25T08:17:32.219509,bybit,0.0,0.0,0.0,0.0
2025-07-25T08:17:32.392148,bingx,0.13743,0.13761,1066.26,2225.23
2025-07-25T08:17:32.551281,blofin,0.13765,0.13768,112.0,7.0
2025-07-25T08:17:32.607419,huobi,0.13715,0.13747,125.4108,1004.6318
2025-07-25T08:17:32.619546,bybit,0.0,0.13761,0.0,4351.0
2025-07-25T08:17:32.662669,lbank,0.1373,0.13751,801.71,261.77
2025-07-25T08:17:32.709458,huobi,0.13716,0.13747,1521.723,1004.6318
2025-07-25T08:17:32.873394,bitget,0.13769,0.13771,4126.0,2126.0
2025-07-25T08:17:33.040724,blofin,0.13765,0.13768,112.0,7.0
2025-07-25T08:17:33.120535,bitmart,0.13745,0.13786,19798.0,35441.0
2025-07-25T08:17:33.157858,lbank,0.1373,0.13751,801.71,261.77
2025-07-25T08:17:33.170384,mexc,0.13766,0.13767,546258.0,546258.0
2025-07-25T08:17:33.174528,bitget,0.13769,0.13771,4126.0,2126.0
2025-07-25T08:17:33.292186,bingx,0.13743,0.13761,1066.26,2225.23
2025-07-25T08:17:33.319317,bybit,0.0,0.13761,0.0,4585.0
2025-07-25T08:17:33.568103,blofin,0.13765,0.13768,112.0,7.0
2025-07-25T08:17:33.656212,lbank,0.1373,0.13751,801.71,261.77
2025-07-25T08:17:34.066425,blofin,0.13765,0.13768,112.0,7.0
2025-07-25T08:17:34.104665,bitmart,0.13745,0.13786,19798.0,35441.0
2025-07-25T08:17:34.107398,huobi,0.13717,0.13745,125.4108,1015.7427
2025-07-25T08:17:34.155473,lbank,0.1373,0.13751,801.71,261.77
2025-07-25T08:17:34.199977,bingx,0.13743,0.13761,1066.26,2225.23
2025-07-25T08:17:34.536150,blofin,0.13765,0.13766,78.0,193.0
2025-07-25T08:17:34.908302,huobi,0.13724,0.13744,125.4108,87.3705
2025-07-25T08:17:35.008422,huobi,0.13715,0.13743,1647.1338,1011.3218
2025-07-25T08:17:35.044364,blofin,0.13765,0.13766,78.0,193.0
2025-07-25T08:17:35.102965,bitmart,0.13745,0.13786,19798.0,35441.0
2025-07-25T08:17:35.104015,bingx,0.13743,0.13761,1066.26,2225.23
2025-07-25T08:17:35.108878,huobi,0.13717,0.13758,1521.723,2679.3116
2025-07-25T08:17:35.125661,bitget,0.13769,0.13771,4126.0,2126.0
2025-07-25T08:17:35.275508,bitget,0.13769,0.13771,4126.0,2126.0
2025-07-25T08:17:35.280601,lbank,0.1373,0.13751,801.71,261.77
2025-07-25T08:17:35.420045,bybit,0.1376,0.13761,716.0,4351.0
2025-07-25T08:17:35.423271,gateio,0.1375,0.13767,67.0,32.0
2025-07-25T08:17:35.426841,bitget,0.13769,0.13771,4126.0,2126.0
2025-07-25T08:17:35.434672,gateio,0.13751,0.13767,31.0,32.0
2025-07-25T08:17:35.544855,blofin,0.13765,0.13766,78.0,193.0
2025-07-25T08:17:35.556754,mexc,0.13765,0.13766,546258.0,546258.0
2025-07-25T08:17:35.575933,bitget,0.13769,0.13771,4126.0,2126.0
2025-07-25T08:17:35.622391,gateio,0.13751,0.13767,72.0,32.0
2025-07-25T08:17:35.656700,lbank,0.1373,0.13751,801.71,261.77
2025-07-25T08:17:35.729180,bitget,0.13769,0.13771,4126.0,2126.0
2025-07-25T08:17:35.956177,gateio,0.13751,0.13767,113.0,32.0
2025-07-25T08:17:36.001926,bingx,0.13743,0.13761,1066.26,2225.23
2025-07-25T08:17:36.052010,blofin,0.13765,0.13768,98.0,181.0
2025-07-25T08:17:36.129245,bitmart,0.13745,0.13786,19798.0,35441.0
2025-07-25T08:17:36.155447,lbank,0.1373,0.13751,801.71,261.77
2025-07-25T08:17:36.540057,blofin,0.13765,0.13768,98.0,181.0
2025-07-25T08:17:36.655748,lbank,0.1373,0.13751,801.71,261.77
2025-07-25T08:17:36.908507,huobi,0.13718,0.13758,125.4108,2679.3116
2025-07-25T08:17:36.913016,bingx,0.13743,0.13761,1066.26,2225.23
2025-07-25T08:17:37.051275,blofin,0.13765,0.13768,98.0,181.0
2025-07-25T08:17:37.119608,bitmart,0.13745,0.13786,19798.0,35441.0
2025-07-25T08:17:37.156113,lbank,0.1373,0.13751,801.71,261.77
2025-07-25T08:17:37.308957,huobi,0.13721,0.13758,1521.723,2679.3116
2025-07-25T08:17:37.376725,bitget,0.13769,0.13771,4126.0,2126.0
2025-07-25T08:17:37.407623,huobi,0.13722,0.13756,125.4108,985.7459
2025-07-25T08:17:37.546703,blofin,0.13765,0.13767,112.0,7.0
2025-07-25T08:17:37.673022,lbank,0.1373,0.13751,801.71,261.77
2025-07-25T08:17:37.677076,bitget,0.13769,0.13771,4126.0,2126.0
2025-07-25T08:17:37.810124,bingx,0.13743,0.13761,1066.26,2225.23
2025-07-25T08:17:37.849712,gateio,0.13752,0.13767,31.0,32.0
2025-07-25T08:17:37.933231,mexc,0.13765,0.13766,546258.0,546258.0
2025-07-25T08:17:38.052574,blofin,0.13765,0.13767,112.0,7.0
2025-07-25T08:17:38.104755,bitmart,0.13745,0.13786,19798.0,35441.0
2025-07-25T08:17:38.551545,blofin,0.13765,0.13767,112.0,7.0
2025-07-25T08:17:38.619340,bybit,0.0,0.13761,0.0,4329.0
2025-07-25T08:17:38.712745,bingx,0.13743,0.13761,1066.26,2225.23
2025-07-25T08:17:39.036017,blofin,0.13765,0.13767,112.0,7.0
2025-07-25T08:17:39.103513,bitmart,0.13745,0.13786,19798.0,35441.0
2025-07-25T08:17:39.115812,huobi,0.13714,0.13755,1423.6902,87.3705
2025-07-25T08:17:39.120006,bybit,0.1376,0.0,344.0,0.0
2025-07-25T08:17:39.182499,bitget,0.13769,0.13771,4126.0,2126.0
2025-07-25T08:17:39.220255,bybit,0.0,0.13761,0.0,4262.0
2025-07-25T08:17:39.225663,huobi,0.13715,0.13753,1647.1338,779.677
2025-07-25T08:17:39.310736,huobi,0.13715,0.13752,1647.1338,972.6627
2025-07-25T08:17:39.327152,bitget,0.13769,0.13771,4126.0,2126.0
2025-07-25T08:17:39.553279,blofin,0.13765,0.13767,84.0,10.0
2025-07-25T08:17:39.623903,bingx,0.13743,0.13761,1066.26,2225.23
2025-07-25T08:17:39.630664,bitget,0.13769,0.13771,4126.0,2126.0
2025-07-25T08:17:39.913835,bingx,0.13743,0.13761,1066.26,2225.23
2025-07-25T08:17:40.056739,bitmart,0.13745,0.13786,19798.0,35441.0
2025-07-25T08:17:40.061249,blofin,0.13765,0.13767,84.0,10.0
2025-07-25T08:17:40.223409,bybit,0.0,0.13761,0.0,3726.0
2025-07-25T08:17:40.312875,mexc,0.13765,0.13766,546258.0,546258.0
2025-07-25T08:17:40.313892,huobi,0.13715,0.13751,125.4108,87.3705
2025-07-25T08:17:40.319683,bybit,0.1376,0.13761,1116.0,3444.0
2025-07-25T08:17:40.386377,bitget,0.13771,0.13776,2126.0,2126.0
2025-07-25T08:17:40.413166,huobi,0.13715,0.13761,125.4108,1423.6902
2025-07-25T08:17:40.419680,bybit,0.1376,0.0,1236.0,0.0
2025-07-25T08:17:40.467999,lbank,0.13731,0.13752,622.09,261.89
2025-07-25T08:17:40.515929,huobi,0.13715,0.13759,125.4108,972.4405
2025-07-25T08:17:40.530672,bitget,0.13773,0.13776,7088.0,2126.0
2025-07-25T08:17:40.544547,blofin,0.13765,0.13766,48.0,50.0
2025-07-25T08:17:40.611369,huobi,0.13715,0.13756,125.4108,950.5207
2025-07-25T08:17:40.616929,gateio,0.13752,0.13767,67.0,32.0
2025-07-25T08:17:40.681257,bitget,0.13773,0.13776,7088.0,2126.0
2025-07-25T08:17:40.822031,bingx,0.13743,0.13761,1066.26,2225.23
2025-07-25T08:17:40.827982,bitget,0.13773,0.13776,7088.0,2126.0
2025-07-25T08:17:40.854506,gateio,0.13753,0.13767,31.0,32.0
2025-07-25T08:17:40.909641,huobi,0.13715,0.13756,125.4108,950.5207
2025-07-25T08:17:40.962253,gateio,0.13753,0.13767,67.0,32.0
2025-07-25T08:17:40.982887,bitget,0.13773,0.13776,7088.0,2126.0
2025-07-25T08:17:41.055587,blofin,0.13765,0.13766,48.0,50.0
2025-07-25T08:17:41.119501,bybit,0.1376,0.0,1548.0,0.0
2025-07-25T08:17:41.124622,bitmart,0.13749,0.1379,8226.0,7935.0
2025-07-25T08:17:41.129414,bitget,0.13773,0.13776,7088.0,2126.0
2025-07-25T08:17:41.155544,lbank,0.13731,0.13752,622.09,261.89
2025-07-25T08:17:41.280311,bitget,0.13773,0.13776,7088.0,2126.0
2025-07-25T08:17:41.419445,bybit,0.0,0.0,0.0,0.0
2025-07-25T08:17:41.431247,bitget,0.13773,0.13776,7088.0,2126.0
2025-07-25T08:17:41.549120,blofin,0.13765,0.13773,41.0,97.0
2025-07-25T08:17:41.582932,bitget,0.13773,0.13776,7088.0,2126.0
2025-07-25T08:17:41.657171,lbank,0.13731,0.13752,622.09,261.89
2025-07-25T08:17:41.721561,bingx,0.13743,0.13761,1066.26,2225.23
2025-07-25T08:17:42.008199,huobi,0.13717,0.13754,1521.723,1831.4479
2025-07-25T08:17:42.053253,blofin,0.13765,0.13773,41.0,97.0
2025-07-25T08:17:42.076415,bitmart,0.13749,0.1379,8226.0,7935.0
2025-07-25T08:17:42.159570,lbank,0.13731,0.13752,622.09,261.89
2025-07-25T08:17:42.232927,gateio,0.13754,0.13767,31.0,32.0
2025-07-25T08:17:42.328296,bingx,0.13743,0.13757,400.0,1635.11
2025-07-25T08:17:42.538264,blofin,0.13765,0.13773,41.0,97.0
2025-07-25T08:17:42.656084,lbank,0.13731,0.13752,622.09,261.89
2025-07-25T08:17:42.697212,mexc,0.13766,0.13767,546258.0,546258.0
2025-07-25T08:17:42.735708,huobi,0.1372,0.13752,1521.723,1015.0654
2025-07-25T08:17:42.779703,bitget,0.13773,0.13776,7088.0,2126.0
2025-07-25T08:17:42.930842,bitget,0.13773,0.13776,7088.0,2126.0
2025-07-25T08:17:43.019805,bybit,0.1376,0.0,1621.0,0.0
2025-07-25T08:17:43.067294,blofin,0.13765,0.13773,41.0,97.0
2025-07-25T08:17:43.080222,bitget,0.13773,0.13776,7088.0,2126.0
2025-07-25T08:17:43.103327,bitmart,0.13749,0.1379,8226.0,7935.0
2025-07-25T08:17:43.233178,bingx,0.13745,0.13759,400.0,1635.11
2025-07-25T08:17:43.308649,huobi,0.13721,0.1375,125.4108,937.4872
2025-07-25T08:17:43.379565,bitget,0.13773,0.13776,7088.0,2126.0
2025-07-25T08:17:43.419339,bybit,0.1376,0.0,1794.0,0.0
2025-07-25T08:17:43.532514,bingx,0.13743,0.13757,400.0,1635.11
2025-07-25T08:17:43.536724,bitget,0.13773,0.13776,7088.0,2126.0
2025-07-25T08:17:43.553080,blofin,0.13765,0.13773,41.0,97.0
2025-07-25T08:17:43.619384,bybit,0.1376,0.0,1621.0,0.0
2025-07-25T08:17:43.656127,lbank,0.13728,0.13753,2417.3,735.2
2025-07-25T08:17:43.829350,bitget,0.13773,0.13776,7088.0,2126.0
2025-07-25T08:17:43.979631,bitget,0.13773,0.13776,7088.0,2126.0
2025-07-25T08:17:44.059744,blofin,0.13769,0.13771,18.0,12.0
2025-07-25T08:17:44.087848,bitmart,0.13749,0.1379,8226.0,7935.0
2025-07-25T08:17:44.157445,lbank,0.13728,0.13753,2417.3,735.2
2025-07-25T08:17:44.310448,huobi,0.13714,0.13753,1423.6902,929.9918
2025-07-25T08:17:44.415511,huobi,0.13715,0.13751,1647.1338,929.9918
2025-07-25T08:17:44.420368,bybit,0.1376,0.0,1794.0,0.0
2025-07-25T08:17:44.432682,bingx,0.13743,0.13757,400.0,1635.11
2025-07-25T08:17:44.520066,bybit,0.1376,0.0,1621.0,0.0
2025-07-25T08:17:44.568464,blofin,0.13769,0.13771,18.0,12.0
2025-07-25T08:17:44.656220,lbank,0.13728,0.13752,539.57,735.2
2025-07-25T08:17:44.719445,bybit,0.1376,0.0,1794.0,0.0
2025-07-25T08:17:44.820588,bybit,0.1376,0.0,1621.0,0.0
2025-07-25T08:17:44.880111,bitget,0.13773,0.13776,7088.0,2126.0
2025-07-25T08:17:44.892350,gateio,0.13739,0.13767,16.0,32.0
2025-07-25T08:17:44.903900,gateio,0.1374,0.13767,31.0,32.0
2025-07-25T08:17:44.909850,huobi,0.13715,0.13751,125.4108,929.9918
2025-07-25T08:17:44.919322,gateio,0.1374,0.13767,97.0,32.0
2025-07-25T08:17:44.920090,bybit,0.1376,0.0,1101.0,0.0
2025-07-25T08:17:44.929159,gateio,0.13741,0.13767,81.0,32.0
2025-07-25T08:17:44.948755,gateio,0.13742,0.13767,31.0,32.0
2025-07-25T08:17:45.019937,bybit,0.1376,0.0,729.0,0.0
2025-07-25T08:17:45.030437,bitget,0.13773,0.13776,7088.0,4126.0
2025-07-25T08:17:45.039257,blofin,0.13769,0.13771,18.0,12.0
2025-07-25T08:17:45.128707,mexc,0.13766,0.13767,546258.0,546258.0
2025-07-25T08:17:45.131180,bitmart,0.13749,0.1379,8226.0,7935.0
2025-07-25T08:17:45.183191,bitget,0.13773,0.13775,7088.0,2600.0
2025-07-25T08:17:45.282223,lbank,0.13728,0.13752,539.57,735.2
2025-07-25T08:17:45.330446,bitget,0.1377,0.13775,145.0,2600.0
2025-07-25T08:17:45.335385,bingx,0.13743,0.13757,400.0,1635.11
2025-07-25T08:17:45.412116,huobi,0.13715,0.13749,125.4108,1069.6057
2025-07-25T08:17:45.481650,bitget,0.13769,0.13774,2126.0,600.0
2025-07-25T08:17:45.525801,blofin,0.13769,0.13771,18.0,12.0
2025-07-25T08:17:45.619439,bybit,0.1376,0.0,849.0,0.0
2025-07-25T08:17:45.623202,gateio,0.13742,0.13767,67.0,32.0
2025-07-25T08:17:45.630733,bitget,0.13773,0.13775,7088.0,2745.0
2025-07-25T08:17:45.636377,gateio,0.13743,0.13767,31.0,32.0
2025-07-25T08:17:46.051743,blofin,0.13769,0.13771,18.0,12.0
2025-07-25T08:17:46.119502,bitmart,0.13749,0.1379,8226.0,7935.0
2025-07-25T08:17:46.156076,lbank,0.13728,0.13752,539.57,735.2
2025-07-25T08:17:46.245280,bingx,0.13743,0.13757,400.0,1635.11
2025-07-25T08:17:46.539799,blofin,0.13769,0.13771,18.0,12.0
2025-07-25T08:17:46.607362,huobi,0.13716,0.13748,6206.7825,87.3705
2025-07-25T08:17:46.708435,huobi,0.13718,0.13757,1521.723,976.3357
2025-07-25T08:17:46.832619,bitget,0.13773,0.13775,7088.0,2600.0
2025-07-25T08:17:47.072090,blofin,0.13769,0.13771,7.0,104.0
2025-07-25T08:17:47.135199,bitmart,0.13749,0.1379,8226.0,7935.0
2025-07-25T08:17:47.139437,bingx,0.13743,0.13757,400.0,1635.11
2025-07-25T08:17:47.156220,lbank,0.13728,0.13752,539.57,735.2
2025-07-25T08:17:47.309849,huobi,0.13719,0.13757,1521.723,1756.0127
2025-07-25T08:17:47.431559,bitget,0.13773,0.13775,7088.0,2600.0
2025-07-25T08:17:47.510293,mexc,0.13769,0.1377,546258.0,546258.0
2025-07-25T08:17:47.556225,blofin,0.13769,0.13771,7.0,104.0
2025-07-25T08:17:47.656123,lbank,0.13728,0.13752,539.57,735.2
2025-07-25T08:17:47.733084,bitget,0.13773,0.13775,7088.0,2600.0
2025-07-25T08:17:48.013822,huobi,0.1372,0.13756,125.4108,87.3705
2025-07-25T08:17:48.019243,bybit,0.1376,0.0,1217.0,0.0
2025-07-25T08:17:48.045119,bingx,0.13743,0.13757,400.0,1635.11
2025-07-25T08:17:48.057664,blofin,0.13769,0.13771,7.0,104.0
2025-07-25T08:17:48.110512,huobi,0.13716,0.13755,1521.723,1036.4272
2025-07-25T08:17:48.125619,bitmart,0.13749,0.13791,8226.0,36682.0
2025-07-25T08:17:48.158187,lbank,0.13728,0.13752,539.57,735.2
2025-07-25T08:17:48.183775,bitget,0.13773,0.13775,7088.0,600.0
2025-07-25T08:17:48.331739,bitget,0.13773,0.13776,7088.0,2126.0
2025-07-25T08:17:48.419983,bybit,0.1376,0.0,1390.0,0.0
2025-07-25T08:17:48.546283,blofin,0.13769,0.13771,7.0,104.0
2025-07-25T08:17:48.619417,bybit,0.1376,0.0,1217.0,0.0
2025-07-25T08:17:48.658654,lbank,0.13728,0.13752,539.57,735.2
2025-07-25T08:17:48.949052,bingx,0.13743,0.13757,400.0,1635.11
2025-07-25T08:17:49.055586,blofin,0.13769,0.13771,7.0,104.0
2025-07-25T08:17:49.085976,bitmart,0.13749,0.13791,8226.0,36682.0
2025-07-25T08:17:49.161314,lbank,0.13728,0.13752,539.57,735.2
2025-07-25T08:17:49.319205,bybit,0.13764,0.13765,602.0,689.0
2025-07-25T08:17:49.408910,gateio,0.13743,0.13767,67.0,32.0
2025-07-25T08:17:49.411882,huobi,0.13717,0.13753,125.4108,1069.786
2025-07-25T08:17:49.533306,bitget,0.13773,0.13776,7088.0,2126.0
2025-07-25T08:17:49.551396,blofin,0.13769,0.13771,7.0,104.0
2025-07-25T08:17:49.564964,gateio,0.13744,0.13767,31.0,32.0
2025-07-25T08:17:49.580490,gateio,0.13744,0.13767,67.0,32.0
2025-07-25T08:17:49.656157,lbank,0.13728,0.13752,539.57,735.2
2025-07-25T08:17:49.682509,bitget,0.13773,0.13776,7088.0,2126.0
2025-07-25T08:17:49.709931,huobi,0.13718,0.13753,1521.723,1069.786
2025-07-25T08:17:49.834031,bitget,0.13773,0.13776,7088.0,2126.0
2025-07-25T08:17:49.852137,bingx,0.13743,0.13757,400.0,1635.11
2025-07-25T08:17:49.886087,mexc,0.13769,0.1377,546258.0,546258.0
2025-07-25T08:17:50.008640,gateio,0.13745,0.13767,31.0,32.0
2025-07-25T08:17:50.018656,gateio,0.13745,0.13767,67.0,32.0
2025-07-25T08:17:50.019369,bybit,0.0,0.13765,0.0,4130.0
2025-07-25T08:17:50.029113,gateio,0.13746,0.13767,31.0,32.0
2025-07-25T08:17:50.038191,blofin,0.13769,0.13771,29.0,66.0
2025-07-25T08:17:50.118865,bitmart,0.13749,0.13791,8226.0,36682.0
2025-07-25T08:17:50.119415,bybit,0.13764,0.0,221.0,0.0
2025-07-25T08:17:50.135988,bitget,0.13773,0.13776,7088.0,2126.0
2025-07-25T08:17:50.221234,bybit,0.13761,0.0,827.0,0.0
2025-07-25T08:17:50.280186,lbank,0.13731,0.13753,828.53,735.2
2025-07-25T08:17:50.320110,bybit,0.13762,0.0,366.0,0.0
2025-07-25T08:17:50.419166,bybit,0.13762,0.0,606.0,0.0
2025-07-25T08:17:50.440675,bitget,0.13773,0.13776,7088.0,2126.0
2025-07-25T08:17:50.508576,huobi,0.1372,0.13756,1521.723,1069.786
2025-07-25T08:17:50.550675,blofin,0.13769,0.13771,29.0,66.0
2025-07-25T08:17:50.583109,bitget,0.13773,0.13776,7088.0,2126.0
2025-07-25T08:17:50.608612,huobi,0.13722,0.13754,1521.723,1059.9668
2025-07-25T08:17:50.655547,lbank,0.13731,0.13753,828.53,735.2
2025-07-25T08:17:50.709613,huobi,0.13724,0.13757,1521.723,1069.786
2025-07-25T08:17:50.736306,bitget,0.13773,0.13776,7088.0,2126.0
2025-07-25T08:17:50.756305,bingx,0.13743,0.13757,400.0,1635.11
2025-07-25T08:17:50.808499,huobi,0.13725,0.13757,125.4108,1069.786
2025-07-25T08:17:50.884689,bitget,0.13773,0.13776,7088.0,2126.0
2025-07-25T08:17:51.035249,bitget,0.13773,0.13776,7088.0,2126.0
2025-07-25T08:17:51.040299,blofin,0.13769,0.13771,29.0,66.0
2025-07-25T08:17:51.082283,bitmart,0.13749,0.13791,8226.0,36682.0
2025-07-25T08:17:51.119418,bybit,0.13762,0.0,918.0,0.0
2025-07-25T08:17:51.219654,bybit,0.0,0.13763,0.0,247.0
2025-07-25T08:17:51.484863,bitget,0.13773,0.13776,7088.0,2126.0
2025-07-25T08:17:51.510150,huobi,0.13715,0.13757,6130.5875,1849.463
2025-07-25T08:17:51.541456,blofin,0.13769,0.13771,29.0,66.0
2025-07-25T08:17:51.608461,huobi,0.13715,0.13755,6255.9983,1069.786
2025-07-25T08:17:51.634534,bitget,0.13774,0.13776,1334.0,2126.0
2025-07-25T08:17:51.662332,bingx,0.13743,0.13757,400.0,1635.11
2025-07-25T08:17:51.784909,bitget,0.13774,0.13776,1334.0,2126.0
2025-07-25T08:17:52.049742,bitmart,0.13749,0.13791,8226.0,36682.0
2025-07-25T08:17:52.056071,blofin,0.13769,0.13771,38.0,13.0
2025-07-25T08:17:52.119261,bybit,0.13762,0.0,606.0,0.0
2025-07-25T08:17:52.160561,lbank,0.13731,0.13753,828.53,735.2
2025-07-25T08:17:52.267734,mexc,0.13769,0.1377,546258.0,546258.0
2025-07-25T08:17:52.544259,blofin,0.13769,0.13771,38.0,13.0
2025-07-25T08:17:52.557853,bingx,0.13743,0.13757,400.0,1635.11
2025-07-25T08:17:52.609379,huobi,0.13714,0.1376,1423.6902,1069.786
2025-07-25T08:17:52.659985,lbank,0.13731,0.13753,828.53,735.2
2025-07-25T08:17:52.684384,bitget,0.13774,0.13776,1334.0,2126.0
2025-07-25T08:17:52.708244,huobi,0.13717,0.13758,1647.1338,1069.786
2025-07-25T08:17:52.907425,huobi,0.13718,0.13756,1521.723,1069.786
2025-07-25T08:17:52.920455,bybit,0.0,0.0,0.0,0.0
2025-07-25T08:17:52.986201,bitget,0.13774,0.13776,1334.0,2126.0
2025-07-25T08:17:53.052648,blofin,0.13769,0.13771,38.0,13.0
2025-07-25T08:17:53.121607,bitmart,0.13749,0.13791,8226.0,36682.0
2025-07-25T08:17:53.158648,lbank,0.13731,0.13753,828.53,735.2
2025-07-25T08:17:53.219458,bybit,0.0,0.0,0.0,0.0
2025-07-25T08:17:53.412169,huobi,0.13719,0.13754,1521.723,1069.786
2025-07-25T08:17:53.437918,bitget,0.13774,0.13776,1334.0,2126.0
2025-07-25T08:17:53.459389,bingx,0.13743,0.13757,400.0,1635.11
2025-07-25T08:17:53.510934,huobi,0.13715,0.13754,1647.1338,1936.8335
2025-07-25T08:17:53.546809,blofin,0.13769,0.13771,38.0,13.0
2025-07-25T08:17:53.585325,bitget,0.13774,0.13776,1334.0,2126.0
2025-07-25T08:17:53.656187,lbank,0.13731,0.13753,828.53,735.2
2025-07-25T08:17:53.734732,bitget,0.13774,0.13776,1334.0,2126.0
2025-07-25T08:17:53.770734,bingx,0.13743,0.13757,400.0,1635.11
2025-07-25T08:17:53.886622,bitget,0.13774,0.13776,1334.0,2126.0
2025-07-25T08:17:54.025167,blofin,0.13769,0.13771,38.0,13.0
2025-07-25T08:17:54.035174,bitget,0.13774,0.13776,1334.0,2126.0
2025-07-25T08:17:54.118597,bitmart,0.13749,0.13791,8226.0,36682.0
2025-07-25T08:17:54.185688,bitget,0.13774,0.13776,1334.0,2126.0
2025-07-25T08:17:54.337195,bitget,0.13774,0.13776,1334.0,2126.0
2025-07-25T08:17:54.474383,gateio,0.13747,0.13767,31.0,32.0
2025-07-25T08:17:54.488132,gateio,0.13748,0.13767,31.0,32.0
2025-07-25T08:17:54.506293,gateio,0.13748,0.13767,36.0,32.0
2025-07-25T08:17:54.518397,gateio,0.13749,0.13767,31.0,32.0
2025-07-25T08:17:54.531202,blofin,0.13769,0.13771,38.0,13.0
2025-07-25T08:17:54.658171,lbank,0.13731,0.13753,828.53,735.2
2025-07-25T08:17:54.666553,bingx,0.13743,0.13757,400.0,1635.11
2025-07-25T08:17:54.692145,mexc,0.1377,0.13771,546258.0,546258.0
2025-07-25T08:17:54.707571,huobi,0.13716,0.13754,1521.723,1936.8335
2025-07-25T08:17:54.785356,bitget,0.13774,0.13776,1334.0,2126.0
2025-07-25T08:17:54.935529,bitget,0.13774,0.13776,1334.0,2126.0
2025-07-25T08:17:55.045597,blofin,0.13769,0.13771,31.0,11.0
2025-07-25T08:17:55.085808,bitget,0.13774,0.13776,1334.0,2126.0
2025-07-25T08:17:55.095964,bitmart,0.13749,0.13791,8226.0,36682.0
2025-07-25T08:17:55.290719,lbank,0.13731,0.13753,828.53,735.2
2025-07-25T08:17:55.309534,huobi,0.13717,0.13754,1521.723,1936.8335
2025-07-25T08:17:55.541539,bitget,0.13774,0.13775,1334.0,145.0
2025-07-25T08:17:55.541606,blofin,0.13769,0.13771,31.0,11.0
2025-07-25T08:17:55.569998,bingx,0.13743,0.13757,400.0,1635.11
2025-07-25T08:17:55.664143,lbank,0.13731,0.13753,828.53,735.2
2025-07-25T08:17:55.687631,bitget,0.13773,0.13776,7088.0,2126.0
2025-07-25T08:17:55.808596,huobi,0.13718,0.13754,125.4108,1936.8335
2025-07-25T08:17:55.836070,bitget,0.13774,0.13776,1234.0,2126.0
2025-07-25T08:17:55.986222,bitget,0.13774,0.13776,1234.0,2126.0
2025-07-25T08:17:56.055269,blofin,0.13769,0.13771,31.0,11.0
2025-07-25T08:17:56.103407,bitmart,0.13749,0.13791,8226.0,36682.0
2025-07-25T08:17:56.155953,lbank,0.13731,0.13753,828.53,735.2
2025-07-25T08:17:56.240452,gateio,0.13749,0.13767,39.0,32.0
2025-07-25T08:17:56.472603,bingx,0.13743,0.13757,400.0,1635.11
2025-07-25T08:17:56.539115,blofin,0.13769,0.13771,31.0,11.0
2025-07-25T08:17:56.655942,lbank,0.13731,0.13753,828.53,735.2
2025-07-25T08:17:56.717651,huobi,0.13718,0.13754,125.4108,1157.1565
2025-07-25T08:17:56.719472,bybit,0.13764,0.13765,364.0,3910.0
2025-07-25T08:17:56.738649,bitget,0.13774,0.13776,1234.0,2126.0
2025-07-25T08:17:56.795071,gateio,0.1375,0.13767,31.0,32.0
2025-07-25T08:17:56.811760,huobi,0.13715,0.13754,125.4108,1157.1565
2025-07-25T08:17:56.819628,bybit,0.13763,0.0,364.0,0.0
2025-07-25T08:17:56.886397,bitget,0.13774,0.13776,1972.0,2271.0
2025-07-25T08:17:56.919421,bybit,0.0,0.13764,0.0,225.0
2025-07-25T08:17:57.040210,bitget,0.13774,0.13776,1972.0,2126.0
2025-07-25T08:17:57.040629,blofin,0.13769,0.13771,31.0,11.0
2025-07-25T08:17:57.056629,bitmart,0.13749,0.13791,8226.0,36682.0
2025-07-25T08:17:57.069954,mexc,0.1377,0.13771,546258.0,546258.0
2025-07-25T08:17:57.157057,lbank,0.13731,0.13753,828.53,735.2
2025-07-25T08:17:57.187157,bitget,0.13774,0.13776,1972.0,2126.0
2025-07-25T08:17:57.379534,bingx,0.13743,0.13757,400.0,1635.11
2025-07-25T08:17:57.541261,blofin,0.13769,0.13774,48.0,12.0
2025-07-25T08:17:57.702544,gateio,0.1375,0.13767,67.0,32.0
2025-07-25T08:17:57.720686,gateio,0.13751,0.13767,31.0,32.0
2025-07-25T08:17:57.762706,gateio,0.13751,0.13767,67.0,32.0
2025-07-25T08:17:57.790377,bitget,0.13774,0.13776,1234.0,2126.0
2025-07-25T08:17:57.906275,gateio,0.13752,0.13767,31.0,32.0
2025-07-25T08:17:57.937241,bitget,0.13773,0.13776,7088.0,2126.0
2025-07-25T08:17:58.010737,huobi,0.13716,0.13754,1521.723,1936.8335
2025-07-25T08:17:58.052048,blofin,0.13769,0.13774,48.0,12.0
2025-07-25T08:17:58.093027,bitget,0.13774,0.13776,1045.0,2126.0
2025-07-25T08:17:58.104808,bitmart,0.13749,0.13791,8226.0,36682.0
2025-07-25T08:17:58.155981,lbank,0.13731,0.13753,828.53,735.2
2025-07-25T08:17:58.281316,bingx,0.13743,0.13757,400.0,1635.11
2025-07-25T08:17:58.499898,gateio,0.13752,0.13767,67.0,32.0
2025-07-25T08:17:58.559271,bitget,0.13773,0.13776,7088.0,2126.0
2025-07-25T08:17:58.568152,blofin,0.13769,0.13774,48.0,12.0
2025-07-25T08:17:58.568343,gateio,0.13752,0.13767,103.0,32.0
2025-07-25T08:17:58.657086,lbank,0.13731,0.13753,828.53,735.2
2025-07-25T08:17:58.688126,bitget,0.13773,0.13776,7088.0,2126.0
2025-07-25T08:17:58.788848,gateio,0.13752,0.13767,67.0,32.0
2025-07-25T08:17:58.810927,huobi,0.13715,0.13754,125.4108,1936.8335
2025-07-25T08:17:58.909769,huobi,0.13717,0.13754,1521.723,1936.8335
2025-07-25T08:17:58.988371,bitget,0.13773,0.13776,7088.0,2126.0
2025-07-25T08:17:59.036056,bitmart,0.13749,0.13791,8226.0,36682.0
2025-07-25T08:17:59.076117,blofin,0.13769,0.13773,33.0,26.0
2025-07-25T08:17:59.157515,lbank,0.13731,0.13753,828.53,735.2
2025-07-25T08:17:59.189557,bingx,0.13743,0.13757,400.0,1635.11
2025-07-25T08:17:59.277636,gateio,0.13752,0.13767,36.0,32.0
2025-07-25T08:17:59.292124,bitget,0.13773,0.13776,7088.0,2126.0
2025-07-25T08:17:59.299367,gateio,0.13753,0.13767,31.0,32.0
2025-07-25T08:17:59.420163,huobi,0.13718,0.13754,125.4108,1936.8335
2025-07-25T08:17:59.420638,mexc,0.13771,0.13772,546258.0,546258.0
2025-07-25T08:17:59.462689,bitget,0.13773,0.13777,7088.0,7233.0
2025-07-25T08:17:59.529904,gateio,0.13747,0.13767,31.0,32.0
2025-07-25T08:17:59.539277,blofin,0.13769,0.13773,33.0,26.0
2025-07-25T08:17:59.551674,gateio,0.13747,0.13767,67.0,32.0
2025-07-25T08:17:59.590199,bitget,0.13773,0.13777,7088.0,7233.0
2025-07-25T08:17:59.590740,gateio,0.13748,0.13767,31.0,32.0
2025-07-25T08:17:59.738939,bitget,0.13773,0.13776,7088.0,2170.0
2025-07-25T08:17:59.782150,bingx,0.13743,0.13757,400.0,1635.11
2025-07-25T08:17:59.806062,gateio,0.13748,0.13767,67.0,32.0
2025-07-25T08:17:59.888221,bitget,0.13773,0.13776,7088.0,2170.0
2025-07-25T08:17:59.919485,gateio,0.13749,0.13767,31.0,32.0
2025-07-25T08:18:00.020012,huobi,0.13718,0.13754,125.4108,1936.8335
2025-07-25T08:18:00.039304,bitget,0.13773,0.13776,7088.0,2170.0
2025-07-25T08:18:00.053071,blofin,0.13769,0.13773,33.0,26.0
2025-07-25T08:18:00.148954,bitmart,0.13749,0.13791,8226.0,36682.0
2025-07-25T08:18:00.189800,bitget,0.13773,0.13776,7088.0,2170.0
2025-07-25T08:18:00.290425,lbank,0.13732,0.13755,1225.54,2294.6
2025-07-25T08:18:00.489762,bitget,0.13773,0.13776,7088.0,2170.0
2025-07-25T08:18:00.592039,blofin,0.13769,0.13773,33.0,26.0
2025-07-25T08:18:00.641049,bitget,0.13773,0.13776,7088.0,2170.0
2025-07-25T08:18:00.656056,lbank,0.13732,0.13755,1225.54,2294.6
2025-07-25T08:18:00.688240,bingx,0.13743,0.13757,400.0,1635.11
2025-07-25T08:18:00.789733,bitget,0.13773,0.13776,7088.0,2170.0
2025-07-25T08:18:01.017026,huobi,0.13719,0.13754,1521.723,1936.8335
2025-07-25T08:18:01.070696,blofin,0.13769,0.13773,33.0,26.0
2025-07-25T08:18:01.084718,bitmart,0.13749,0.13791,8226.0,36682.0
2025-07-25T08:18:01.091494,bitget,0.13773,0.13776,7088.0,2170.0
2025-07-25T08:18:01.158847,lbank,0.13732,0.13755,1225.54,3170.9
2025-07-25T08:18:01.291171,bingx,0.13743,0.13757,400.0,1635.11
2025-07-25T08:18:01.330489,gateio,0.13749,0.13767,48.0,32.0
2025-07-25T08:18:01.343111,gateio,0.1375,0.13767,31.0,32.0
2025-07-25T08:18:01.390609,bitget,0.13773,0.13776,7088.0,2170.0
2025-07-25T08:18:01.540979,blofin,0.13769,0.13773,33.0,26.0
2025-07-25T08:18:01.659938,lbank,0.13732,0.13755,1225.54,2294.6
2025-07-25T08:18:01.792049,mexc,0.13771,0.13772,546258.0,546258.0
2025-07-25T08:18:01.923408,bybit,0.0,0.13765,0.0,3910.0
2025-07-25T08:18:01.992468,bitget,0.13774,0.13776,945.0,2170.0
2025-07-25T08:18:01.997472,gateio,0.1375,0.13767,67.0,32.0
2025-07-25T08:18:02.012956,huobi,0.1372,0.13754,125.4108,1936.8335
2025-07-25T08:18:02.021285,bybit,0.13764,0.0,366.0,0.0
2025-07-25T08:18:02.052760,gateio,0.13751,0.13767,31.0,32.0
2025-07-25T08:18:02.072808,blofin,0.13769,0.1377,28.0,11.0
2025-07-25T08:18:02.081080,gateio,0.13751,0.13767,67.0,32.0
2025-07-25T08:18:02.119231,bybit,0.13764,0.0,596.0,0.0
2025-07-25T08:18:02.134679,bitmart,0.13749,0.13791,8226.0,36682.0
2025-07-25T08:18:02.141130,bitget,0.13774,0.13776,945.0,2170.0
2025-07-25T08:18:02.143460,gateio,0.13752,0.13767,31.0,32.0
2025-07-25T08:18:02.196224,bingx,0.13743,0.13757,400.0,1635.11
2025-07-25T08:18:02.291263,bitget,0.13774,0.13776,2008.0,2170.0
2025-07-25T08:18:02.319641,bybit,0.0,0.13765,0.0,4158.0
2025-07-25T08:18:02.368275,gateio,0.13753,0.13767,31.0,32.0
2025-07-25T08:18:02.443239,bitget,0.13774,0.13776,2008.0,2170.0
2025-07-25T08:18:02.554927,blofin,0.1377,0.13771,9.0,18.0
2025-07-25T08:18:03.038870,bitmart,0.13749,0.13791,8226.0,36682.0
2025-07-25T08:18:03.081175,blofin,0.1377,0.13771,9.0,18.0
2025-07-25T08:18:03.093590,bingx,0.13743,0.13757,400.0,1635.11
2025-07-25T08:18:03.158738,lbank,0.13732,0.13755,1225.54,2294.6
2025-07-25T08:18:03.194100,bitget,0.13774,0.13776,2008.0,2170.0
2025-07-25T08:18:03.307400,huobi,0.13715,0.13754,1521.723,1936.8335
2025-07-25T08:18:03.407403,huobi,0.13715,0.13754,1647.1338,1936.8335
2025-07-25T08:18:03.490677,bitget,0.13774,0.13776,2008.0,2315.0
2025-07-25T08:18:03.556910,blofin,0.1377,0.13771,9.0,18.0
2025-07-25T08:18:03.641969,bitget,0.13774,0.13776,2008.0,2170.0
2025-07-25T08:18:03.656211,lbank,0.13732,0.13755,1225.54,2294.6
2025-07-25T08:18:03.792633,bitget,0.13774,0.13776,2008.0,2170.0
2025-07-25T08:18:04.003215,bingx,0.13743,0.13757,400.0,1635.11
2025-07-25T08:18:04.080237,blofin,0.1377,0.13771,9.0,18.0
2025-07-25T08:18:04.115270,bitmart,0.13749,0.13791,8226.0,36682.0
2025-07-25T08:18:04.156127,lbank,0.13732,0.13755,1225.54,2294.6
2025-07-25T08:18:04.252385,mexc,0.13771,0.13772,546258.0,546258.0
2025-07-25T08:18:04.392528,bitget,0.13774,0.13776,2008.0,2170.0
2025-07-25T08:18:04.519475,bybit,0.0,0.13765,0.0,3910.0
2025-07-25T08:18:04.540733,bitget,0.13774,0.13777,2008.0,7088.0
2025-07-25T08:18:04.558564,blofin,0.1377,0.13771,6.0,18.0
2025-07-25T08:18:04.576117,gateio,0.13753,0.13767,67.0,32.0
2025-07-25T08:18:04.586554,gateio,0.13754,0.13768,31.0,50.0
2025-07-25T08:18:04.664274,lbank,0.13732,0.13755,1225.54,2294.6
2025-07-25T08:18:04.691189,bitget,0.13774,0.13776,2008.0,2126.0
2025-07-25T08:18:04.708017,huobi,0.13716,0.13754,1521.723,1936.8335
2025-07-25T08:18:04.720656,gateio,0.13754,0.13768,31.0,81.0
2025-07-25T08:18:04.744620,gateio,0.13754,0.13768,67.0,81.0
2025-07-25T08:18:04.760251,gateio,0.13755,0.13768,31.0,81.0
2025-07-25T08:18:04.848895,bitget,0.13774,0.13776,2008.0,2126.0
2025-07-25T08:18:04.858203,gateio,0.13755,0.13768,31.0,50.0
2025-07-25T08:18:04.870993,gateio,0.13755,0.13767,67.0,31.0
2025-07-25T08:18:04.914896,bingx,0.13743,0.13757,400.0,1635.11
2025-07-25T08:18:04.925277,gateio,0.13755,0.13767,31.0,31.0
2025-07-25T08:18:04.996724,bitget,0.13774,0.13777,2008.0,7088.0
2025-07-25T08:18:05.019412,bybit,0.0,0.13765,0.0,3947.0
2025-07-25T08:18:05.046129,blofin,0.1377,0.13771,6.0,18.0
2025-07-25T08:18:05.116455,bitmart,0.13749,0.13791,8226.0,36682.0
2025-07-25T08:18:05.142633,bitget,0.13774,0.13776,2008.0,2126.0
2025-07-25T08:18:05.319522,bybit,0.13764,0.0,1266.0,0.0
2025-07-25T08:18:05.565227,blofin,0.1377,0.13771,6.0,18.0
2025-07-25T08:18:05.656528,lbank,0.13731,0.13756,497.71,2294.6
2025-07-25T08:18:05.801924,bingx,0.13743,0.13757,400.0,1635.11
2025-07-25T08:18:06.068491,blofin,0.1377,0.13771,6.0,18.0
2025-07-25T08:18:06.071184,bitmart,0.13749,0.13791,8226.0,36682.0
2025-07-25T08:18:06.156147,lbank,0.13731,0.13756,497.71,5898.01
2025-07-25T08:18:06.563595,blofin,0.1377,0.13771,6.0,18.0
2025-07-25T08:18:06.632404,mexc,0.1377,0.13771,546258.0,546258.0
2025-07-25T08:18:06.655833,lbank,0.13731,0.13756,497.71,5898.01
2025-07-25T08:18:06.713467,bingx,0.13743,0.13757,400.0,1635.11
2025-07-25T08:18:07.048523,blofin,0.1377,0.13771,6.0,18.0
2025-07-25T08:18:07.059371,bitmart,0.13749,0.13791,8226.0,36682.0
2025-07-25T08:18:07.155642,lbank,0.13731,0.13756,497.71,2294.6
2025-07-25T08:18:07.219343,bybit,0.0,0.13765,0.0,3478.0
2025-07-25T08:18:07.319427,bybit,0.13764,0.0,1386.0,0.0
2025-07-25T08:18:07.394216,bitget,0.13774,0.13776,2008.0,2126.0
2025-07-25T08:18:07.519035,bybit,0.13764,0.0,1266.0,0.0
2025-07-25T08:18:07.544692,bitget,0.13774,0.13779,2008.0,1034.0
2025-07-25T08:18:07.545070,blofin,0.1377,0.13771,17.0,16.0
2025-07-25T08:18:07.610599,huobi,0.13717,0.13754,125.4108,1936.8335
2025-07-25T08:18:07.616290,bingx,0.13743,0.13757,400.0,1635.11
2025-07-25T08:18:07.667279,lbank,0.13731,0.13756,497.71,2294.6
2025-07-25T08:18:07.696317,bitget,0.13774,0.13777,2008.0,7088.0
2025-07-25T08:18:07.709837,huobi,0.13718,0.13754,1521.723,1936.8335
2025-07-25T08:18:07.993074,bitget,0.13774,0.13777,2008.0,7088.0
2025-07-25T08:18:08.067919,bitmart,0.13749,0.13791,8226.0,36682.0
2025-07-25T08:18:08.076276,blofin,0.1377,0.13771,17.0,16.0
2025-07-25T08:18:08.109263,huobi,0.13719,0.13754,1521.723,1936.8335
2025-07-25T08:18:08.158044,lbank,0.13731,0.13756,497.71,2294.6
2025-07-25T08:18:08.295227,bitget,0.13774,0.13777,2153.0,7088.0
2025-07-25T08:18:08.443771,bitget,0.13774,0.13776,2008.0,2126.0
2025-07-25T08:18:08.514507,bingx,0.13743,0.13757,400.0,1635.11
2025-07-25T08:18:08.552259,blofin,0.1377,0.13771,17.0,16.0
2025-07-25T08:18:08.595143,bitget,0.13774,0.13776,2008.0,2126.0
2025-07-25T08:18:08.655480,lbank,0.13731,0.13756,497.71,2294.6
2025-07-25T08:18:08.746057,bitget,0.13774,0.13776,2008.0,2126.0
2025-07-25T08:18:09.007698,mexc,0.1377,0.13771,546258.0,546258.0
2025-07-25T08:18:09.062365,blofin,0.1377,0.13771,17.0,16.0
2025-07-25T08:18:09.128847,bitmart,0.13749,0.13791,8226.0,36682.0
2025-07-25T08:18:09.160283,lbank,0.13731,0.13756,497.71,2294.6
2025-07-25T08:18:09.199273,bitget,0.13774,0.13776,2008.0,3001.0
2025-07-25T08:18:09.345671,bitget,0.13774,0.13776,2008.0,3001.0
2025-07-25T08:18:09.416505,bingx,0.13743,0.13757,400.0,1635.11
2025-07-25T08:18:09.495921,bitget,0.13774,0.13776,2008.0,3001.0
2025-07-25T08:18:09.550119,blofin,0.1377,0.13771,17.0,16.0
2025-07-25T08:18:09.655991,lbank,0.13731,0.13756,497.71,2294.6
2025-07-25T08:18:09.808581,huobi,0.1372,0.13754,125.4108,1936.8335
2025-07-25T08:18:09.914132,huobi,0.13714,0.13754,1423.6902,1936.8335
2025-07-25T08:18:09.944725,bitget,0.13774,0.13776,2008.0,3001.0
2025-07-25T08:18:10.009433,huobi,0.13716,0.13754,1521.723,1936.8335
2025-07-25T08:18:10.060344,blofin,0.1377,0.13771,18.0,14.0
2025-07-25T08:18:10.078130,bitmart,0.13749,0.13791,8226.0,36682.0
2025-07-25T08:18:10.244593,bitget,0.13774,0.13776,2008.0,3001.0
2025-07-25T08:18:10.270639,lbank,0.13729,0.13756,789.07,2294.6
2025-07-25T08:18:10.317826,lbank,0.13743,0.13756,4.07,2294.6
2025-07-25T08:18:10.344475,bingx,0.13743,0.13757,400.0,1635.11
2025-07-25T08:18:10.546130,bitget,0.13774,0.13776,2008.0,875.0
2025-07-25T08:18:10.560427,blofin,0.1377,0.13771,18.0,14.0
2025-07-25T08:18:10.656657,lbank,0.13729,0.13756,789.07,2294.6
2025-07-25T08:18:10.707639,huobi,0.13728,0.13754,4608.8645,1936.8335
2025-07-25T08:18:10.807821,huobi,0.13729,0.13754,1647.1338,1936.8335
2025-07-25T08:18:10.855672,bitget,0.13774,0.13776,2008.0,3272.0
2025-07-25T08:18:10.995703,bitget,0.13774,0.13776,2008.0,3272.0
2025-07-25T08:18:11.048046,blofin,0.1377,0.13771,18.0,14.0
2025-07-25T08:18:11.051371,bitmart,0.13749,0.13791,8226.0,36682.0
2025-07-25T08:18:11.153414,bitget,0.13774,0.13776,2008.0,3272.0
2025-07-25T08:18:11.212514,huobi,0.13715,0.13754,125.4108,1936.8335
2025-07-25T08:18:11.239145,bingx,0.13743,0.13757,400.0,1635.11
2025-07-25T08:18:11.297895,bitget,0.13773,0.13776,7233.0,3272.0
2025-07-25T08:18:11.311918,huobi,0.13715,0.13754,1647.1338,1936.8335
2025-07-25T08:18:11.395065,mexc,0.1377,0.13771,546258.0,546258.0
2025-07-25T08:18:11.460478,bitget,0.13774,0.13776,1608.0,3272.0
2025-07-25T08:18:11.548185,blofin,0.1377,0.13771,18.0,14.0
2025-07-25T08:18:11.552437,bingx,0.13743,0.13757,400.0,1635.11
2025-07-25T08:18:11.596042,bitget,0.13774,0.13776,1608.0,3272.0
2025-07-25T08:18:11.657422,lbank,0.13729,0.13756,789.07,2294.6
2025-07-25T08:18:12.048438,blofin,0.1377,0.13771,18.0,14.0
2025-07-25T08:18:12.088013,bitmart,0.13749,0.13791,8226.0,36682.0
2025-07-25T08:18:12.155302,lbank,0.13729,0.13756,789.07,2294.6
2025-07-25T08:18:12.443091,bingx,0.13743,0.13757,400.0,1635.11
2025-07-25T08:18:12.551456,blofin,0.1377,0.13771,18.0,14.0
2025-07-25T08:18:12.659930,lbank,0.13729,0.13756,789.07,2294.6
2025-07-25T08:18:13.057925,blofin,0.1377,0.13771,24.0,22.0
2025-07-25T08:18:13.122108,bitmart,0.13749,0.13791,8226.0,36682.0
2025-07-25T08:18:13.351067,bingx,0.13743,0.13757,400.0,1635.11
2025-07-25T08:18:13.543363,gateio,0.13739,0.13767,16.0,31.0
2025-07-25T08:18:13.553305,blofin,0.1377,0.13771,24.0,22.0
2025-07-25T08:18:13.557595,gateio,0.13751,0.13767,31.0,31.0
2025-07-25T08:18:13.589777,gateio,0.13752,0.13767,31.0,31.0
2025-07-25T08:18:13.635525,gateio,0.13752,0.13769,31.0,81.0
2025-07-25T08:18:13.651949,gateio,0.13752,0.13769,31.0,50.0
2025-07-25T08:18:13.697321,gateio,0.13752,0.13768,67.0,191.0
2025-07-25T08:18:13.700035,bitget,0.13774,0.13776,1608.0,3272.0
2025-07-25T08:18:13.728023,gateio,0.13753,0.13767,31.0,31.0
2025-07-25T08:18:13.816686,mexc,0.1377,0.13771,546258.0,546258.0
2025-07-25T08:18:13.846504,bitget,0.13774,0.13776,1608.0,3272.0
2025-07-25T08:18:13.999202,bitget,0.13774,0.13776,1608.0,875.0
2025-07-25T08:18:14.043948,blofin,0.1377,0.13771,24.0,22.0
2025-07-25T08:18:14.078121,gateio,0.13753,0.13767,33.0,31.0
2025-07-25T08:18:14.109255,huobi,0.13715,0.13754,1647.1338,1936.8335
2025-07-25T08:18:14.118249,bitmart,0.13749,0.13791,8226.0,36682.0
2025-07-25T08:18:14.147634,bitget,0.13774,0.13776,1608.0,875.0
2025-07-25T08:18:14.259883,bingx,0.13743,0.13757,400.0,1635.11
2025-07-25T08:18:14.298367,bitget,0.13774,0.13776,1608.0,3272.0
2025-07-25T08:18:14.302417,gateio,0.13754,0.13767,31.0,31.0
2025-07-25T08:18:14.316429,gateio,0.13754,0.13767,67.0,31.0
2025-07-25T08:18:14.448186,bitget,0.13774,0.13776,1608.0,3272.0
2025-07-25T08:18:14.552501,blofin,0.1377,0.13771,24.0,22.0
2025-07-25T08:18:14.605454,bitget,0.13774,0.13776,1608.0,2397.0
2025-07-25T08:18:14.655458,lbank,0.13729,0.13756,789.07,2294.6
2025-07-25T08:18:14.752877,bitget,0.13774,0.13776,1608.0,2397.0
2025-07-25T08:18:14.900265,bitget,0.13774,0.13777,1608.0,7233.0
2025-07-25T08:18:14.911608,huobi,0.13734,0.13754,522.5595,1936.8335
2025-07-25T08:18:15.012353,huobi,0.13729,0.13754,125.4108,1936.8335
2025-07-25T08:18:15.047367,bitget,0.13774,0.13776,1608.0,2170.0
2025-07-25T08:18:15.059080,blofin,0.1377,0.13771,24.0,22.0
2025-07-25T08:18:15.108567,bitmart,0.13749,0.13791,8226.0,36682.0
2025-07-25T08:18:15.130552,gateio,0.13755,0.13767,31.0,31.0
2025-07-25T08:18:15.155703,bingx,0.13743,0.13757,400.0,1635.11
2025-07-25T08:18:15.199843,bitget,0.13774,0.13777,1608.0,7088.0
2025-07-25T08:18:15.311302,huobi,0.1373,0.13754,1521.723,1936.8335
2025-07-25T08:18:15.348706,bitget,0.13774,0.13777,1608.0,7088.0
2025-07-25T08:18:15.357358,lbank,0.13729,0.13756,789.07,2294.6
