timestamp,exchange,bid,ask,bid_vol,ask_vol
2025-07-25T08:16:26.228008,bybit,0.2576,0.2577,14287.2,22223.1
2025-07-25T08:16:26.228037,bybit,0.2576,0.2577,14900.4,20476.6
2025-07-25T08:16:26.228061,bybit,0.2576,0.0,15054.9,0.0
2025-07-25T08:16:26.228676,bybit,0.0,0.2577,0.0,20521.6
2025-07-25T08:16:26.292629,bybit,0.2576,0.0,14441.7,0.0
2025-07-25T08:16:26.351614,bybit,0.0,0.2577,0.0,22268.1
2025-07-25T08:16:26.420502,bybit,0.2576,0.2577,18441.7,24268.1
2025-07-25T08:16:26.564071,digifinex,0.2576,0.2577,1296.0,928.0
2025-07-25T08:16:26.620316,bybit,0.2576,0.2577,19054.9,22521.6
2025-07-25T08:16:26.683048,bitget,0.2576,0.2577,4262.1,24539.5
2025-07-25T08:16:26.685100,okx,0.2575,0.2577,3849.594493,4056.065064
2025-07-25T08:16:26.754587,okx,0.2575,0.2577,8035.194663,4056.065064
2025-07-25T08:16:26.880965,okx,0.2575,0.2577,7535.194663,4056.065064
2025-07-25T08:16:26.920361,bybit,0.2576,0.0,18835.7,0.0
2025-07-25T08:16:26.963226,bitget,0.2576,0.2577,18262.1,24539.5
2025-07-25T08:16:27.016424,huobi,0.2575,0.2577,11081.92,1024.4
2025-07-25T08:16:27.020754,bybit,0.0,0.2577,0.0,22693.4
2025-07-25T08:16:27.119107,bitget,0.2576,0.2577,18262.1,24539.5
2025-07-25T08:16:27.120530,bybit,0.2576,0.0,19054.9,0.0
2025-07-25T08:16:27.221180,bybit,0.2576,0.0,18835.7,0.0
2025-07-25T08:16:27.309170,huobi,0.2575,0.2576,11081.92,864.0
2025-07-25T08:16:27.321371,bybit,0.2576,0.0,18222.5,0.0
2025-07-25T08:16:27.387309,ascendex,0.0,0.258,0.0,348635.0
2025-07-25T08:16:27.412902,huobi,0.2576,0.2577,864.0,979.0
2025-07-25T08:16:27.421096,bybit,0.2576,0.2577,23913.4,13693.4
2025-07-25T08:16:27.425932,bitget,0.2576,0.2577,20168.7,24539.5
2025-07-25T08:16:27.491908,okx,0.2576,0.2577,3685.60017,2285.096236
2025-07-25T08:16:27.512873,huobi,0.2575,0.2577,11081.92,1024.4
2025-07-25T08:16:27.547372,binance,0.2576,0.2576,0.0,0.0
2025-07-25T08:16:27.561932,bitget,0.2576,0.2577,20168.7,24539.5
2025-07-25T08:16:27.572901,bitmart,0.257,0.2582,137509.0,855962.0
2025-07-25T08:16:27.587160,okx,0.2576,0.2577,3685.60017,1055.096236
2025-07-25T08:16:27.712495,huobi,0.2575,0.2577,11081.92,979.0
2025-07-25T08:16:27.713040,bitget,0.2576,0.2577,20168.7,24539.5
2025-07-25T08:16:27.821206,bybit,0.2576,0.0,23529.1,0.0
2025-07-25T08:16:27.863513,bitget,0.2576,0.2577,20168.7,24539.5
2025-07-25T08:16:27.988300,bingx,0.2574,0.2577,2677.79,3673.9
2025-07-25T08:16:28.017860,bitget,0.2576,0.2577,20168.7,24539.5
2025-07-25T08:16:28.020342,bybit,0.2576,0.0,24054.9,0.0
2025-07-25T08:16:28.121030,bybit,0.2576,0.0,23529.1,0.0
2025-07-25T08:16:28.163159,bitget,0.2576,0.2577,20168.7,24539.5
2025-07-25T08:16:28.173728,lbank,0.2576,0.2577,23095.2,5626.73
2025-07-25T08:16:28.221088,bybit,0.2576,0.0,24132.6,0.0
2025-07-25T08:16:28.315335,bitget,0.2576,0.2577,20168.7,24539.5
2025-07-25T08:16:28.420220,bybit,0.2576,0.0,23913.4,0.0
2025-07-25T08:16:28.463026,bitget,0.2576,0.2577,20168.7,24539.5
2025-07-25T08:16:28.514167,huobi,0.2576,0.2577,864.0,979.0
2025-07-25T08:16:28.521040,bybit,0.2576,0.0,24132.6,0.0
2025-07-25T08:16:28.547461,binance,0.2576,0.2576,0.0,0.0
2025-07-25T08:16:28.577335,bitmart,0.257,0.2582,137509.0,855962.0
2025-07-25T08:16:28.596961,blofin,0.2573,0.2574,1072.0,3.0
2025-07-25T08:16:28.609743,huobi,0.2575,0.2577,11081.92,1024.4
2025-07-25T08:16:28.617164,bitget,0.2576,0.2577,20168.7,24539.5
2025-07-25T08:16:28.621040,bybit,0.2576,0.0,24054.9,0.0
2025-07-25T08:16:28.709924,huobi,0.2575,0.2577,7777.76,1024.4
2025-07-25T08:16:28.764052,bitget,0.2576,0.2577,20168.7,24539.5
2025-07-25T08:16:28.809919,huobi,0.2575,0.2577,8405.28,1024.4
2025-07-25T08:16:28.866966,mexc,0.2576,0.2577,35441262.0,35441262.0
2025-07-25T08:16:28.886660,bingx,0.2574,0.2577,2677.79,3673.9
2025-07-25T08:16:28.921667,bitget,0.2576,0.2577,20168.7,24539.5
2025-07-25T08:16:29.011601,huobi,0.2575,0.2577,8405.28,979.0
2025-07-25T08:16:29.020945,bybit,0.0,0.2577,0.0,11156.7
2025-07-25T08:16:29.077541,blofin,0.2573,0.2574,1071.0,3.0
2025-07-25T08:16:29.114665,huobi,0.2575,0.2577,8405.28,1024.4
2025-07-25T08:16:29.120274,bybit,0.0,0.2577,0.0,8575.5
2025-07-25T08:16:29.178620,lbank,0.2576,0.2577,23095.2,5626.73
2025-07-25T08:16:29.210282,huobi,0.2575,0.2577,8405.28,979.0
2025-07-25T08:16:29.216400,bitget,0.2576,0.2577,20168.7,24539.5
2025-07-25T08:16:29.320288,bybit,0.2576,0.2577,24132.6,1245.9
2025-07-25T08:16:29.330303,ascendex,0.0,0.2586,0.0,136495.0
2025-07-25T08:16:29.355680,gateio,0.25748,0.25775,127.0,122.0
2025-07-25T08:16:29.369086,bitget,0.2576,0.2577,20168.7,24539.5
2025-07-25T08:16:29.414062,huobi,0.2576,0.2577,864.0,979.0
2025-07-25T08:16:29.420379,bybit,0.0,0.2577,0.0,1216.7
2025-07-25T08:16:29.478095,digifinex,0.2576,0.2578,1296.0,1366.0
2025-07-25T08:16:29.514221,bitget,0.2576,0.2577,24323.7,16539.5
2025-07-25T08:16:29.542088,blofin,0.2573,0.2574,1071.0,3.0
2025-07-25T08:16:29.547412,binance,0.2576,0.2576,0.0,0.0
2025-07-25T08:16:29.577299,bitmart,0.257,0.2582,1100383.0,855962.0
2025-07-25T08:16:29.612483,huobi,0.2576,0.2577,1956.1,979.0
2025-07-25T08:16:29.651294,gateio,0.25748,0.25775,204.0,122.0
2025-07-25T08:16:29.665029,bitget,0.2576,0.2577,24323.7,16539.5
2025-07-25T08:16:29.672026,lbank,0.2576,0.2577,23095.2,5626.73
2025-07-25T08:16:29.677121,digifinex,0.2576,0.2577,1296.0,205.0
2025-07-25T08:16:29.787057,bingx,0.2574,0.2577,2677.79,3673.9
2025-07-25T08:16:29.855293,gateio,0.25748,0.25775,77.0,122.0
2025-07-25T08:16:29.899480,okx,0.2576,0.2577,3685.60017,776.096236
2025-07-25T08:16:29.943570,gateio,0.25749,0.25775,127.0,122.0
2025-07-25T08:16:29.970386,bitget,0.2576,0.2577,24323.7,9993.8
2025-07-25T08:16:30.020205,bybit,0.2576,0.0,29001.3,0.0
2025-07-25T08:16:30.047635,blofin,0.2572,0.2574,1634.0,3.0
2025-07-25T08:16:30.118105,bitget,0.2576,0.2577,24323.7,9993.8
2025-07-25T08:16:30.174941,lbank,0.2576,0.2577,23095.2,5626.73
2025-07-25T08:16:30.264162,bitget,0.2576,0.2577,24323.7,9993.8
2025-07-25T08:16:30.449935,bingx,0.2574,0.2577,2677.79,3673.9
2025-07-25T08:16:30.481134,bitmart,0.257,0.2582,1100383.0,855962.0
2025-07-25T08:16:30.513145,huobi,0.2576,0.2577,1956.1,115.0
2025-07-25T08:16:30.520705,bybit,0.2576,0.0,26684.5,0.0
2025-07-25T08:16:30.525973,blofin,0.2574,0.2575,797.0,5.0
2025-07-25T08:16:30.548767,binance,0.2576,0.2576,0.0,0.0
2025-07-25T08:16:30.575671,digifinex,0.2576,0.2577,1296.0,204.0
2025-07-25T08:16:30.620600,bybit,0.2576,0.0,25801.4,0.0
2025-07-25T08:16:30.621027,huobi,0.2576,0.2577,8869.86,979.0
2025-07-25T08:16:30.675006,lbank,0.2576,0.2577,23095.2,5626.73
2025-07-25T08:16:30.699256,bingx,0.2576,0.2577,117.22,10.71
2025-07-25T08:16:30.714296,bitget,0.2576,0.2577,22887.0,5514.9
2025-07-25T08:16:30.720408,bybit,0.2576,0.0,23748.3,0.0
2025-07-25T08:16:30.724067,okx,0.2576,0.2577,3685.60017,1055.096236
2025-07-25T08:16:30.781576,digifinex,0.2577,0.2578,458.0,1366.0
2025-07-25T08:16:30.817905,huobi,0.2576,0.2577,1956.1,979.0
2025-07-25T08:16:30.880845,bitget,0.2576,0.2577,26198.4,19777.0
2025-07-25T08:16:30.899719,ascendex,0.2574,0.258,139914.0,0.0
2025-07-25T08:16:30.920305,bybit,0.2576,0.0,23773.6,0.0
2025-07-25T08:16:31.017164,bitget,0.2576,0.2577,27302.2,19777.0
2025-07-25T08:16:31.047834,blofin,0.2574,0.2575,800.0,5.0
2025-07-25T08:16:31.120198,bybit,0.0,0.0,0.0,0.0
2025-07-25T08:16:31.169486,bitget,0.2576,0.2577,27302.2,19777.0
2025-07-25T08:16:31.173838,lbank,0.2576,0.2577,23095.2,26368.66
2025-07-25T08:16:31.220271,bybit,0.2576,0.0,24401.7,0.0
2025-07-25T08:16:31.253029,mexc,0.2576,0.2577,35441262.0,35441262.0
2025-07-25T08:16:31.290425,bingx,0.2576,0.2577,117.22,10.71
2025-07-25T08:16:31.317203,bitget,0.2576,0.2577,27302.2,19777.0
2025-07-25T08:16:31.320450,bybit,0.2576,0.0,26148.2,0.0
2025-07-25T08:16:31.469874,bitget,0.2576,0.2577,31457.2,10831.1
2025-07-25T08:16:31.487849,okx,0.2576,0.2577,3685.60017,279.0
2025-07-25T08:16:31.520164,bybit,0.0,0.2577,0.0,1212.4
2025-07-25T08:16:31.529578,ascendex,0.2569,0.2587,70948.0,0.0
2025-07-25T08:16:31.534723,bitmart,0.2572,0.2583,349695.0,823862.0
2025-07-25T08:16:31.537083,blofin,0.2574,0.2575,800.0,5.0
2025-07-25T08:16:31.548105,binance,0.2576,0.2576,0.0,0.0
2025-07-25T08:16:31.611197,huobi,0.2576,0.2577,8869.86,979.0
2025-07-25T08:16:31.615420,bitget,0.2576,0.2577,27302.2,15093.2
2025-07-25T08:16:31.672056,lbank,0.2576,0.2577,39648.0,20741.93
2025-07-25T08:16:31.696818,okx,0.2576,0.2577,4185.60017,279.0
2025-07-25T08:16:31.720514,bybit,0.2576,0.2577,26469.7,1347.4
2025-07-25T08:16:31.770839,bitget,0.2576,0.2577,31457.2,5093.2
2025-07-25T08:16:31.776865,digifinex,0.2577,0.2578,458.0,1345.0
2025-07-25T08:16:31.820286,bybit,0.2576,0.2577,23247.8,17796.4
2025-07-25T08:16:31.845009,okx,0.2576,0.2577,3685.60017,279.0
2025-07-25T08:16:31.849419,ascendex,0.0,0.2733,0.0,0.0
2025-07-25T08:16:31.879895,digifinex,0.2576,0.2578,1296.0,1345.0
2025-07-25T08:16:31.916026,huobi,0.2576,0.2577,1092.1,979.0
2025-07-25T08:16:31.920409,bybit,0.2576,0.2577,28116.5,17135.1
2025-07-25T08:16:31.920735,bitget,0.2576,0.2577,20980.4,13377.2
2025-07-25T08:16:31.972891,okx,0.2575,0.2577,8811.592178,817.79756
2025-07-25T08:16:31.976474,digifinex,0.2576,0.2577,1296.0,1118.0
2025-07-25T08:16:32.020396,bybit,0.2576,0.2577,23554.4,11871.8
2025-07-25T08:16:32.066620,bitget,0.2576,0.2577,59401.5,27377.2
2025-07-25T08:16:32.067686,blofin,0.2574,0.2576,3.0,647.0
2025-07-25T08:16:32.150847,ascendex,0.2574,0.258,0.0,348635.0
2025-07-25T08:16:32.198353,bingx,0.2576,0.2577,117.22,10.71
2025-07-25T08:16:32.217488,bitget,0.2576,0.2577,59401.2,27377.2
2025-07-25T08:16:32.320868,bybit,0.2576,0.2577,24096.2,11871.9
2025-07-25T08:16:32.339200,gateio,0.25747,0.25775,117.0,122.0
2025-07-25T08:16:32.367156,bitget,0.2576,0.2577,59401.2,27377.2
2025-07-25T08:16:32.420679,bybit,0.2576,0.2577,24104.9,16896.2
2025-07-25T08:16:32.421193,gateio,0.25743,0.25775,122.0,122.0
2025-07-25T08:16:32.475973,ascendex,0.257,0.2584,280303.0,0.0
2025-07-25T08:16:32.491908,bitmart,0.257,0.2582,1097087.0,879306.0
2025-07-25T08:16:32.520588,bybit,0.2576,0.2577,13457.5,18314.8
2025-07-25T08:16:32.523774,bitget,0.2576,0.2577,59401.2,27377.2
2025-07-25T08:16:32.545170,blofin,0.2573,0.2576,3.0,588.0
2025-07-25T08:16:32.547814,binance,0.2577,0.2577,0.0,0.0
2025-07-25T08:16:32.578036,digifinex,0.2576,0.2577,1296.0,1118.0
2025-07-25T08:16:32.620182,bybit,0.0,0.2577,0.0,17509.4
2025-07-25T08:16:32.658459,okx,0.2575,0.2577,7535.194663,3034.61116
2025-07-25T08:16:32.669420,bitget,0.2575,0.2577,178887.2,31532.2
2025-07-25T08:16:32.679997,digifinex,0.2576,0.2577,113.0,1071.0
2025-07-25T08:16:32.713130,huobi,0.2575,0.2576,864.0,864.0
2025-07-25T08:16:32.767540,okx,0.2575,0.2577,7535.194663,4789.89492
2025-07-25T08:16:32.779860,ascendex,0.257,0.0,210683.0,0.0
2025-07-25T08:16:32.812433,huobi,0.2575,0.2576,1993.21,864.0
2025-07-25T08:16:32.821069,bitget,0.2575,0.2576,180828.2,831.1
2025-07-25T08:16:32.920255,bybit,0.2576,0.0,13697.3,0.0
2025-07-25T08:16:32.965861,bitget,0.2575,0.2576,186651.2,19093.2
2025-07-25T08:16:32.980369,gateio,0.25741,0.25775,172.0,122.0
2025-07-25T08:16:33.010446,gateio,0.25741,0.25775,50.0,122.0
2025-07-25T08:16:33.020539,bybit,0.2576,0.2577,5643.1,19091.0
2025-07-25T08:16:33.056192,blofin,0.2574,0.2576,5.0,1052.0
2025-07-25T08:16:33.076111,digifinex,0.2575,0.2577,1280.0,1071.0
2025-07-25T08:16:33.089377,ascendex,0.2573,0.0,0.0,0.0
2025-07-25T08:16:33.101621,bingx,0.2575,0.2577,27543.15,107.1
2025-07-25T08:16:33.113460,huobi,0.2575,0.2576,1129.21,864.0
2025-07-25T08:16:33.119536,bitget,0.2575,0.2576,170710.2,19093.2
2025-07-25T08:16:33.172867,lbank,0.2576,0.2577,39648.0,20741.93
2025-07-25T08:16:33.176260,okx,0.2574,0.2576,15404.706612,1317.79756
2025-07-25T08:16:33.176534,digifinex,0.2575,0.2576,1280.0,535.0
2025-07-25T08:16:33.220644,bybit,0.2576,0.2577,256.7,19168.7
2025-07-25T08:16:33.268524,bitget,0.2575,0.2576,48414.4,23248.2
2025-07-25T08:16:33.320832,bybit,0.0,0.2577,0.0,28168.7
2025-07-25T08:16:33.324869,gateio,0.2574,0.25775,116.0,122.0
2025-07-25T08:16:33.336946,gateio,0.25737,0.25775,51.0,122.0
2025-07-25T08:16:33.400858,bingx,0.2575,0.2577,27543.15,107.1
2025-07-25T08:16:33.401080,okx,0.2574,0.2576,14904.706612,1317.79756
2025-07-25T08:16:33.409493,ascendex,0.257,0.2579,140187.0,174419.0
2025-07-25T08:16:33.418053,gateio,0.25737,0.25775,50.0,122.0
2025-07-25T08:16:33.422073,bybit,0.2575,0.2576,5119.2,36343.9
2025-07-25T08:16:33.423923,bitget,0.2575,0.2576,48414.4,23248.2
2025-07-25T08:16:33.463428,gateio,0.25737,0.25764,50.0,77.0
2025-07-25T08:16:33.485315,gateio,0.25737,0.25763,50.0,127.0
2025-07-25T08:16:33.502422,bitmart,0.2571,0.2582,3296.0,882959.0
2025-07-25T08:16:33.514522,huobi,0.2575,0.2576,1129.21,1350.19
2025-07-25T08:16:33.520883,bybit,0.2574,0.2576,68714.3,34030.2
2025-07-25T08:16:33.536900,blofin,0.2574,0.2576,5.0,1052.0
2025-07-25T08:16:33.538952,gateio,0.25736,0.25763,50.0,127.0
2025-07-25T08:16:33.554399,binance,0.2577,0.2577,0.0,0.0
2025-07-25T08:16:33.556063,okx,0.2574,0.2576,4757.813297,3034.61116
2025-07-25T08:16:33.572678,bitget,0.2574,0.2576,15591.4,25154.8
2025-07-25T08:16:33.583213,gateio,0.25724,0.25763,123.0,127.0
2025-07-25T08:16:33.585471,digifinex,0.2574,0.2576,1630.0,535.0
2025-07-25T08:16:33.613535,huobi,0.2574,0.2575,864.0,864.0
2025-07-25T08:16:33.621449,bybit,0.2574,0.2575,16877.3,17431.4
2025-07-25T08:16:33.666427,mexc,0.2576,0.2577,35441262.0,35441262.0
2025-07-25T08:16:33.672940,lbank,0.2576,0.2577,39648.0,20741.93
2025-07-25T08:16:33.684028,okx,0.2573,0.2575,4008.995002,817.79756
2025-07-25T08:16:33.687922,digifinex,0.2574,0.2575,1630.0,1122.0
2025-07-25T08:16:33.706744,bingx,0.2574,0.2575,27931.33,107.1
2025-07-25T08:16:33.722437,bitget,0.2574,0.2575,47334.5,9115.1
2025-07-25T08:16:33.729295,ascendex,0.2572,0.2578,0.0,174486.0
2025-07-25T08:16:33.779826,digifinex,0.2574,0.2575,1630.0,1116.0
2025-07-25T08:16:33.787922,okx,0.2573,0.2575,4785.995779,817.79756
2025-07-25T08:16:33.866919,bitget,0.2574,0.2575,47334.5,31532.2
2025-07-25T08:16:33.897052,okx,0.2573,0.2575,4785.995779,1547.79756
2025-07-25T08:16:33.905110,gateio,0.25724,0.25763,123.0,177.0
2025-07-25T08:16:33.916802,gateio,0.25724,0.25761,123.0,127.0
2025-07-25T08:16:33.937010,gateio,0.25724,0.25759,123.0,127.0
2025-07-25T08:16:33.999641,okx,0.2573,0.2575,4785.995779,817.79756
2025-07-25T08:16:34.019556,bitget,0.2574,0.2575,63241.1,31532.2
2025-07-25T08:16:34.039937,blofin,0.2574,0.2575,5.0,503.0
2025-07-25T08:16:34.049890,ascendex,0.2568,0.2582,11650.0,174216.0
2025-07-25T08:16:34.111989,okx,0.2574,0.2575,279.0,817.79756
2025-07-25T08:16:34.120739,bybit,0.0,0.2575,0.0,17526.0
2025-07-25T08:16:34.169922,bitget,0.2574,0.2575,61334.5,31532.2
2025-07-25T08:16:34.210552,huobi,0.2574,0.2575,1867.12,864.0
2025-07-25T08:16:34.239674,okx,0.2573,0.2575,4785.995779,817.79756
2025-07-25T08:16:34.309329,bingx,0.2574,0.2575,27931.33,107.1
2025-07-25T08:16:34.318064,bitget,0.2574,0.2575,61334.5,31532.2
2025-07-25T08:16:34.320462,bybit,0.2574,0.0,25907.3,0.0
2025-07-25T08:16:34.359329,ascendex,0.2568,0.2586,128646.0,0.0
2025-07-25T08:16:34.465458,gateio,0.25724,0.25759,380.0,127.0
2025-07-25T08:16:34.468132,bitget,0.2574,0.2575,66101.0,3600.2
2025-07-25T08:16:34.476129,bitmart,0.2571,0.258,3296.0,950059.0
2025-07-25T08:16:34.477265,gateio,0.25725,0.25759,127.0,127.0
2025-07-25T08:16:34.490973,gateio,0.25726,0.25759,127.0,127.0
2025-07-25T08:16:34.520320,bybit,0.2574,0.2575,27403.6,94.6
2025-07-25T08:16:34.537394,gateio,0.25729,0.25759,77.0,127.0
2025-07-25T08:16:34.544742,blofin,0.2572,0.2574,7.0,857.0
2025-07-25T08:16:34.548235,binance,0.2577,0.2577,0.0,0.0
2025-07-25T08:16:34.553836,gateio,0.2573,0.25759,127.0,127.0
2025-07-25T08:16:34.596144,okx,0.2574,0.2576,1765.8136,2821.57222
2025-07-25T08:16:34.612912,huobi,0.2575,0.2576,864.0,864.0
2025-07-25T08:16:34.618636,bitget,0.2574,0.2576,64524.3,23903.6
2025-07-25T08:16:34.620248,bybit,0.2574,0.0,29151.4,0.0
2025-07-25T08:16:34.670960,ascendex,0.0,0.2578,0.0,0.0
2025-07-25T08:16:34.676858,lbank,0.2574,0.2575,3372.0,2287.13
2025-07-25T08:16:34.677477,digifinex,0.2574,0.2576,1630.0,535.0
2025-07-25T08:16:34.717055,huobi,0.2575,0.2576,1827.32,864.0
2025-07-25T08:16:34.747088,okx,0.2574,0.2576,4359.296598,1009.0
2025-07-25T08:16:34.767942,bitget,0.2575,0.2576,1471.7,21997.0
2025-07-25T08:16:34.777118,digifinex,0.2575,0.2576,1931.0,535.0
2025-07-25T08:16:34.811074,huobi,0.2575,0.2576,963.32,864.0
2025-07-25T08:16:34.821217,bybit,0.2574,0.0,28283.2,0.0
2025-07-25T08:16:34.895993,digifinex,0.2574,0.2576,1630.0,535.0
2025-07-25T08:16:34.907322,bingx,0.2575,0.2577,27543.15,107.1
2025-07-25T08:16:34.920470,bybit,0.2575,0.2576,12364.9,22356.6
2025-07-25T08:16:34.923810,bitget,0.2575,0.2576,16902.7,23515.2
2025-07-25T08:16:34.980547,ascendex,0.2572,0.0,280101.0,0.0
2025-07-25T08:16:35.001626,okx,0.2574,0.2576,3596.083471,1009.0
2025-07-25T08:16:35.018582,gateio,0.2573,0.25759,5.0,127.0
2025-07-25T08:16:35.021446,bybit,0.2575,0.2576,13532.4,22536.8
2025-07-25T08:16:35.040587,gateio,0.25731,0.25759,127.0,127.0
2025-07-25T08:16:35.054459,blofin,0.2572,0.2574,7.0,857.0
2025-07-25T08:16:35.056823,gateio,0.25731,0.25759,206.0,127.0
2025-07-25T08:16:35.071357,bitget,0.2575,0.2576,16902.7,23515.2
2025-07-25T08:16:35.076900,digifinex,0.2575,0.2576,618.0,535.0
2025-07-25T08:16:35.093124,gateio,0.25732,0.25759,127.0,127.0
2025-07-25T08:16:35.109344,okx,0.2574,0.2576,7221.345825,1009.0
2025-07-25T08:16:35.174852,lbank,0.2574,0.2575,3372.0,2287.13
2025-07-25T08:16:35.187164,gateio,0.25732,0.25759,132.0,127.0
2025-07-25T08:16:35.220437,bybit,0.2575,0.2576,20924.8,13536.8
2025-07-25T08:16:35.237157,bitget,0.2575,0.2576,16902.7,23515.2
2025-07-25T08:16:35.301329,ascendex,0.2559,0.0,29314.0,0.0
2025-07-25T08:16:35.321054,bybit,0.2575,0.0,22924.8,0.0
2025-07-25T08:16:35.365182,gateio,0.25733,0.25759,127.0,127.0
2025-07-25T08:16:35.373555,bitget,0.2575,0.2576,16902.7,23515.2
2025-07-25T08:16:35.476390,digifinex,0.2575,0.2576,617.0,535.0
2025-07-25T08:16:35.519556,bitget,0.2575,0.2576,16902.7,23515.2
2025-07-25T08:16:35.520244,bybit,0.0,0.2576,0.0,8417.6
2025-07-25T08:16:35.527015,blofin,0.2572,0.2574,7.0,857.0
2025-07-25T08:16:35.547843,bitmart,0.2571,0.2581,3296.0,124910.0
2025-07-25T08:16:35.554454,binance,0.2575,0.2575,0.0,0.0
2025-07-25T08:16:35.558103,gateio,0.25734,0.25767,127.0,127.0
2025-07-25T08:16:35.614319,huobi,0.2575,0.2576,1872.25,864.0
2025-07-25T08:16:35.617582,gateio,0.25735,0.25767,127.0,127.0
2025-07-25T08:16:35.620323,bybit,0.2575,0.2576,23730.0,270.8
2025-07-25T08:16:35.637512,gateio,0.25736,0.25767,177.0,127.0
2025-07-25T08:16:35.656991,gateio,0.25738,0.25767,50.0,127.0
2025-07-25T08:16:35.669651,bitget,0.2575,0.2576,22964.3,2515.4
2025-07-25T08:16:35.677088,gateio,0.25739,0.25767,127.0,127.0
2025-07-25T08:16:35.692817,gateio,0.25739,0.25767,177.0,127.0
2025-07-25T08:16:35.716952,gateio,0.2574,0.25767,127.0,127.0
2025-07-25T08:16:35.744697,okx,0.2575,0.2577,779.0,7921.880779
2025-07-25T08:16:35.803072,gateio,0.25741,0.25767,127.0,127.0
2025-07-25T08:16:35.812860,gateio,0.25741,0.25767,132.0,127.0
2025-07-25T08:16:35.814241,bingx,0.2575,0.2577,27543.15,107.1
2025-07-25T08:16:35.820251,bybit,0.2575,0.0,24506.5,0.0
2025-07-25T08:16:35.825010,gateio,0.25742,0.25767,127.0,127.0
2025-07-25T08:16:35.829480,bitget,0.2575,0.2576,22964.3,2515.4
2025-07-25T08:16:35.859329,gateio,0.25742,0.2577,127.0,441.0
2025-07-25T08:16:35.874887,gateio,0.25742,0.25773,127.0,127.0
2025-07-25T08:16:35.877209,digifinex,0.2575,0.2577,617.0,1071.0
2025-07-25T08:16:35.913669,huobi,0.2576,0.2577,864.0,979.0
2025-07-25T08:16:35.920671,bybit,0.2575,0.0,27658.3,0.0
2025-07-25T08:16:35.973984,bitget,0.2575,0.2577,147165.1,36488.7
2025-07-25T08:16:35.991029,okx,0.2575,0.2577,3082.607057,2907.682937
2025-07-25T08:16:36.020439,bybit,0.2576,0.2577,27904.4,20817.9
2025-07-25T08:16:36.053909,blofin,0.2572,0.2574,489.0,333.0
2025-07-25T08:16:36.054470,mexc,0.2574,0.2576,35441262.0,35441262.0
2025-07-25T08:16:36.078848,digifinex,0.2576,0.2577,1067.0,1071.0
2025-07-25T08:16:36.090520,okx,0.2576,0.2577,279.0,309.0
2025-07-25T08:16:36.103748,gateio,0.25745,0.25773,77.0,127.0
2025-07-25T08:16:36.117102,gateio,0.25746,0.25773,127.0,127.0
2025-07-25T08:16:36.120230,bybit,0.2576,0.2577,25802.0,5709.8
2025-07-25T08:16:36.121527,bitget,0.2576,0.2577,5869.3,10824.9
2025-07-25T08:16:36.190994,okx,0.2576,0.2577,279.0,279.0
2025-07-25T08:16:36.220314,bybit,0.2576,0.0,26041.9,0.0
2025-07-25T08:16:36.240025,ascendex,0.2573,0.2579,139969.0,0.0
2025-07-25T08:16:36.268696,bitget,0.2576,0.2577,57644.2,10824.9
2025-07-25T08:16:36.418316,bitget,0.2576,0.2577,57644.2,10824.9
2025-07-25T08:16:36.520589,bybit,0.0,0.2577,0.0,561.4
2025-07-25T08:16:36.538118,blofin,0.2572,0.2574,489.0,333.0
2025-07-25T08:16:36.547687,binance,0.2575,0.2575,0.0,0.0
2025-07-25T08:16:36.560861,ascendex,0.0,0.2583,0.0,77977.0
2025-07-25T08:16:36.572723,bitget,0.2576,0.2577,61799.2,6562.8
2025-07-25T08:16:36.580004,digifinex,0.2576,0.2577,1065.0,1071.0
2025-07-25T08:16:36.583528,bitmart,0.2571,0.2582,3296.0,765456.0
2025-07-25T08:16:36.672211,lbank,0.2576,0.2577,41344.8,3353.93
2025-07-25T08:16:36.676453,digifinex,0.2576,0.2577,1067.0,205.0
2025-07-25T08:16:36.697122,gateio,0.25746,0.25773,241.0,127.0
2025-07-25T08:16:36.715510,bingx,0.2575,0.2577,27543.15,107.1
2025-07-25T08:16:36.716746,gateio,0.25747,0.25773,127.0,127.0
2025-07-25T08:16:36.721817,bitget,0.2576,0.2577,61799.2,6562.8
2025-07-25T08:16:36.825527,gateio,0.25747,0.25774,127.0,50.0
2025-07-25T08:16:36.870325,bitget,0.2576,0.2577,61799.2,5731.7
2025-07-25T08:16:36.876548,digifinex,0.2576,0.2577,1065.0,205.0
2025-07-25T08:16:36.883606,ascendex,0.2565,0.0,82013.0,0.0
2025-07-25T08:16:36.915631,huobi,0.2576,0.2577,864.0,115.0
2025-07-25T08:16:36.920150,bybit,0.2576,0.0,28605.0,0.0
2025-07-25T08:16:36.981713,digifinex,0.2576,0.2578,1065.0,1345.0
2025-07-25T08:16:37.019512,gateio,0.25747,0.25776,127.0,113.0
2025-07-25T08:16:37.020641,bybit,0.2576,0.0,33473.3,0.0
2025-07-25T08:16:37.021098,bitget,0.2577,0.2578,640.6,33686.9
2025-07-25T08:16:37.037555,gateio,0.25747,0.2578,127.0,123.0
2025-07-25T08:16:37.046765,okx,0.2576,0.2578,2957.068236,3190.254419
2025-07-25T08:16:37.053298,blofin,0.2573,0.2574,2512.0,1.0
2025-07-25T08:16:37.077184,digifinex,0.2577,0.2578,1762.0,1345.0
2025-07-25T08:16:37.094913,gateio,0.25747,0.25786,127.0,127.0
2025-07-25T08:16:37.112064,huobi,0.2576,0.2577,7777.76,115.0
2025-07-25T08:16:37.121500,bybit,0.2576,0.0,34355.5,0.0
2025-07-25T08:16:37.171738,okx,0.2576,0.2578,2957.068236,2200.159251
2025-07-25T08:16:37.173213,lbank,0.2576,0.2577,41344.8,3353.93
2025-07-25T08:16:37.174978,bitget,0.2577,0.2578,23057.7,17378.2
2025-07-25T08:16:37.190286,ascendex,0.2574,0.258,139914.0,0.0
2025-07-25T08:16:37.320073,bingx,0.2576,0.2577,91.25,10.71
2025-07-25T08:16:37.320706,bybit,0.2576,0.0,33550.1,0.0
2025-07-25T08:16:37.321366,bitget,0.2577,0.2578,23057.7,17378.2
2025-07-25T08:16:37.375944,digifinex,0.2577,0.2578,1762.0,1321.0
2025-07-25T08:16:37.420164,bybit,0.2577,0.2578,32541.9,9069.6
2025-07-25T08:16:37.433154,gateio,0.25752,0.25786,287.0,127.0
2025-07-25T08:16:37.460867,gateio,0.25754,0.25786,127.0,127.0
2025-07-25T08:16:37.469093,bitget,0.2577,0.2578,18902.7,17378.2
2025-07-25T08:16:37.485485,bitmart,0.2572,0.2583,751905.0,898741.0
2025-07-25T08:16:37.502529,ascendex,0.257,0.0,0.0,0.0
2025-07-25T08:16:37.520168,bybit,0.2577,0.0,33243.0,0.0
2025-07-25T08:16:37.536520,blofin,0.2574,0.2575,597.0,1333.0
2025-07-25T08:16:37.548093,binance,0.2576,0.2576,0.0,0.0
2025-07-25T08:16:37.575817,digifinex,0.2577,0.2578,1762.0,1321.0
2025-07-25T08:16:37.607132,okx,0.2576,0.2578,7082.33059,604.75862
2025-07-25T08:16:37.620653,bybit,0.0,0.2578,0.0,13069.6
2025-07-25T08:16:37.621491,bitget,0.2577,0.2578,24964.3,15471.6
2025-07-25T08:16:37.672246,lbank,0.2576,0.2577,41344.8,3353.93
2025-07-25T08:16:37.710815,huobi,0.2576,0.2577,8781.73,115.0
2025-07-25T08:16:37.772900,bitget,0.2577,0.2578,24964.3,17378.2
2025-07-25T08:16:37.820505,bybit,0.2577,0.2578,33320.6,9069.6
2025-07-25T08:16:37.821149,ascendex,0.0,0.2587,0.0,0.0
2025-07-25T08:16:37.921979,bitget,0.2577,0.2578,24964.3,12694.4
2025-07-25T08:16:38.020260,bybit,0.0,0.0,0.0,0.0
2025-07-25T08:16:38.052158,blofin,0.2574,0.2575,599.0,1333.0
2025-07-25T08:16:38.069774,bitget,0.2577,0.2578,24964.3,12694.4
2025-07-25T08:16:38.120624,bybit,0.2577,0.0,33243.0,0.0
2025-07-25T08:16:38.139668,ascendex,0.0,0.2829,0.0,5348.0
2025-07-25T08:16:38.180273,lbank,0.2576,0.2577,41344.8,3353.93
2025-07-25T08:16:38.210596,huobi,0.2576,0.2577,9754.31,115.0
2025-07-25T08:16:38.221320,bingx,0.2576,0.2577,91.25,10.71
2025-07-25T08:16:38.222325,bitget,0.2577,0.2578,20809.3,12694.4
2025-07-25T08:16:38.320233,bybit,0.0,0.0,0.0,0.0
2025-07-25T08:16:38.369942,bitget,0.2577,0.2578,20809.3,12694.4
2025-07-25T08:16:38.420266,bybit,0.2577,0.2578,33549.6,86.7
2025-07-25T08:16:38.437564,gateio,0.25754,0.25788,127.0,127.0
2025-07-25T08:16:38.455231,mexc,0.2576,0.2577,35441262.0,35441262.0
2025-07-25T08:16:38.457264,gateio,0.25754,0.25795,127.0,123.0
2025-07-25T08:16:38.468374,okx,0.2577,0.2578,779.0,604.75862
2025-07-25T08:16:38.487355,bitmart,0.2572,0.2583,751905.0,902392.0
2025-07-25T08:16:38.525889,bitget,0.2577,0.2578,26541.0,5731.7
2025-07-25T08:16:38.548169,binance,0.2577,0.2577,0.0,0.0
2025-07-25T08:16:38.552589,blofin,0.2574,0.2575,841.0,1333.0
2025-07-25T08:16:38.589269,okx,0.2577,0.2578,279.0,279.0
2025-07-25T08:16:38.596994,gateio,0.25761,0.25795,77.0,123.0
2025-07-25T08:16:38.610932,gateio,0.25761,0.25797,77.0,569.0
2025-07-25T08:16:38.637250,gateio,0.25761,0.25796,77.0,127.0
2025-07-25T08:16:38.657071,gateio,0.25754,0.25796,127.0,127.0
2025-07-25T08:16:38.669109,bitget,0.2577,0.2578,30696.0,5731.7
2025-07-25T08:16:38.676867,digifinex,0.2577,0.2578,1762.0,1321.0
2025-07-25T08:16:38.677146,gateio,0.25754,0.25796,127.0,223.0
2025-07-25T08:16:38.696894,gateio,0.25754,0.25795,127.0,127.0
2025-07-25T08:16:38.711384,huobi,0.2576,0.2577,7777.76,115.0
2025-07-25T08:16:38.716834,gateio,0.25755,0.25795,127.0,127.0
2025-07-25T08:16:38.769423,ascendex,0.0,0.2587,0.0,117562.0
2025-07-25T08:16:38.820922,bitget,0.2577,0.2578,30696.0,5731.7
2025-07-25T08:16:38.878446,digifinex,0.2577,0.2578,1762.0,1303.0
2025-07-25T08:16:38.970883,bitget,0.2577,0.2578,26541.0,5731.7
2025-07-25T08:16:39.036476,blofin,0.2574,0.2575,841.0,1333.0
2025-07-25T08:16:39.123890,bitget,0.2577,0.2578,26541.0,5731.7
2025-07-25T08:16:39.127468,bingx,0.2576,0.2578,31500.79,42.57
2025-07-25T08:16:39.272315,bitget,0.2577,0.2578,26541.0,5731.7
2025-07-25T08:16:39.321261,bybit,0.2577,0.2578,25609.5,12532.8
2025-07-25T08:16:39.389829,ascendex,0.2566,0.0,0.0,0.0
2025-07-25T08:16:39.409443,okx,0.2576,0.2578,7082.33059,279.0
2025-07-25T08:16:39.420071,bitget,0.2577,0.2578,26541.0,10800.5
2025-07-25T08:16:39.420309,bybit,0.2577,0.2578,25917.1,7413.6
2025-07-25T08:16:39.520473,bybit,0.2577,0.0,26223.7,0.0
2025-07-25T08:16:39.547754,binance,0.2577,0.2577,0.0,0.0
2025-07-25T08:16:39.551018,blofin,0.2575,0.2576,771.0,4.0
2025-07-25T08:16:39.574076,bitget,0.2577,0.2578,26541.0,10800.5
2025-07-25T08:16:39.583914,bitmart,0.2572,0.2583,751905.0,902392.0
2025-07-25T08:16:39.711679,huobi,0.2576,0.2577,8787.21,115.0
2025-07-25T08:16:39.720749,bitget,0.2577,0.2578,26541.0,10800.5
2025-07-25T08:16:39.844307,okx,0.2576,0.2578,7858.426825,279.0
2025-07-25T08:16:39.875382,bitget,0.2577,0.2578,26541.0,24800.5
2025-07-25T08:16:39.920333,bybit,0.2577,0.0,25917.1,0.0
2025-07-25T08:16:40.024274,bybit,0.2577,0.2578,16610.5,12532.8
2025-07-25T08:16:40.024759,bitget,0.2577,0.2578,26541.0,24800.5
2025-07-25T08:16:40.026649,bingx,0.2576,0.2578,31500.79,42.57
2025-07-25T08:16:40.050069,blofin,0.2575,0.2577,1852.0,457.0
2025-07-25T08:16:40.112095,huobi,0.2576,0.2577,8787.21,979.0
2025-07-25T08:16:40.121223,bybit,0.0,0.2578,0.0,13482.3
2025-07-25T08:16:40.161127,okx,0.2576,0.2578,6582.33059,279.0
2025-07-25T08:16:40.174306,bitget,0.2577,0.2578,20168.7,24800.5
2025-07-25T08:16:40.211611,huobi,0.2576,0.2577,15701.21,115.0
2025-07-25T08:16:40.220971,bybit,0.2577,0.2578,16917.1,12676.9
2025-07-25T08:16:40.270952,okx,0.2576,0.2578,6595.213698,279.0
2025-07-25T08:16:40.320428,bybit,0.2577,0.2578,24223.7,7413.6
2025-07-25T08:16:40.323622,bitget,0.2577,0.2578,60499.6,24800.5
2025-07-25T08:16:40.330548,bingx,0.2576,0.2578,31500.79,42.57
2025-07-25T08:16:40.337555,ascendex,0.0,0.2586,0.0,0.0
2025-07-25T08:16:40.391926,okx,0.2576,0.2578,7358.426825,279.0
2025-07-25T08:16:40.406593,lbank,0.2576,0.2577,41344.8,3353.93
2025-07-25T08:16:40.421073,bybit,0.0,0.2578,0.0,13482.3
2025-07-25T08:16:40.470539,bitget,0.2577,0.2578,60499.6,24800.5
2025-07-25T08:16:40.493696,okx,0.2576,0.2578,6595.213698,279.0
2025-07-25T08:16:40.520701,bybit,0.2577,0.0,23917.1,0.0
2025-07-25T08:16:40.534524,blofin,0.2575,0.2577,180.0,385.0
2025-07-25T08:16:40.547421,binance,0.2577,0.2577,0.0,0.0
2025-07-25T08:16:40.576349,bitmart,0.2572,0.2583,751905.0,902392.0
2025-07-25T08:16:40.596709,okx,0.2576,0.2578,7095.213698,279.0
2025-07-25T08:16:40.620764,bybit,0.2577,0.0,23610.5,0.0
2025-07-25T08:16:40.622911,bitget,0.2577,0.2578,60499.6,24800.5
2025-07-25T08:16:40.665173,lbank,0.2576,0.2577,41344.8,3353.93
2025-07-25T08:16:40.749293,okx,0.2576,0.2578,7858.426825,279.0
2025-07-25T08:16:40.770128,bitget,0.2577,0.2578,60499.6,24800.5
2025-07-25T08:16:40.811776,mexc,0.2576,0.2577,35441262.0,35441262.0
2025-07-25T08:16:40.820887,bybit,0.2577,0.0,23917.1,0.0
2025-07-25T08:16:40.870074,gateio,0.25754,0.25795,118.0,127.0
2025-07-25T08:16:40.877157,gateio,0.25747,0.25795,127.0,127.0
2025-07-25T08:16:40.913589,huobi,0.2576,0.2577,8787.45,979.0
2025-07-25T08:16:40.920904,bybit,0.2577,0.2578,15559.2,15740.4
2025-07-25T08:16:40.921004,bitget,0.2577,0.2578,36505.8,28955.5
2025-07-25T08:16:40.928210,bingx,0.2576,0.2578,31500.79,42.57
2025-07-25T08:16:40.939100,gateio,0.25747,0.25781,127.0,77.0
2025-07-25T08:16:40.975744,digifinex,0.2576,0.2578,1065.0,1303.0
2025-07-25T08:16:40.994550,okx,0.2576,0.2578,4496.377598,279.0
2025-07-25T08:16:40.997702,gateio,0.25747,0.2578,127.0,122.0
2025-07-25T08:16:41.021207,bybit,0.2577,0.0,13204.8,0.0
2025-07-25T08:16:41.043702,blofin,0.2575,0.2577,180.0,385.0
2025-07-25T08:16:41.071172,gateio,0.25747,0.2578,132.0,122.0
2025-07-25T08:16:41.072276,bitget,0.2577,0.2578,36505.8,28955.5
2025-07-25T08:16:41.076705,digifinex,0.2577,0.2578,115.0,1302.0
2025-07-25T08:16:41.096725,gateio,0.25748,0.2578,122.0,122.0
2025-07-25T08:16:41.105886,okx,0.2576,0.2578,2957.068236,1995.8136
2025-07-25T08:16:41.110871,huobi,0.2576,0.2577,1873.45,979.0
2025-07-25T08:16:41.128676,bybit,0.0,0.2578,0.0,15721.0
2025-07-25T08:16:41.134984,gateio,0.25748,0.2578,122.0,127.0
2025-07-25T08:16:41.157703,gateio,0.25748,0.25779,122.0,122.0
2025-07-25T08:16:41.169169,gateio,0.25748,0.25779,127.0,127.0
2025-07-25T08:16:41.171264,lbank,0.2576,0.2577,41344.8,3353.93
2025-07-25T08:16:41.196915,gateio,0.25748,0.25778,127.0,122.0
2025-07-25T08:16:41.206645,okx,0.2576,0.2578,986.8136,3679.573503
2025-07-25T08:16:41.216929,gateio,0.25748,0.25778,127.0,116.0
2025-07-25T08:16:41.220820,bybit,0.2577,0.2578,8085.6,27514.3
2025-07-25T08:16:41.221473,bitget,0.2576,0.2577,65587.7,7608.0
2025-07-25T08:16:41.275716,digifinex,0.2576,0.2578,1065.0,1302.0
2025-07-25T08:16:41.280297,ascendex,0.2574,0.0,0.0,0.0
2025-07-25T08:16:41.320836,bybit,0.0,0.2578,0.0,27436.7
2025-07-25T08:16:41.371985,bitget,0.2576,0.2577,65587.7,9752.6
2025-07-25T08:16:41.383547,digifinex,0.2576,0.2577,1065.0,893.0
2025-07-25T08:16:41.398749,gateio,0.25748,0.25777,127.0,122.0
2025-07-25T08:16:41.410728,huobi,0.2576,0.2577,2979.48,979.0
2025-07-25T08:16:41.421366,bybit,0.2577,0.0,5390.4,0.0
2025-07-25T08:16:41.494071,okx,0.2576,0.2578,986.8136,4179.573503
2025-07-25T08:16:41.522151,bitget,0.2576,0.2577,65587.7,9752.6
2025-07-25T08:16:41.531298,bingx,0.2576,0.2577,31365.74,38.7
2025-07-25T08:16:41.547673,binance,0.2577,0.2577,0.0,0.0
2025-07-25T08:16:41.548435,blofin,0.2575,0.2577,180.0,385.0
2025-07-25T08:16:41.580524,bitmart,0.2571,0.2582,134172.0,1369313.0
2025-07-25T08:16:41.599423,okx,0.2575,0.2578,7793.009676,4179.573503
2025-07-25T08:16:41.599474,ascendex,0.257,0.258,218651.0,348635.0
2025-07-25T08:16:41.610850,huobi,0.2576,0.2577,2979.48,864.0
2025-07-25T08:16:41.621244,bybit,0.0,0.2578,0.0,27437.7
2025-07-25T08:16:41.671174,bitget,0.2576,0.2577,65587.7,9752.6
2025-07-25T08:16:41.674157,lbank,0.2576,0.2577,50301.6,2462.33
2025-07-25T08:16:41.720940,bybit,0.0,0.2578,0.0,27025.0
2025-07-25T08:16:41.821838,bybit,0.0,0.2578,0.0,26805.7
2025-07-25T08:16:41.824674,bitget,0.2576,0.2577,65587.7,9752.6
2025-07-25T08:16:41.860074,okx,0.2576,0.2578,279.0,4179.573503
2025-07-25T08:16:41.912456,huobi,0.2576,0.2577,4025.14,864.0
2025-07-25T08:16:41.916144,ascendex,0.0,0.2733,0.0,50191.0
2025-07-25T08:16:41.920976,bybit,0.2577,0.0,10509.6,0.0
2025-07-25T08:16:41.971881,gateio,0.25749,0.25777,122.0,122.0
2025-07-25T08:16:41.973319,bitget,0.2576,0.2577,65587.7,9752.6
2025-07-25T08:16:41.988054,okx,0.2576,0.2578,279.0,3306.465238
2025-07-25T08:16:42.020447,bybit,0.0,0.2578,0.0,26499.1
2025-07-25T08:16:42.048979,blofin,0.2575,0.2576,8.0,827.0
2025-07-25T08:16:42.120912,bybit,0.2577,0.2578,11309.6,24252.7
2025-07-25T08:16:42.121886,bitget,0.2576,0.2577,65587.7,9752.6
2025-07-25T08:16:42.130986,bingx,0.2576,0.2577,31365.74,38.7
2025-07-25T08:16:42.158155,gateio,0.25749,0.25795,122.0,127.0
2025-07-25T08:16:42.170540,lbank,0.2576,0.2577,50301.6,2462.33
2025-07-25T08:16:42.212739,huobi,0.2576,0.2577,10938.9,864.0
2025-07-25T08:16:42.220607,bybit,0.2577,0.2578,16616.2,23596.9
2025-07-25T08:16:42.272319,bitget,0.2576,0.2578,77505.1,40719.6
2025-07-25T08:16:42.278843,digifinex,0.2576,0.2578,1065.0,1302.0
2025-07-25T08:16:42.320801,bybit,0.0,0.2578,0.0,20863.4
2025-07-25T08:16:42.360905,okx,0.2576,0.2578,5667.172189,3306.465238
2025-07-25T08:16:42.377072,digifinex,0.2577,0.2578,720.0,1302.0
2025-07-25T08:16:42.421064,bybit,0.2577,0.0,11616.2,0.0
2025-07-25T08:16:42.428406,bitget,0.2576,0.2578,77505.1,24800.5
2025-07-25T08:16:42.476826,gateio,0.25749,0.2578,122.0,122.0
2025-07-25T08:16:42.491059,okx,0.2576,0.2578,6167.172189,3306.465238
2025-07-25T08:16:42.496938,gateio,0.25749,0.2578,122.0,127.0
2025-07-25T08:16:42.514231,huobi,0.2576,0.2577,4025.14,864.0
2025-07-25T08:16:42.516607,gateio,0.25749,0.25779,122.0,127.0
2025-07-25T08:16:42.520696,bybit,0.2577,0.2578,11309.6,21476.6
2025-07-25T08:16:42.542553,ascendex,0.2574,0.258,139914.0,0.0
2025-07-25T08:16:42.545363,blofin,0.2575,0.2576,8.0,738.0
2025-07-25T08:16:42.548218,binance,0.2577,0.2577,0.0,0.0
2025-07-25T08:16:42.554861,gateio,0.25749,0.25778,122.0,122.0
2025-07-25T08:16:42.574375,bitget,0.2576,0.2577,65587.7,806.7
2025-07-25T08:16:42.582888,bitmart,0.2572,0.2583,475528.0,902392.0
2025-07-25T08:16:42.590971,okx,0.2576,0.2578,1265.8136,3306.465238
2025-07-25T08:16:42.620349,bybit,0.2577,0.2578,11539.5,23416.4
2025-07-25T08:16:42.672385,lbank,0.2576,0.2577,50301.6,2462.33
2025-07-25T08:16:42.696880,gateio,0.25751,0.25778,86.0,122.0
2025-07-25T08:16:42.716844,gateio,0.25752,0.25795,122.0,127.0
2025-07-25T08:16:42.721232,bybit,0.2577,0.2578,12152.7,19311.6
2025-07-25T08:16:42.729954,bitget,0.2576,0.2578,69742.7,24800.5
2025-07-25T08:16:42.752969,okx,0.2576,0.2578,4727.813297,5435.530166
2025-07-25T08:16:42.776419,digifinex,0.2577,0.2578,1295.0,1302.0
2025-07-25T08:16:42.797414,gateio,0.25752,0.25795,122.0,243.0
2025-07-25T08:16:42.811417,huobi,0.2576,0.2578,10938.9,1024.4
2025-07-25T08:16:42.817011,gateio,0.25752,0.25794,113.0,122.0
2025-07-25T08:16:42.820589,bybit,0.2577,0.2578,21152.7,18923.8
2025-07-25T08:16:42.849187,okx,0.2576,0.2578,4727.813297,1995.8136
2025-07-25T08:16:42.852678,gateio,0.25753,0.25794,122.0,122.0
2025-07-25T08:16:42.872654,ascendex,0.2574,0.0,0.0,0.0
2025-07-25T08:16:42.884411,bitget,0.2577,0.2578,2547.2,24800.5
2025-07-25T08:16:42.911061,huobi,0.2576,0.2577,10938.9,864.0
2025-07-25T08:16:42.921422,bybit,0.2577,0.2578,11539.5,21088.8
2025-07-25T08:16:42.967847,okx,0.2576,0.2578,3964.60017,1009.0
2025-07-25T08:16:42.983110,gateio,0.25749,0.25794,122.0,122.0
2025-07-25T08:16:43.009368,gateio,0.25749,0.25793,122.0,1.0
2025-07-25T08:16:43.010947,huobi,0.2576,0.2577,4025.14,864.0
2025-07-25T08:16:43.023037,bitget,0.2576,0.2578,66377.7,24800.5
2025-07-25T08:16:43.044388,bingx,0.2576,0.2577,31365.74,38.7
2025-07-25T08:16:43.047913,blofin,0.2575,0.2576,8.0,738.0
2025-07-25T08:16:43.092930,okx,0.2576,0.2578,4727.813297,1009.0
2025-07-25T08:16:43.100841,gateio,0.25749,0.25792,122.0,122.0
2025-07-25T08:16:43.121323,bybit,0.0,0.2578,0.0,20475.6
2025-07-25T08:16:43.164910,gateio,0.25749,0.25794,122.0,122.0
2025-07-25T08:16:43.169259,ascendex,0.2574,0.0,139914.0,0.0
2025-07-25T08:16:43.170734,lbank,0.2576,0.2577,50301.6,2462.33
2025-07-25T08:16:43.171721,bitget,0.2576,0.2578,69240.9,24800.5
2025-07-25T08:16:43.195652,okx,0.2576,0.2578,4727.813297,1995.8136
2025-07-25T08:16:43.200111,mexc,0.2576,0.2577,35441262.0,35441262.0
2025-07-25T08:16:43.220996,bybit,0.2577,0.0,15539.5,0.0
2025-07-25T08:16:43.322497,bitget,0.2576,0.2578,69240.9,24800.5
2025-07-25T08:16:43.336946,bingx,0.2576,0.2578,31460.4,42.57
2025-07-25T08:16:43.410235,huobi,0.2576,0.2577,4980.91,864.0
2025-07-25T08:16:43.446887,gateio,0.25749,0.25781,122.0,77.0
2025-07-25T08:16:43.450303,okx,0.2576,0.2578,5227.813297,1995.8136
2025-07-25T08:16:43.472616,bitget,0.2576,0.2577,73395.9,4683.8
2025-07-25T08:16:43.476349,bitmart,0.2572,0.2583,445294.0,902392.0
2025-07-25T08:16:43.480920,gateio,0.25749,0.2578,122.0,122.0
2025-07-25T08:16:43.543966,blofin,0.2575,0.2576,8.0,738.0
2025-07-25T08:16:43.548146,binance,0.2577,0.2577,0.0,0.0
2025-07-25T08:16:43.577104,gateio,0.25751,0.2578,86.0,122.0
2025-07-25T08:16:43.586073,digifinex,0.2576,0.2578,1065.0,1302.0
2025-07-25T08:16:43.597502,gateio,0.25751,0.2578,208.0,122.0
2025-07-25T08:16:43.614531,huobi,0.2576,0.2578,11894.67,1024.4
2025-07-25T08:16:43.617061,gateio,0.25752,0.25794,122.0,122.0
2025-07-25T08:16:43.620626,bybit,0.2577,0.2578,16152.7,18923.8
2025-07-25T08:16:43.622693,bitget,0.2576,0.2578,73395.9,42634.5
2025-07-25T08:16:43.711591,huobi,0.2576,0.2578,7777.76,979.0
2025-07-25T08:16:43.720306,bybit,0.2577,0.2578,23479.6,3855.1
2025-07-25T08:16:43.760649,okx,0.2576,0.2578,5227.813297,279.0
2025-07-25T08:16:43.773199,bitget,0.2577,0.2578,2547.2,24800.5
2025-07-25T08:16:43.812057,huobi,0.2576,0.2578,7777.76,1024.4
2025-07-25T08:16:43.818366,ascendex,0.0,0.2733,0.0,0.0
2025-07-25T08:16:43.821145,bybit,0.0,0.2578,0.0,8974.3
2025-07-25T08:16:43.880325,digifinex,0.2577,0.2578,106.0,1302.0
2025-07-25T08:16:43.922409,bitget,0.2577,0.2578,18902.7,24800.5
2025-07-25T08:16:43.944087,bingx,0.2576,0.2577,31365.74,38.7
2025-07-25T08:16:44.020178,bybit,0.0,0.2578,0.0,3855.1
2025-07-25T08:16:44.044691,okx,0.2576,0.2578,6134.566665,279.0
2025-07-25T08:16:44.049534,blofin,0.2575,0.2576,8.0,261.0
2025-07-25T08:16:44.073663,bitget,0.2577,0.2578,18902.7,24800.5
2025-07-25T08:16:44.110488,huobi,0.2576,0.2577,7777.76,864.0
2025-07-25T08:16:44.120225,bybit,0.0,0.2578,0.0,9777.7
2025-07-25T08:16:44.171816,lbank,0.2576,0.2577,50301.6,2462.33
2025-07-25T08:16:44.220688,bybit,0.2577,0.2578,22866.4,17777.7
2025-07-25T08:16:44.223746,bitget,0.2577,0.2578,18902.7,24800.5
2025-07-25T08:16:44.322160,bybit,0.2577,0.0,23479.6,0.0
2025-07-25T08:16:44.373004,bitget,0.2577,0.2578,18902.7,24800.5
2025-07-25T08:16:44.398930,okx,0.2576,0.2578,6910.6629,279.0
2025-07-25T08:16:44.410204,huobi,0.2576,0.2578,7777.76,1024.4
2025-07-25T08:16:44.510001,huobi,0.2577,0.2578,864.0,979.0
2025-07-25T08:16:44.519348,bitmart,0.2572,0.2583,445294.0,902392.0
2025-07-25T08:16:44.520166,bybit,0.0,0.2578,0.0,17778.7
2025-07-25T08:16:44.524418,bitget,0.2577,0.2578,20809.3,24800.5
2025-07-25T08:16:44.548377,binance,0.2577,0.2577,0.0,0.0
2025-07-25T08:16:44.550058,blofin,0.2575,0.2576,8.0,265.0
2025-07-25T08:16:44.609975,huobi,0.2576,0.2578,7777.76,979.0
2025-07-25T08:16:44.632161,okx,0.2576,0.2578,9772.712127,279.0
2025-07-25T08:16:44.670931,lbank,0.2576,0.2577,50301.6,2462.33
2025-07-25T08:16:44.672592,bitget,0.2577,0.2578,20809.3,24800.5
2025-07-25T08:16:44.700751,gateio,0.25752,0.25794,240.0,122.0
2025-07-25T08:16:44.713647,huobi,0.2576,0.2578,7777.76,1024.4
2025-07-25T08:16:44.716852,gateio,0.25753,0.25794,122.0,122.0
2025-07-25T08:16:44.822841,bitget,0.2577,0.2578,20809.3,24800.5
2025-07-25T08:16:44.853905,bingx,0.2576,0.2578,31465.53,42.57
2025-07-25T08:16:44.920630,bybit,0.2577,0.0,22866.4,0.0
2025-07-25T08:16:44.972624,bitget,0.2577,0.2578,20809.3,24800.5
2025-07-25T08:16:45.011590,huobi,0.2577,0.2578,864.0,1024.4
2025-07-25T08:16:45.020220,bybit,0.2577,0.2578,23479.6,4659.5
2025-07-25T08:16:45.052739,blofin,0.2575,0.2576,4.0,48.0
2025-07-25T08:16:45.120735,bybit,0.0,0.2578,0.0,9778.7
2025-07-25T08:16:45.123364,bitget,0.2577,0.2578,20809.3,24800.5
2025-07-25T08:16:45.220250,bybit,0.2577,0.2578,27636.5,15778.9
2025-07-25T08:16:45.261236,huobi,0.2576,0.2577,7777.76,864.0
2025-07-25T08:16:45.276315,bitget,0.2577,0.2578,20809.3,24800.5
2025-07-25T08:16:45.320293,bybit,0.2577,0.0,27943.1,0.0
2025-07-25T08:16:45.357013,okx,0.2576,0.2578,9009.499,279.0
2025-07-25T08:16:45.370867,ascendex,0.2569,0.0,0.0,0.0
2025-07-25T08:16:45.423729,bitget,0.2577,0.2578,18902.7,24800.5
2025-07-25T08:16:45.492681,okx,0.2576,0.2578,9009.499,779.0
2025-07-25T08:16:45.520209,bybit,0.2577,0.0,28249.7,0.0
2025-07-25T08:16:45.547529,binance,0.2577,0.2577,0.0,0.0
2025-07-25T08:16:45.549585,blofin,0.2575,0.2576,4.0,48.0
2025-07-25T08:16:45.574665,bitget,0.2577,0.2578,18902.7,24800.5
2025-07-25T08:16:45.575564,bitmart,0.2572,0.2583,445294.0,902392.0
2025-07-25T08:16:45.586286,mexc,0.2576,0.2577,35441262.0,35441262.0
2025-07-25T08:16:45.619871,okx,0.2576,0.2578,9772.712127,779.0
2025-07-25T08:16:45.621287,bybit,0.2577,0.0,27943.1,0.0
2025-07-25T08:16:45.713604,huobi,0.2576,0.2577,7777.76,979.0
2025-07-25T08:16:45.720525,bybit,0.2577,0.2578,28249.7,15923.0
2025-07-25T08:16:45.729167,bitget,0.2577,0.2578,18902.7,24800.5
2025-07-25T08:16:45.744464,bingx,0.2576,0.2578,31465.53,42.57
2025-07-25T08:16:45.809962,huobi,0.2576,0.2577,8821.41,979.0
2025-07-25T08:16:45.875715,bitget,0.2577,0.2578,20809.3,24800.5
2025-07-25T08:16:45.968322,okx,0.2576,0.2578,9772.712127,279.0
2025-07-25T08:16:46.024005,bitget,0.2577,0.2578,20809.3,24800.5
2025-07-25T08:16:46.057228,blofin,0.2575,0.2576,4.0,46.0
2025-07-25T08:16:46.110314,huobi,0.2576,0.2577,8821.41,115.0
2025-07-25T08:16:46.120521,bybit,0.2577,0.0,28488.2,0.0
2025-07-25T08:16:46.171741,lbank,0.2576,0.2577,50301.6,2462.33
2025-07-25T08:16:46.176630,bitget,0.2577,0.2578,20809.3,24800.5
2025-07-25T08:16:46.210538,huobi,0.2576,0.2577,8821.41,979.0
2025-07-25T08:16:46.219998,bybit,0.2577,0.0,28181.6,0.0
2025-07-25T08:16:46.321026,bybit,0.2577,0.2578,28488.2,15944.9
2025-07-25T08:16:46.325124,bitget,0.2577,0.2578,20809.3,24800.5
2025-07-25T08:16:46.510223,huobi,0.2576,0.2577,8821.41,115.0
2025-07-25T08:16:46.546889,blofin,0.2575,0.2576,4.0,45.0
2025-07-25T08:16:46.579137,bitmart,0.2572,0.2583,445294.0,902392.0
2025-07-25T08:16:46.610831,huobi,0.2576,0.2577,9911.0,979.0
2025-07-25T08:16:46.627025,bitget,0.2577,0.2578,20809.3,24800.5
2025-07-25T08:16:46.646199,bingx,0.2576,0.2578,31465.53,42.57
2025-07-25T08:16:46.671945,lbank,0.2576,0.2577,50301.6,2462.33
2025-07-25T08:16:46.720124,bybit,0.0,0.2578,0.0,16020.6
2025-07-25T08:16:46.778907,bitget,0.2577,0.2578,20809.3,24800.5
2025-07-25T08:16:46.914437,huobi,0.2576,0.2577,9911.0,115.0
2025-07-25T08:16:46.922082,bybit,0.0,0.2578,0.0,15151.6
2025-07-25T08:16:46.930152,bitget,0.2577,0.2578,20809.3,24800.5
2025-07-25T08:16:46.952136,bingx,0.2576,0.2578,31465.53,42.57
2025-07-25T08:16:47.021199,bybit,0.0,0.2578,0.0,9085.7
2025-07-25T08:16:47.063230,blofin,0.2575,0.2576,4.0,47.0
2025-07-25T08:16:47.077887,bitget,0.2577,0.2578,26541.0,24800.5
2025-07-25T08:16:47.121052,bybit,0.0,0.2578,0.0,2620.3
2025-07-25T08:16:47.144352,okx,0.2577,0.2578,279.0,279.0
2025-07-25T08:16:47.178077,lbank,0.2576,0.2577,50301.6,2462.33
2025-07-25T08:16:47.224095,bybit,0.0,0.2578,0.0,100.6
2025-07-25T08:16:47.226745,bitget,0.2577,0.2578,26541.0,10800.5
2025-07-25T08:16:47.322724,bybit,0.0,0.0,0.0,0.0
2025-07-25T08:16:47.379238,bitget,0.2577,0.2578,26541.0,10800.5
2025-07-25T08:16:47.526531,bitget,0.2577,0.2578,26541.0,10800.5
2025-07-25T08:16:47.539238,blofin,0.2575,0.2576,4.0,47.0
2025-07-25T08:16:47.548974,binance,0.2578,0.2578,0.0,0.0
2025-07-25T08:16:47.588341,bitmart,0.2572,0.2583,579419.0,902392.0
2025-07-25T08:16:47.614113,huobi,0.2576,0.2577,10943.3,115.0
2025-07-25T08:16:47.669517,lbank,0.2576,0.2577,50301.6,2462.33
2025-07-25T08:16:47.678906,bitget,0.2577,0.2578,30696.0,5731.7
2025-07-25T08:16:47.680341,digifinex,0.2577,0.2579,106.0,1255.0
2025-07-25T08:16:47.690953,okx,0.2577,0.2579,2938.787628,9294.268084
2025-07-25T08:16:47.801834,okx,0.2577,0.2579,2947.787628,9294.268084
2025-07-25T08:16:47.824843,bitget,0.2577,0.2578,30696.0,5731.7
2025-07-25T08:16:47.846735,bingx,0.2576,0.2578,31465.53,42.57
2025-07-25T08:16:47.876655,digifinex,0.2577,0.2578,106.0,139.0
2025-07-25T08:16:47.881675,ascendex,0.0,0.2829,0.0,155818.0
2025-07-25T08:16:47.952522,okx,0.2577,0.2579,279.0,6812.565348
2025-07-25T08:16:47.954983,mexc,0.2576,0.2577,35441262.0,35441262.0
2025-07-25T08:16:47.974917,bitget,0.2577,0.2578,26541.0,9993.8
2025-07-25T08:16:48.036153,blofin,0.2575,0.2576,4.0,47.0
2025-07-25T08:16:48.078611,digifinex,0.2577,0.2578,106.0,139.0
2025-07-25T08:16:48.112406,huobi,0.2576,0.2577,11890.62,115.0
2025-07-25T08:16:48.120676,bybit,0.2577,0.0,28564.4,0.0
2025-07-25T08:16:48.126517,bitget,0.2577,0.2578,26541.0,5731.7
2025-07-25T08:16:48.172213,lbank,0.2576,0.2577,50301.6,2462.33
2025-07-25T08:16:48.276200,bitget,0.2577,0.2578,26541.0,9993.8
2025-07-25T08:16:48.276476,digifinex,0.2577,0.2578,106.0,137.0
2025-07-25T08:16:48.427065,bitget,0.2577,0.2578,26541.0,5731.7
2025-07-25T08:16:48.444719,gateio,0.25762,0.25794,77.0,122.0
2025-07-25T08:16:48.456625,gateio,0.25763,0.25794,122.0,122.0
2025-07-25T08:16:48.471244,okx,0.2577,0.2579,2947.787628,5843.137543
2025-07-25T08:16:48.473568,bitmart,0.2572,0.2583,579419.0,902392.0
2025-07-25T08:16:48.520365,bybit,0.2577,0.0,31435.0,0.0
2025-07-25T08:16:48.530107,blofin,0.2575,0.2576,4.0,47.0
2025-07-25T08:16:48.547865,binance,0.2578,0.2578,0.0,0.0
2025-07-25T08:16:48.560905,gateio,0.25763,0.25794,127.0,122.0
2025-07-25T08:16:48.576536,bitget,0.2578,0.2579,5731.7,10933.6
2025-07-25T08:16:48.581863,digifinex,0.2577,0.2579,106.0,1255.0
2025-07-25T08:16:48.586820,okx,0.2577,0.2579,2947.787628,1280.8136
2025-07-25T08:16:48.607569,gateio,0.25763,0.25794,5.0,122.0
2025-07-25T08:16:48.620129,bybit,0.2577,0.2578,30953.0,99.9
2025-07-25T08:16:48.652928,gateio,0.25764,0.25794,122.0,122.0
2025-07-25T08:16:48.676191,digifinex,0.2578,0.2579,1963.0,1255.0
2025-07-25T08:16:48.678651,lbank,0.2576,0.2577,50301.6,2462.33
2025-07-25T08:16:48.700089,okx,0.2577,0.2579,2947.787628,2010.8136
2025-07-25T08:16:48.712094,huobi,0.2576,0.2577,7777.76,115.0
2025-07-25T08:16:48.720282,bybit,0.2578,0.2579,31707.0,12457.6
2025-07-25T08:16:48.727138,bitget,0.2578,0.2579,54483.0,26714.4
2025-07-25T08:16:48.743056,gateio,0.25764,0.25794,113.0,122.0
2025-07-25T08:16:48.752831,bingx,0.2576,0.2578,31465.53,42.57
2025-07-25T08:16:48.756801,gateio,0.25765,0.25794,127.0,122.0
2025-07-25T08:16:48.800765,okx,0.2577,0.2579,2947.787628,1009.0
2025-07-25T08:16:48.819641,ascendex,0.2575,0.2581,139860.0,0.0
2025-07-25T08:16:48.820744,bybit,0.2578,0.0,31629.4,0.0
2025-07-25T08:16:48.883766,bitget,0.2578,0.2579,56389.6,24807.8
2025-07-25T08:16:48.951904,gateio,0.25766,0.25794,122.0,122.0
2025-07-25T08:16:49.020553,bybit,0.2578,0.2579,31707.0,24.1
2025-07-25T08:16:49.027511,bitget,0.2578,0.2579,19900.4,24807.8
2025-07-25T08:16:49.062365,blofin,0.2575,0.2576,4.0,3.0
2025-07-25T08:16:49.076622,digifinex,0.2578,0.2579,1963.0,1255.0
2025-07-25T08:16:49.087240,okx,0.2578,0.2579,3964.60017,1009.0
2025-07-25T08:16:49.120460,bybit,0.2578,0.0,31931.0,0.0
2025-07-25T08:16:49.139148,ascendex,0.2568,0.2583,35785.0,251096.0
2025-07-25T08:16:49.181298,bitget,0.2578,0.2579,24055.4,9993.8
2025-07-25T08:16:49.199946,okx,0.2578,0.2579,3964.60017,279.0
2025-07-25T08:16:49.315292,huobi,0.2576,0.2577,9767.28,115.0
2025-07-25T08:16:49.322051,bybit,0.2578,0.0,36796.0,0.0
2025-07-25T08:16:49.330568,bitget,0.2578,0.2579,24055.4,5731.7
2025-07-25T08:16:49.376492,digifinex,0.2578,0.2579,1944.0,1255.0
2025-07-25T08:16:49.400394,okx,0.2578,0.258,6213.763402,2884.465115
2025-07-25T08:16:49.413407,huobi,0.2578,0.2579,1350.19,909.4
2025-07-25T08:16:49.436714,gateio,0.25766,0.25797,122.0,127.0
2025-07-25T08:16:49.459168,gateio,0.25766,0.25803,122.0,127.0
2025-07-25T08:16:49.461199,ascendex,0.2565,0.2582,0.0,0.0
2025-07-25T08:16:49.478213,gateio,0.25766,0.25806,122.0,123.0
2025-07-25T08:16:49.480965,bitget,0.2579,0.258,640.6,9108.4
2025-07-25T08:16:49.497535,gateio,0.25766,0.25807,122.0,441.0
2025-07-25T08:16:49.520032,bybit,0.2578,0.0,37571.6,0.0
2025-07-25T08:16:49.523403,gateio,0.25766,0.25806,122.0,122.0
2025-07-25T08:16:49.548009,binance,0.2578,0.2578,0.0,0.0
2025-07-25T08:16:49.559751,blofin,0.2575,0.2576,4.0,3.0
2025-07-25T08:16:49.579003,digifinex,0.2578,0.258,1944.0,1595.0
2025-07-25T08:16:49.581639,bitmart,0.2573,0.2584,472765.0,134176.0
2025-07-25T08:16:49.601939,okx,0.2578,0.258,6213.763402,2154.465115
2025-07-25T08:16:49.612233,huobi,0.2578,0.2579,9253.34,45.4
2025-07-25T08:16:49.620413,bybit,0.2579,0.258,29891.3,22845.2
2025-07-25T08:16:49.627107,bitget,0.2579,0.258,18902.7,13404.4
2025-07-25T08:16:49.697456,bingx,0.2578,0.258,101.33,122.75999999999999
2025-07-25T08:16:49.701389,okx,0.2579,0.258,279.0,2139.465115
2025-07-25T08:16:49.715231,huobi,0.2579,0.258,864.0,909.4
2025-07-25T08:16:49.721273,bybit,0.0,0.258,0.0,15563.6
2025-07-25T08:16:49.779371,bitget,0.2579,0.258,23057.7,19720.6
2025-07-25T08:16:49.782303,ascendex,0.2576,0.2585,279666.0,47565.0
2025-07-25T08:16:49.812080,huobi,0.2578,0.258,9298.74,909.4
2025-07-25T08:16:49.820387,bybit,0.2579,0.258,29584.7,15707.7
2025-07-25T08:16:49.849841,okx,0.2578,0.258,6989.257779,2139.465115
2025-07-25T08:16:49.913273,huobi,0.2579,0.258,864.0,909.4
2025-07-25T08:16:49.926950,bitget,0.2579,0.258,18902.7,19720.6
2025-07-25T08:16:49.962560,bingx,0.2578,0.258,101.33,122.75999999999999
2025-07-25T08:16:50.009684,huobi,0.2578,0.258,9298.74,909.4
2025-07-25T08:16:50.049485,blofin,0.2575,0.2577,4.0,86.0
2025-07-25T08:16:50.090154,bitget,0.2579,0.258,55390.2,19720.6
2025-07-25T08:16:50.099574,ascendex,0.2572,0.0,0.0,0.0
2025-07-25T08:16:50.115267,huobi,0.2579,0.258,864.0,909.4
2025-07-25T08:16:50.120610,bybit,0.2579,0.0,29891.3,0.0
2025-07-25T08:16:50.186974,okx,0.2579,0.258,279.0,2139.465115
2025-07-25T08:16:50.226933,bitget,0.2579,0.258,55390.2,19720.6
2025-07-25T08:16:50.281012,lbank,0.2576,0.2577,50301.6,2462.33
2025-07-25T08:16:50.312117,huobi,0.2578,0.258,9298.74,909.4
2025-07-25T08:16:50.336251,mexc,0.2577,0.2578,35441262.0,35441262.0
2025-07-25T08:16:50.379888,digifinex,0.2579,0.258,1205.0,1595.0
2025-07-25T08:16:50.380123,bitget,0.2579,0.258,55390.2,19720.6
2025-07-25T08:16:50.391268,okx,0.2578,0.258,6989.257779,2139.465115
2025-07-25T08:16:50.420392,bybit,0.2579,0.0,30002.6,0.0
2025-07-25T08:16:50.420430,ascendex,0.0,0.2585,0.0,0.0
2025-07-25T08:16:50.481553,bitmart,0.2573,0.2584,893327.0,134176.0
2025-07-25T08:16:50.510947,huobi,0.2579,0.258,864.0,909.4
2025-07-25T08:16:50.521241,bybit,0.0,0.258,0.0,15563.6
2025-07-25T08:16:50.528947,bitget,0.2579,0.258,55390.2,19720.6
2025-07-25T08:16:50.539226,blofin,0.2576,0.2577,1713.0,4.0
2025-07-25T08:16:50.547718,binance,0.2578,0.2578,0.0,0.0
2025-07-25T08:16:50.616705,gateio,0.25766,0.25805,122.0,122.0
2025-07-25T08:16:50.669442,lbank,0.2578,0.2581,31759.2,30215.93
2025-07-25T08:16:50.679857,bitget,0.2579,0.258,55390.2,19720.6
2025-07-25T08:16:50.720283,bybit,0.0,0.258,0.0,12868.4
2025-07-25T08:16:50.811306,huobi,0.2579,0.258,1811.15,909.4
2025-07-25T08:16:50.820767,bybit,0.0,0.258,0.0,67.5
2025-07-25T08:16:50.827009,bitget,0.2579,0.258,55390.2,19720.6
2025-07-25T08:16:50.860031,bingx,0.2578,0.258,101.33,122.75999999999999
2025-07-25T08:16:50.920438,bybit,0.0,0.258,0.0,814.0
2025-07-25T08:16:50.960834,okx,0.2579,0.258,279.0,2139.465115
2025-07-25T08:16:50.976704,digifinex,0.2579,0.258,1205.0,1592.0
2025-07-25T08:16:50.978927,bitget,0.2579,0.258,55390.2,7910.9
2025-07-25T08:16:51.020648,bybit,0.0,0.258,0.0,5933.2
2025-07-25T08:16:51.052531,blofin,0.2576,0.2577,1713.0,4.0
2025-07-25T08:16:51.121311,bybit,0.2579,0.0,29696.0,0.0
2025-07-25T08:16:51.128009,bitget,0.2579,0.258,55390.2,9817.5
2025-07-25T08:16:51.163069,bingx,0.2578,0.258,101.33,122.75999999999999
2025-07-25T08:16:51.179890,lbank,0.2578,0.2581,31759.2,30215.93
2025-07-25T08:16:51.277473,bitget,0.2579,0.258,55390.2,9817.5
2025-07-25T08:16:51.320347,bybit,0.2579,0.0,30002.6,0.0
2025-07-25T08:16:51.323262,okx,0.2579,0.258,279.0,2139.465115
2025-07-25T08:16:51.376506,digifinex,0.2579,0.258,1205.0,1592.0
2025-07-25T08:16:51.415222,huobi,0.2579,0.258,947.15,909.4
2025-07-25T08:16:51.420233,bybit,0.2579,0.258,29389.4,13289.3
2025-07-25T08:16:51.427072,bitget,0.2579,0.258,55390.2,14501.3
2025-07-25T08:16:51.465639,okx,0.2578,0.258,7667.262541,2139.465115
2025-07-25T08:16:51.547267,binance,0.2578,0.2578,0.0,0.0
2025-07-25T08:16:51.548682,blofin,0.2576,0.2577,1713.0,4.0
2025-07-25T08:16:51.576888,bitmart,0.2573,0.2585,934676.0,964612.0
2025-07-25T08:16:51.580453,bitget,0.2579,0.258,55390.2,14501.3
2025-07-25T08:16:51.620722,bybit,0.2579,0.0,30002.6,0.0
2025-07-25T08:16:51.670282,lbank,0.2578,0.2581,39710.4,30215.93
2025-07-25T08:16:51.727712,bitget,0.2579,0.258,55390.2,28501.3
2025-07-25T08:16:51.877187,bitget,0.2579,0.258,55390.2,28501.3
2025-07-25T08:16:52.009455,ascendex,0.0,0.2592,0.0,71039.0
2025-07-25T08:16:52.028636,bitget,0.2579,0.258,55390.2,28501.3
2025-07-25T08:16:52.047608,blofin,0.2575,0.2577,1852.0,4.0
2025-07-25T08:16:52.058166,bingx,0.2578,0.258,101.33,122.75999999999999
2025-07-25T08:16:52.096350,okx,0.2579,0.258,279.0,2139.465115
2025-07-25T08:16:52.120448,bybit,0.0,0.258,0.0,8026.0
2025-07-25T08:16:52.169424,lbank,0.2578,0.2581,39710.4,30215.93
2025-07-25T08:16:52.180046,bitget,0.2579,0.258,55390.2,28501.3
2025-07-25T08:16:52.304116,okx,0.2579,0.258,279.0,1364.271317
2025-07-25T08:16:52.319767,ascendex,0.2557,0.0,84293.0,0.0
2025-07-25T08:16:52.381161,gateio,0.25766,0.25805,379.0,122.0
2025-07-25T08:16:52.391061,gateio,0.2578,0.25805,77.0,122.0
2025-07-25T08:16:52.403581,gateio,0.2578,0.25805,87.0,122.0
2025-07-25T08:16:52.416968,huobi,0.2579,0.258,1811.15,909.4
2025-07-25T08:16:52.421560,bybit,0.0,0.258,0.0,67.5
2025-07-25T08:16:52.447592,okx,0.2579,0.258,279.0,1085.271317
2025-07-25T08:16:52.468518,bitmart,0.2573,0.2585,934676.0,964612.0
2025-07-25T08:16:52.486766,bitget,0.2579,0.258,59545.2,3648.8
2025-07-25T08:16:52.530645,gateio,0.2578,0.25805,209.0,122.0
2025-07-25T08:16:52.547143,binance,0.2578,0.2578,0.0,0.0
2025-07-25T08:16:52.551081,blofin,0.2576,0.2577,1771.0,4.0
2025-07-25T08:16:52.611543,gateio,0.25781,0.25805,122.0,122.0
2025-07-25T08:16:52.630675,bitget,0.2579,0.258,59545.2,3648.8
2025-07-25T08:16:52.643101,gateio,0.25781,0.25806,122.0,113.0
2025-07-25T08:16:52.654990,gateio,0.25781,0.25811,122.0,122.0
2025-07-25T08:16:52.667047,gateio,0.25781,0.25813,122.0,123.0
2025-07-25T08:16:52.697612,mexc,0.2578,0.258,35441262.0,35441262.0
2025-07-25T08:16:52.720373,bybit,0.258,0.2581,25286.4,13698.0
2025-07-25T08:16:52.720881,huobi,0.2579,0.2581,8817.14,909.4
2025-07-25T08:16:52.776597,digifinex,0.2579,0.258,1205.0,1588.0
2025-07-25T08:16:52.780140,bitget,0.258,0.2581,1454.0,35872.1
2025-07-25T08:16:52.820393,bybit,0.0,0.0,0.0,0.0
2025-07-25T08:16:52.876097,digifinex,0.258,0.2581,1109.0,436.0
2025-07-25T08:16:52.927679,bitget,0.258,0.2581,19716.1,35872.1
2025-07-25T08:16:52.949040,ascendex,0.2577,0.2583,139752.0,0.0
2025-07-25T08:16:52.960230,okx,0.2579,0.258,1054.344058,1085.271317
2025-07-25T08:16:52.965502,bingx,0.2579,0.258,47.86,11.16
2025-07-25T08:16:53.012898,huobi,0.2579,0.258,8817.14,864.0
2025-07-25T08:16:53.015512,gateio,0.25782,0.25812,1.0,1.0
2025-07-25T08:16:53.021133,bybit,0.258,0.0,24979.8,0.0
2025-07-25T08:16:53.045625,blofin,0.2576,0.2577,1771.0,4.0
2025-07-25T08:16:53.081235,bitget,0.258,0.2581,18902.7,35872.1
2025-07-25T08:16:53.091072,gateio,0.25783,0.25811,122.0,122.0
2025-07-25T08:16:53.121196,bybit,0.0,0.2581,0.0,21698.0
2025-07-25T08:16:53.168898,gateio,0.25781,0.25811,122.0,122.0
2025-07-25T08:16:53.196971,gateio,0.25781,0.2581,122.0,122.0
2025-07-25T08:16:53.220874,bybit,0.258,0.2581,15979.8,21842.1
2025-07-25T08:16:53.222757,gateio,0.25781,0.2581,235.0,122.0
2025-07-25T08:16:53.237604,bitget,0.258,0.2581,18902.7,19953.8
2025-07-25T08:16:53.260596,ascendex,0.2574,0.2584,139914.0,252533.0
2025-07-25T08:16:53.275344,digifinex,0.2579,0.2581,1205.0,436.0
2025-07-25T08:16:53.320511,bybit,0.258,0.2581,10464.0,23230.3
2025-07-25T08:16:53.345215,gateio,0.25781,0.2581,235.0,127.0
2025-07-25T08:16:53.379366,bitget,0.258,0.2581,4902.7,19953.8
2025-07-25T08:16:53.392807,digifinex,0.258,0.2581,353.0,436.0
2025-07-25T08:16:53.396694,gateio,0.25781,0.25809,235.0,122.0
2025-07-25T08:16:53.410739,okx,0.2579,0.258,279.0,1085.271317
2025-07-25T08:16:53.497210,gateio,0.25781,0.25809,113.0,122.0
2025-07-25T08:16:53.520163,bybit,0.0,0.2581,0.0,22617.1
2025-07-25T08:16:53.529187,bitget,0.2579,0.2581,176887.6,23226.8
2025-07-25T08:16:53.547334,binance,0.258,0.258,0.0,0.0
2025-07-25T08:16:53.547809,blofin,0.2576,0.2577,1848.0,4.0
2025-07-25T08:16:53.569560,ascendex,0.0,0.2586,0.0,227576.0
2025-07-25T08:16:53.575955,bitmart,0.2573,0.2586,931383.0,853705.0
2025-07-25T08:16:53.612009,huobi,0.2579,0.2581,1903.38,909.4
2025-07-25T08:16:53.620579,bybit,0.258,0.2581,11803.4,21842.1
2025-07-25T08:16:53.620960,gateio,0.25782,0.25809,122.0,122.0
2025-07-25T08:16:53.681638,bitget,0.258,0.2581,1454.0,19071.8
2025-07-25T08:16:53.712622,huobi,0.2579,0.2581,7823.16,909.4
2025-07-25T08:16:53.812182,huobi,0.2579,0.258,7823.16,864.0
2025-07-25T08:16:53.820312,bybit,0.258,0.0,11496.8,0.0
2025-07-25T08:16:53.830668,bitget,0.258,0.2581,19716.1,19071.8
2025-07-25T08:16:53.863640,bingx,0.2579,0.258,47.86,11.16
2025-07-25T08:16:53.890487,ascendex,0.0,0.2587,0.0,0.0
2025-07-25T08:16:53.914569,huobi,0.2579,0.2581,7823.16,909.4
2025-07-25T08:16:53.920599,bybit,0.0,0.2581,0.0,13842.1
2025-07-25T08:16:53.980825,bitget,0.258,0.2581,18902.7,19071.8
2025-07-25T08:16:54.069236,blofin,0.2577,0.2578,1038.0,3.0
2025-07-25T08:16:54.116187,huobi,0.2579,0.258,7823.16,864.0
2025-07-25T08:16:54.120675,bybit,0.258,0.2581,18496.8,20842.1
2025-07-25T08:16:54.134076,bitget,0.258,0.2581,18902.7,19071.8
2025-07-25T08:16:54.169856,lbank,0.2578,0.2581,39710.4,30215.93
2025-07-25T08:16:54.179558,digifinex,0.258,0.2581,353.0,436.0
2025-07-25T08:16:54.212279,huobi,0.2579,0.258,8878.48,864.0
2025-07-25T08:16:54.222371,bybit,0.258,0.0,18496.9,0.0
2025-07-25T08:16:54.279113,bitget,0.258,0.2581,18902.7,19071.8
2025-07-25T08:16:54.320658,bybit,0.258,0.2581,18803.5,13842.1
2025-07-25T08:16:54.421094,bybit,0.258,0.0,18496.9,0.0
2025-07-25T08:16:54.433929,bitget,0.258,0.2581,18902.7,19071.8
2025-07-25T08:16:54.452837,okx,0.2579,0.258,779.0,1085.271317
2025-07-25T08:16:54.519289,ascendex,0.2567,0.0,77979.0,0.0
2025-07-25T08:16:54.519669,digifinex,0.258,0.2581,353.0,435.0
2025-07-25T08:16:54.520760,bybit,0.258,0.0,18803.5,0.0
2025-07-25T08:16:54.531482,blofin,0.2577,0.2579,694.0,114.0
2025-07-25T08:16:54.548570,binance,0.258,0.258,0.0,0.0
2025-07-25T08:16:54.579725,bitget,0.258,0.2581,18902.7,19071.8
2025-07-25T08:16:54.581763,bitmart,0.2574,0.2586,544586.0,862130.0
2025-07-25T08:16:54.670538,lbank,0.2578,0.2581,39710.4,30215.93
2025-07-25T08:16:54.710654,huobi,0.2579,0.258,9944.42,864.0
2025-07-25T08:16:54.722439,bybit,0.258,0.0,19416.4,0.0
2025-07-25T08:16:54.731247,bitget,0.258,0.2581,18902.7,19071.8
2025-07-25T08:16:54.764881,bingx,0.2579,0.258,47.86,11.16
2025-07-25T08:16:54.810308,huobi,0.2579,0.2581,9944.42,909.4
2025-07-25T08:16:54.884714,bitget,0.258,0.2581,18902.7,19071.8
2025-07-25T08:16:55.029994,bitget,0.258,0.2581,18902.7,19071.8
2025-07-25T08:16:55.055664,blofin,0.2577,0.2579,694.0,114.0
2025-07-25T08:16:55.112693,huobi,0.2579,0.258,9944.42,864.0
2025-07-25T08:16:55.114908,mexc,0.258,0.2581,35441262.0,35441262.0
2025-07-25T08:16:55.120745,bybit,0.258,0.0,21109.8,0.0
2025-07-25T08:16:55.170891,lbank,0.2578,0.2581,39710.4,30215.93
2025-07-25T08:16:55.181428,bitget,0.258,0.2581,18902.7,19071.8
2025-07-25T08:16:55.220167,bybit,0.258,0.0,21120.8,0.0
2025-07-25T08:16:55.321257,bybit,0.258,0.0,21427.4,0.0
2025-07-25T08:16:55.330530,bitget,0.258,0.2581,18902.7,19071.8
2025-07-25T08:16:55.421051,bybit,0.258,0.0,21530.9,0.0
2025-07-25T08:16:55.474250,bitmart,0.2574,0.2586,517574.0,865778.0
2025-07-25T08:16:55.480236,bitget,0.258,0.2581,18902.7,19071.8
2025-07-25T08:16:55.510995,huobi,0.2579,0.2581,9944.42,909.4
2025-07-25T08:16:55.522058,bybit,0.0,0.2581,0.0,13843.2
2025-07-25T08:16:55.555755,blofin,0.2577,0.2579,694.0,114.0
2025-07-25T08:16:55.577878,digifinex,0.258,0.2581,353.0,433.0
2025-07-25T08:16:55.620521,bybit,0.258,0.0,21224.3,0.0
2025-07-25T08:16:55.630148,bitget,0.258,0.2581,18902.7,19071.8
2025-07-25T08:16:55.671291,bingx,0.2579,0.258,47.86,11.16
2025-07-25T08:16:55.671562,lbank,0.2578,0.2581,39710.4,30215.93
2025-07-25T08:16:55.748227,bybit,0.258,0.0,21530.9,0.0
2025-07-25T08:16:55.780678,bitget,0.258,0.2581,18902.7,19071.8
2025-07-25T08:16:55.929511,bitget,0.258,0.2581,18902.7,19071.8
2025-07-25T08:16:56.047648,blofin,0.2577,0.2579,708.0,114.0
2025-07-25T08:16:56.079963,bitget,0.258,0.2581,18902.7,19071.8
2025-07-25T08:16:56.109551,huobi,0.2579,0.258,9944.42,864.0
2025-07-25T08:16:56.120569,bybit,0.258,0.2581,21224.3,17843.2
2025-07-25T08:16:56.171655,lbank,0.2578,0.2581,39710.4,30215.93
2025-07-25T08:16:56.243140,bitget,0.258,0.2581,18902.7,19071.8
2025-07-25T08:16:56.320477,huobi,0.2579,0.258,10934.0,864.0
2025-07-25T08:16:56.320743,bybit,0.258,0.2581,21530.9,13699.1
2025-07-25T08:16:56.381295,bitget,0.258,0.2581,18902.7,5071.8
2025-07-25T08:16:56.382979,digifinex,0.258,0.2581,353.0,433.0
2025-07-25T08:16:56.418758,huobi,0.2579,0.2581,10934.0,909.4
2025-07-25T08:16:56.420575,bybit,0.258,0.2581,21915.1,12831.1
2025-07-25T08:16:56.520711,bybit,0.258,0.0,21608.5,0.0
2025-07-25T08:16:56.529930,bitget,0.258,0.2581,18902.7,5071.8
2025-07-25T08:16:56.539050,blofin,0.2577,0.2579,766.0,116.0
2025-07-25T08:16:56.547942,binance,0.258,0.258,0.0,0.0
2025-07-25T08:16:56.568601,bitmart,0.2574,0.2586,650706.0,857353.0
2025-07-25T08:16:56.575729,bingx,0.2579,0.258,47.86,11.16
2025-07-25T08:16:56.620309,bybit,0.258,0.0,21224.3,0.0
2025-07-25T08:16:56.680577,bitget,0.258,0.2581,18902.7,6978.4
2025-07-25T08:16:56.710363,huobi,0.2579,0.258,10934.0,864.0
2025-07-25T08:16:56.812725,huobi,0.258,0.2581,864.0,909.4
2025-07-25T08:16:56.820753,bybit,0.258,0.0,21915.1,0.0
2025-07-25T08:16:56.830798,bitget,0.258,0.2581,18902.7,25662.2
2025-07-25T08:16:56.920019,bybit,0.0,0.2581,0.0,30.2
2025-07-25T08:16:56.980048,bitget,0.258,0.2581,20809.3,23755.6
2025-07-25T08:16:57.013028,huobi,0.258,0.2581,1867.88,909.4
2025-07-25T08:16:57.020880,bybit,0.258,0.0,21608.5,0.0
2025-07-25T08:16:57.044757,blofin,0.2577,0.2579,766.0,113.0
2025-07-25T08:16:57.130669,bitget,0.258,0.2581,20809.3,23755.6
2025-07-25T08:16:57.215953,gateio,0.25782,0.25811,122.0,115.0
2025-07-25T08:16:57.220622,bybit,0.258,0.2581,22641.7,1.1
2025-07-25T08:16:57.239328,gateio,0.25783,0.25815,287.0,122.0
2025-07-25T08:16:57.251430,gateio,0.25784,0.25815,208.0,116.0
2025-07-25T08:16:57.264158,gateio,0.25785,0.25815,122.0,116.0
2025-07-25T08:16:57.275842,gateio,0.25785,0.25819,122.0,123.0
2025-07-25T08:16:57.283043,bitget,0.258,0.2581,20809.3,2375.5
2025-07-25T08:16:57.289246,gateio,0.25785,0.25827,122.0,125.0
2025-07-25T08:16:57.316615,huobi,0.258,0.2581,8781.64,45.4
2025-07-25T08:16:57.320387,bybit,0.258,0.0,23416.7,0.0
2025-07-25T08:16:57.359493,ascendex,0.0,0.2584,0.0,0.0
2025-07-25T08:16:57.360834,okx,0.258,0.2582,779.0,1009.0
2025-07-25T08:16:57.414407,huobi,0.258,0.2582,8827.04,1024.4
2025-07-25T08:16:57.420515,bybit,0.2581,0.2582,23836.4,17435.2
2025-07-25T08:16:57.431702,bitget,0.2581,0.2582,23755.6,5322.1
2025-07-25T08:16:57.469193,okx,0.258,0.2582,4032.27248,1265.8136
2025-07-25T08:16:57.482016,bingx,0.2579,0.258,47.86,11.16
2025-07-25T08:16:57.496719,mexc,0.258,0.2581,35441262.0,35441262.0
2025-07-25T08:16:57.520176,bybit,0.0,0.0,0.0,0.0
2025-07-25T08:16:57.540207,blofin,0.2577,0.2579,766.0,113.0
2025-07-25T08:16:57.547434,binance,0.2582,0.2582,0.0,0.0
2025-07-25T08:16:57.558951,huobi,0.258,0.2581,8827.04,864.0
2025-07-25T08:16:57.587224,bitget,0.2581,0.2582,70012.1,14655.5
2025-07-25T08:16:57.587893,okx,0.258,0.2582,4795.485607,279.0
2025-07-25T08:16:57.590247,bitmart,0.2576,0.2586,528018.0,134086.0
2025-07-25T08:16:57.592096,digifinex,0.258,0.2582,353.0,1915.0
2025-07-25T08:16:57.612337,huobi,0.258,0.2581,15731.44,864.0
2025-07-25T08:16:57.673424,ascendex,0.2578,0.2585,279449.0,174014.0
2025-07-25T08:16:57.674130,lbank,0.2578,0.2581,39710.4,30215.93
2025-07-25T08:16:57.679532,digifinex,0.2581,0.2582,1193.0,1915.0
2025-07-25T08:16:57.720949,bybit,0.2581,0.0,23529.8,0.0
2025-07-25T08:16:57.731176,bitget,0.2581,0.2582,70012.1,28655.5
2025-07-25T08:16:57.794374,bingx,0.2581,0.2582,91.51,11.16
2025-07-25T08:16:57.821062,bybit,0.0,0.0,0.0,0.0
2025-07-25T08:16:57.876636,digifinex,0.2581,0.2582,1141.0,1915.0
2025-07-25T08:16:57.881275,bitget,0.2581,0.2582,70012.1,28655.5
2025-07-25T08:16:57.920497,bybit,0.2581,0.0,23836.4,0.0
2025-07-25T08:16:57.978606,ascendex,0.2575,0.0,0.0,0.0
2025-07-25T08:16:58.020006,bybit,0.2581,0.2582,23223.2,22209.9
2025-07-25T08:16:58.051605,blofin,0.2577,0.2579,762.0,1.0
2025-07-25T08:16:58.077097,digifinex,0.258,0.2582,353.0,1915.0
2025-07-25T08:16:58.120923,bybit,0.2581,0.0,23210.7,0.0
2025-07-25T08:16:58.173929,lbank,0.258,0.2581,36084.0,4013.93
2025-07-25T08:16:58.182429,bitget,0.2581,0.2582,70012.1,28655.5
2025-07-25T08:16:58.193521,okx,0.258,0.2582,5570.379059,279.0
2025-07-25T08:16:58.212404,huobi,0.258,0.2581,16747.62,864.0
2025-07-25T08:16:58.276570,digifinex,0.2581,0.2582,369.0,1915.0
2025-07-25T08:16:58.291976,ascendex,0.2568,0.0,0.0,0.0
2025-07-25T08:16:58.310369,huobi,0.258,0.2581,9843.22,864.0
2025-07-25T08:16:58.320312,bybit,0.2581,0.0,23517.3,0.0
2025-07-25T08:16:58.338477,bitget,0.2581,0.2582,70012.1,28655.5
2025-07-25T08:16:58.420769,bybit,0.0,0.2582,0.0,21435.2
2025-07-25T08:16:58.481307,bitget,0.2581,0.2582,64473.1,28655.5
2025-07-25T08:16:58.501018,bitmart,0.2576,0.2586,960391.0,134086.0
2025-07-25T08:16:58.521938,bybit,0.2581,0.0,23210.7,0.0
2025-07-25T08:16:58.547483,binance,0.2582,0.2582,0.0,0.0
2025-07-25T08:16:58.552580,blofin,0.2578,0.258,888.0,1402.0
2025-07-25T08:16:58.620320,bybit,0.0,0.2582,0.0,22209.9
2025-07-25T08:16:58.631415,bitget,0.2581,0.2582,64473.1,26042.4
2025-07-25T08:16:58.684897,bingx,0.2581,0.2582,91.51,11.16
2025-07-25T08:16:58.711294,huobi,0.258,0.2581,7823.16,864.0
2025-07-25T08:16:58.784406,bitget,0.2581,0.2582,64473.1,26042.4
2025-07-25T08:16:58.820343,bybit,0.2581,0.2582,23517.3,17435.2
2025-07-25T08:16:58.920246,bybit,0.2581,0.0,23210.7,0.0
2025-07-25T08:16:58.932056,bitget,0.2581,0.2582,70204.8,26042.4
2025-07-25T08:16:58.982849,bingx,0.258,0.2581,75.83,62.15
2025-07-25T08:16:59.020109,bybit,0.2581,0.0,23640.7,0.0
2025-07-25T08:16:59.043035,blofin,0.2578,0.258,888.0,1402.0
2025-07-25T08:16:59.082741,bitget,0.2581,0.2582,70204.8,25654.9
2025-07-25T08:16:59.180722,lbank,0.258,0.2581,36084.0,4013.93
2025-07-25T08:16:59.220062,bybit,0.2581,0.2582,14334.1,18516.5
2025-07-25T08:16:59.223714,okx,0.258,0.2582,4032.27248,1765.8136
2025-07-25T08:16:59.233805,bitget,0.2581,0.2582,70204.8,25654.9
2025-07-25T08:16:59.252690,ascendex,0.2572,0.0,140025.0,0.0
2025-07-25T08:16:59.346959,okx,0.258,0.2581,279.0,279.0
2025-07-25T08:16:59.385314,bitget,0.2581,0.2582,65942.7,29809.9
2025-07-25T08:16:59.420134,bybit,0.0,0.2582,0.0,17708.9
2025-07-25T08:16:59.502136,bitmart,0.2576,0.2586,960391.0,134086.0
2025-07-25T08:16:59.511571,huobi,0.258,0.2581,8854.65,864.0
2025-07-25T08:16:59.520096,bybit,0.0,0.2582,0.0,18483.6
2025-07-25T08:16:59.520476,blofin,0.2578,0.258,888.0,1398.0
2025-07-25T08:16:59.534328,bitget,0.2581,0.2582,70204.8,28635.8
2025-07-25T08:16:59.547701,binance,0.2582,0.2582,0.0,0.0
2025-07-25T08:16:59.592238,okx,0.258,0.2582,4409.765296,1765.8136
2025-07-25T08:16:59.594390,bingx,0.258,0.2581,75.83,62.15
2025-07-25T08:16:59.611681,huobi,0.258,0.2582,9828.15,1024.4
2025-07-25T08:16:59.620060,bybit,0.2581,0.2582,14925.8,17708.9
2025-07-25T08:16:59.675100,lbank,0.258,0.2581,36084.0,4013.93
2025-07-25T08:16:59.684915,bitget,0.2581,0.2582,70204.8,28635.8
2025-07-25T08:16:59.792683,okx,0.258,0.2582,4409.765296,779.0
2025-07-25T08:16:59.832331,bitget,0.2581,0.2582,70204.8,28635.8
2025-07-25T08:16:59.881022,ascendex,0.0,0.2598,0.0,41666.0
2025-07-25T08:16:59.890934,mexc,0.258,0.2581,35441262.0,35441262.0
2025-07-25T08:16:59.893395,bingx,0.2581,0.2582,113.36,39.83
2025-07-25T08:16:59.921015,bybit,0.2581,0.0,14312.6,0.0
2025-07-25T08:16:59.929676,huobi,0.258,0.2581,9828.15,864.0
2025-07-25T08:16:59.982214,bitget,0.2581,0.2582,70204.8,28635.8
2025-07-25T08:17:00.021013,bybit,0.2581,0.2582,13512.6,26096.8
2025-07-25T08:17:00.059612,okx,0.258,0.2582,4409.765296,779.0
2025-07-25T08:17:00.069511,blofin,0.2578,0.258,1512.0,344.0
2025-07-25T08:17:00.138925,bitget,0.2581,0.2582,42187.1,28635.8
2025-07-25T08:17:00.142591,huobi,0.258,0.2581,9828.15,864.0
2025-07-25T08:17:00.185023,okx,0.258,0.2581,326.120334,279.0
2025-07-25T08:17:00.214504,huobi,0.258,0.2581,2914.39,864.0
2025-07-25T08:17:00.278189,digifinex,0.2581,0.2582,369.0,1914.0
2025-07-25T08:17:00.286286,bitget,0.2581,0.2582,42187.1,32790.8
2025-07-25T08:17:00.290775,lbank,0.258,0.2581,36084.0,4013.93
2025-07-25T08:17:00.314103,huobi,0.258,0.2581,3021.88,864.0
2025-07-25T08:17:00.320077,bybit,0.2581,0.2582,2796.9,28808.3
2025-07-25T08:17:00.392287,okx,0.2579,0.2581,5857.321015,817.79756
2025-07-25T08:17:00.420645,bybit,0.2581,0.0,184.5,0.0
2025-07-25T08:17:00.438698,bitget,0.258,0.2582,62792.4,32790.8
2025-07-25T08:17:00.476035,digifinex,0.258,0.2581,353.0,1120.0
2025-07-25T08:17:00.491408,bingx,0.258,0.2581,136.37,149.89
2025-07-25T08:17:00.491985,ascendex,0.2578,0.2584,0.0,348095.0
2025-07-25T08:17:00.504870,bitmart,0.2574,0.2586,533407.0,661776.0
2025-07-25T08:17:00.521518,bybit,0.0,0.2582,0.0,31936.0
2025-07-25T08:17:00.534401,blofin,0.2578,0.258,1512.0,344.0
2025-07-25T08:17:00.551189,binance,0.2582,0.2582,0.0,0.0
2025-07-25T08:17:00.584365,bitget,0.258,0.2581,62792.4,5491.7
2025-07-25T08:17:00.602608,okx,0.2579,0.2581,6294.04786,279.0
2025-07-25T08:17:00.620068,bybit,0.0,0.2582,0.0,29921.7
2025-07-25T08:17:00.721178,bybit,0.0,0.2582,0.0,33767.3
2025-07-25T08:17:00.740068,bitget,0.258,0.2581,62792.4,17509.0
2025-07-25T08:17:00.748206,okx,0.2579,0.2581,5794.04786,279.0
2025-07-25T08:17:00.811725,gateio,0.25785,0.25827,122.0,243.0
2025-07-25T08:17:00.823766,ascendex,0.0,0.2587,0.0,0.0
2025-07-25T08:17:00.883595,bitget,0.258,0.2581,62792.4,13354.0
2025-07-25T08:17:00.892960,gateio,0.25785,0.25826,122.0,126.0
2025-07-25T08:17:01.002308,okx,0.2579,0.2581,3763.180505,279.0
2025-07-25T08:17:01.020042,bybit,0.0,0.2582,0.0,35767.3
2025-07-25T08:17:01.036649,bitget,0.258,0.2581,62792.4,13354.0
2025-07-25T08:17:01.056324,blofin,0.2578,0.258,3.0,266.0
2025-07-25T08:17:01.086885,gateio,0.25785,0.25814,122.0,77.0
2025-07-25T08:17:01.099575,gateio,0.25782,0.25813,122.0,126.0
2025-07-25T08:17:01.120243,bybit,0.258,0.2581,18181.7,31107.2
2025-07-25T08:17:01.140462,okx,0.2579,0.2581,4538.374303,1265.8136
2025-07-25T08:17:01.181331,lbank,0.258,0.2581,36084.0,4013.93
2025-07-25T08:17:01.183629,bitget,0.258,0.2581,55983.1,19415.6
2025-07-25T08:17:01.220342,bybit,0.0,0.2581,0.0,30800.6
2025-07-25T08:17:01.255577,okx,0.2579,0.258,309.0,279.0
2025-07-25T08:17:01.333630,bitget,0.258,0.2581,50444.1,19415.6
2025-07-25T08:17:01.376885,gateio,0.25782,0.25826,122.0,126.0
2025-07-25T08:17:01.405063,bingx,0.2579,0.258,76.52,45.8
2025-07-25T08:17:01.420065,bybit,0.258,0.2581,21926.1,21349.9
2025-07-25T08:17:01.439559,ascendex,0.2424,0.2593,0.0,0.0
2025-07-25T08:17:01.483159,bitget,0.258,0.2581,62151.8,15295.5
2025-07-25T08:17:01.488347,okx,0.2579,0.2581,3389.197662,279.0
2025-07-25T08:17:01.491956,bitmart,0.2575,0.2586,3291.0,661776.0
2025-07-25T08:17:01.520240,bybit,0.258,0.2581,22003.7,9026.6
2025-07-25T08:17:01.547394,binance,0.2582,0.2582,0.0,0.0
2025-07-25T08:17:01.549122,blofin,0.2577,0.258,2505.0,457.0
2025-07-25T08:17:01.556625,gateio,0.25783,0.25826,126.0,126.0
2025-07-25T08:17:01.576179,digifinex,0.258,0.2581,353.0,1117.0
2025-07-25T08:17:01.636214,bitget,0.258,0.2581,66306.8,10887.4
2025-07-25T08:17:01.640957,gateio,0.25784,0.25826,126.0,126.0
2025-07-25T08:17:01.675505,lbank,0.258,0.2581,1197.6,7797.53
2025-07-25T08:17:01.690428,okx,0.258,0.2581,279.0,279.0
2025-07-25T08:17:01.707129,bingx,0.258,0.2581,139.88,101.47
2025-07-25T08:17:01.760335,ascendex,0.2328,0.2598,158590.0,0.0
2025-07-25T08:17:01.783448,bitget,0.258,0.2581,66306.8,6203.6
2025-07-25T08:17:01.836621,gateio,0.25785,0.25826,126.0,126.0
2025-07-25T08:17:01.937867,bitget,0.258,0.2581,66306.8,1941.5
2025-07-25T08:17:01.992602,gateio,0.25786,0.25826,126.0,126.0
2025-07-25T08:17:02.052879,blofin,0.2577,0.258,2505.0,457.0
2025-07-25T08:17:02.088641,bitget,0.258,0.2581,62151.8,1941.5
2025-07-25T08:17:02.120559,bybit,0.258,0.0,21619.5,0.0
2025-07-25T08:17:02.174428,lbank,0.258,0.2581,1197.6,7797.53
2025-07-25T08:17:02.220376,bybit,0.258,0.0,21697.1,0.0
2025-07-25T08:17:02.239384,bitget,0.258,0.2581,62151.8,1941.5
2025-07-25T08:17:02.301625,mexc,0.2581,0.2582,35441262.0,35441262.0
2025-07-25T08:17:02.320074,bybit,0.258,0.0,21926.1,0.0
2025-07-25T08:17:02.378271,digifinex,0.258,0.2581,353.0,1117.0
2025-07-25T08:17:02.384550,bitget,0.258,0.2581,62151.8,6203.6
2025-07-25T08:17:02.420618,bybit,0.258,0.0,22003.7,0.0
2025-07-25T08:17:02.491703,bitmart,0.2575,0.2586,3291.0,665424.0
2025-07-25T08:17:02.513235,huobi,0.258,0.2581,4024.82,864.0
2025-07-25T08:17:02.520084,bybit,0.258,0.0,21926.1,0.0
2025-07-25T08:17:02.537577,blofin,0.2577,0.2579,2505.0,758.0
2025-07-25T08:17:02.545096,bitget,0.258,0.2581,62151.8,6203.6
2025-07-25T08:17:02.548051,binance,0.2582,0.2582,0.0,0.0
2025-07-25T08:17:02.560818,gateio,0.25786,0.25826,383.0,126.0
2025-07-25T08:17:02.577055,gateio,0.25787,0.25826,126.0,126.0
2025-07-25T08:17:02.594558,bingx,0.258,0.2581,139.88,101.47
2025-07-25T08:17:02.620203,bybit,0.258,0.0,22003.7,0.0
2025-07-25T08:17:02.683739,bitget,0.258,0.2581,62151.8,6203.6
2025-07-25T08:17:02.720433,bybit,0.258,0.0,21619.5,0.0
2025-07-25T08:17:02.820936,bybit,0.258,0.0,21312.9,0.0
2025-07-25T08:17:02.834486,bitget,0.258,0.2581,62151.8,6203.6
2025-07-25T08:17:02.920345,bybit,0.0,0.2581,0.0,9170.7
2025-07-25T08:17:02.928469,gateio,0.25788,0.25826,126.0,126.0
2025-07-25T08:17:02.987164,bitget,0.258,0.2581,62151.8,6203.6
2025-07-25T08:17:02.999834,ascendex,0.2567,0.0,140305.0,0.0
2025-07-25T08:17:03.020086,bybit,0.0,0.2581,0.0,14289.9
2025-07-25T08:17:03.037859,gateio,0.25789,0.25826,1.0,126.0
2025-07-25T08:17:03.050300,okx,0.2579,0.2581,7088.566241,279.0
2025-07-25T08:17:03.062041,blofin,0.2577,0.2579,1706.0,5.0
2025-07-25T08:17:03.069221,gateio,0.25789,0.25825,1.0,1.0
2025-07-25T08:17:03.069278,gateio,0.25789,0.25824,1.0,126.0
2025-07-25T08:17:03.119206,gateio,0.25783,0.25824,126.0,126.0
2025-07-25T08:17:03.120872,bybit,0.258,0.2581,21619.5,9170.7
2025-07-25T08:17:03.134764,bitget,0.258,0.2581,62151.8,6203.6
2025-07-25T08:17:03.153836,okx,0.2579,0.2581,7863.760039,279.0
2025-07-25T08:17:03.169245,gateio,0.25783,0.25826,126.0,126.0
2025-07-25T08:17:03.176515,lbank,0.258,0.2581,1197.6,7797.53
2025-07-25T08:17:03.220261,bybit,0.258,0.2581,22003.7,9026.6
2025-07-25T08:17:03.284550,bitget,0.258,0.2581,62151.8,11695.3
2025-07-25T08:17:03.294895,okx,0.258,0.2581,279.0,279.0
2025-07-25T08:17:03.396626,gateio,0.25785,0.25826,126.0,126.0
2025-07-25T08:17:03.440758,bitget,0.258,0.2581,62151.8,11695.3
2025-07-25T08:17:03.498887,bingx,0.258,0.2581,139.88,101.47
2025-07-25T08:17:03.516617,gateio,0.25786,0.25826,257.0,126.0
2025-07-25T08:17:03.546535,blofin,0.2578,0.2579,439.0,5.0
2025-07-25T08:17:03.547313,binance,0.2582,0.2582,0.0,0.0
2025-07-25T08:17:03.550673,gateio,0.25787,0.25826,126.0,126.0
2025-07-25T08:17:03.564819,bitmart,0.2575,0.2586,3291.0,665424.0
2025-07-25T08:17:03.584198,bitget,0.258,0.2581,62151.8,2749.4
2025-07-25T08:17:03.629497,ascendex,0.2573,0.0,104924.0,0.0
2025-07-25T08:17:03.684118,lbank,0.258,0.2581,1197.6,7797.53
2025-07-25T08:17:03.736260,bitget,0.258,0.2581,62151.8,2749.4
2025-07-25T08:17:03.810387,huobi,0.258,0.2581,864.0,909.4
2025-07-25T08:17:03.998751,gateio,0.25788,0.25826,241.0,126.0
2025-07-25T08:17:04.016599,gateio,0.25789,0.25826,126.0,126.0
2025-07-25T08:17:04.020515,bybit,0.0,0.2581,0.0,8222.4
2025-07-25T08:17:04.034847,bitget,0.258,0.2581,62151.8,1941.5
2025-07-25T08:17:04.054741,blofin,0.2578,0.2579,439.0,5.0
2025-07-25T08:17:04.080476,digifinex,0.258,0.2582,353.0,1914.0
2025-07-25T08:17:04.177011,lbank,0.258,0.2581,1197.6,7797.53
2025-07-25T08:17:04.185623,bitget,0.258,0.2581,62151.8,1941.5
2025-07-25T08:17:04.275877,digifinex,0.258,0.2581,353.0,56.0
2025-07-25T08:17:04.336462,bitget,0.258,0.2581,62151.8,1941.5
2025-07-25T08:17:04.399480,bingx,0.258,0.2581,139.88,101.47
2025-07-25T08:17:04.416461,huobi,0.258,0.2581,1930.22,909.4
2025-07-25T08:17:04.421393,bybit,0.258,0.2581,21312.9,13490.7
2025-07-25T08:17:04.475977,bitmart,0.2575,0.2586,3291.0,665424.0
2025-07-25T08:17:04.487628,bitget,0.258,0.2581,62151.8,7011.5
2025-07-25T08:17:04.510956,huobi,0.258,0.2581,1066.22,909.4
2025-07-25T08:17:04.520059,bybit,0.0,0.2581,0.0,20694.8
2025-07-25T08:17:04.536627,gateio,0.25785,0.25814,126.0,77.0
2025-07-25T08:17:04.546396,blofin,0.2578,0.2579,2529.0,5.0
2025-07-25T08:17:04.546776,gateio,0.25783,0.25813,126.0,126.0
2025-07-25T08:17:04.547407,binance,0.258,0.258,0.0,0.0
2025-07-25T08:17:04.564730,gateio,0.25781,0.25813,118.0,126.0
2025-07-25T08:17:04.576708,gateio,0.25779,0.25813,257.0,126.0
2025-07-25T08:17:04.588931,gateio,0.2578,0.25813,126.0,126.0
2025-07-25T08:17:04.610010,huobi,0.2579,0.258,909.4,864.0
2025-07-25T08:17:04.620403,bybit,0.258,0.2581,17381.7,23245.6
2025-07-25T08:17:04.638336,bitget,0.2579,0.2581,129498.3,31756.9
2025-07-25T08:17:04.671991,mexc,0.2581,0.2582,35441262.0,35441262.0
2025-07-25T08:17:04.675666,digifinex,0.2579,0.2581,1205.0,56.0
2025-07-25T08:17:04.695242,okx,0.2579,0.258,279.0,817.79756
2025-07-25T08:17:04.707614,bingx,0.2579,0.258,52.17,107.53
2025-07-25T08:17:04.778607,digifinex,0.2579,0.258,1205.0,1053.0
2025-07-25T08:17:04.785288,bitget,0.2579,0.258,49620.5,5102.8
2025-07-25T08:17:04.846175,okx,0.2579,0.258,279.0,538.79756
2025-07-25T08:17:04.899086,ascendex,0.2577,0.2583,0.0,174149.0
2025-07-25T08:17:04.920735,bybit,0.258,0.0,8381.7,0.0
2025-07-25T08:17:04.934941,bitget,0.2579,0.258,51527.1,4262.1
2025-07-25T08:17:04.977642,digifinex,0.2579,0.258,1205.0,1053.0
2025-07-25T08:17:04.990439,okx,0.2579,0.258,279.0,817.79756
2025-07-25T08:17:05.020167,bybit,0.258,0.2581,12381.7,32245.6
2025-07-25T08:17:05.052400,blofin,0.2578,0.258,4.0,471.0
2025-07-25T08:17:05.085525,bitget,0.2579,0.258,51527.1,4262.1
2025-07-25T08:17:05.089843,okx,0.2579,0.258,279.0,279.0
2025-07-25T08:17:05.096754,gateio,0.2578,0.25813,131.0,126.0
2025-07-25T08:17:05.175969,lbank,0.258,0.2581,1197.6,7797.53
2025-07-25T08:17:05.204560,gateio,0.25781,0.25813,126.0,126.0
2025-07-25T08:17:05.235419,bitget,0.2579,0.2581,51527.1,27460.7
2025-07-25T08:17:05.320446,bybit,0.0,0.2581,0.0,31939.0
2025-07-25T08:17:05.380363,digifinex,0.2579,0.258,1205.0,1026.0
2025-07-25T08:17:05.388134,bitget,0.2579,0.2581,51527.1,23305.7
2025-07-25T08:17:05.420122,bybit,0.0,0.2581,0.0,31632.4
2025-07-25T08:17:05.520136,bybit,0.0,0.2581,0.0,31939.0
2025-07-25T08:17:05.535626,bitget,0.2579,0.2581,51527.1,23305.7
2025-07-25T08:17:05.539014,blofin,0.2577,0.2579,535.0,531.0
2025-07-25T08:17:05.547276,binance,0.258,0.258,0.0,0.0
2025-07-25T08:17:05.571425,bitmart,0.2575,0.2586,3291.0,508175.0
2025-07-25T08:17:05.609190,bingx,0.2579,0.258,52.17,107.53
2025-07-25T08:17:05.680406,lbank,0.258,0.2581,1197.6,7797.53
2025-07-25T08:17:05.687378,bitget,0.258,0.2581,14000.0,23305.7
2025-07-25T08:17:05.720508,bybit,0.0,0.2581,0.0,31632.4
2025-07-25T08:17:05.820465,bybit,0.258,0.0,12616.3,0.0
2025-07-25T08:17:05.831880,ascendex,0.2574,0.0,103664.0,0.0
2025-07-25T08:17:05.837074,bitget,0.258,0.2581,14000.0,22918.1
2025-07-25T08:17:05.920811,bybit,0.0,0.2581,0.0,22632.4
2025-07-25T08:17:05.987335,bitget,0.258,0.2581,18262.1,22918.1
2025-07-25T08:17:06.020465,bybit,0.258,0.2581,17616.3,26632.4
2025-07-25T08:17:06.046927,blofin,0.2577,0.2579,535.0,531.0
2025-07-25T08:17:06.120249,bybit,0.258,0.0,17381.7,0.0
2025-07-25T08:17:06.137279,bitget,0.258,0.2581,18262.1,22918.1
2025-07-25T08:17:06.177290,lbank,0.258,0.2581,1197.6,7797.53
2025-07-25T08:17:06.220210,bybit,0.258,0.2581,8381.7,26939.0
2025-07-25T08:17:06.285975,bitget,0.258,0.2581,14000.0,22918.1
2025-07-25T08:17:06.320436,bybit,0.258,0.2581,3262.5,27245.6
2025-07-25T08:17:06.330768,gateio,0.25781,0.25813,242.0,126.0
2025-07-25T08:17:06.420102,bybit,0.258,0.0,858.2,0.0
2025-07-25T08:17:06.437251,bitget,0.2579,0.2581,65527.1,27073.1
2025-07-25T08:17:06.459214,ascendex,0.2567,0.0,0.0,0.0
2025-07-25T08:17:06.460878,okx,0.2578,0.258,17291.283482,279.0
2025-07-25T08:17:06.482669,bitmart,0.2575,0.2586,3291.0,3648.0
2025-07-25T08:17:06.507689,bingx,0.2579,0.258,52.17,107.53
2025-07-25T08:17:06.520410,bybit,0.0,0.0,0.0,0.0
2025-07-25T08:17:06.541145,blofin,0.2577,0.2579,535.0,531.0
2025-07-25T08:17:06.547332,binance,0.2579,0.2579,0.0,0.0
2025-07-25T08:17:06.562392,okx,0.2578,0.258,16515.789105,279.0
2025-07-25T08:17:06.586624,bitget,0.2579,0.258,65527.1,800.7
2025-07-25T08:17:06.611155,huobi,0.2579,0.258,45.4,864.0
2025-07-25T08:17:06.710041,huobi,0.2578,0.258,15209.35,909.4
2025-07-25T08:17:06.737563,bitget,0.2579,0.258,65527.1,5062.8
2025-07-25T08:17:06.758634,ascendex,0.2574,0.0,147784.0,0.0
2025-07-25T08:17:06.798850,gateio,0.25781,0.25813,242.0,241.0
2025-07-25T08:17:06.816838,gateio,0.25781,0.25812,116.0,126.0
2025-07-25T08:17:06.838463,gateio,0.2578,0.25812,105.0,126.0
2025-07-25T08:17:06.891251,bitget,0.2579,0.258,65527.1,5062.8
2025-07-25T08:17:06.920344,bybit,0.0,0.2581,0.0,32245.6
2025-07-25T08:17:06.980952,gateio,0.25779,0.25812,257.0,126.0
2025-07-25T08:17:07.009674,huobi,0.2578,0.2579,15209.35,864.0
2025-07-25T08:17:07.020831,bybit,0.258,0.0,612.9,0.0
2025-07-25T08:17:07.037027,bitget,0.2579,0.258,57877.6,17501.8
2025-07-25T08:17:07.046995,mexc,0.258,0.2581,35441262.0,35441262.0
2025-07-25T08:17:07.051508,blofin,0.2577,0.2579,545.0,473.0
2025-07-25T08:17:07.070452,ascendex,0.2574,0.0,103664.0,0.0
2025-07-25T08:17:07.120618,bybit,0.0,0.2581,0.0,32519.4
2025-07-25T08:17:07.172456,lbank,0.258,0.2581,1197.6,7797.53
2025-07-25T08:17:07.175327,digifinex,0.2578,0.258,1944.0,1026.0
2025-07-25T08:17:07.187493,bitget,0.2579,0.258,62139.7,13346.8
2025-07-25T08:17:07.191920,okx,0.2578,0.258,11975.735116,279.0
2025-07-25T08:17:07.281107,digifinex,0.2579,0.258,130.0,1026.0
2025-07-25T08:17:07.295250,okx,0.2578,0.258,12475.735116,279.0
2025-07-25T08:17:07.311421,huobi,0.2578,0.258,15209.35,909.4
2025-07-25T08:17:07.319932,bybit,0.0,0.2581,0.0,31906.2
2025-07-25T08:17:07.336840,bitget,0.2579,0.258,62139.7,13346.8
2025-07-25T08:17:07.338997,gateio,0.2578,0.25812,126.0,126.0
2025-07-25T08:17:07.379456,ascendex,0.2574,0.0,243524.0,0.0
2025-07-25T08:17:07.410496,bingx,0.2579,0.258,52.17,107.53
2025-07-25T08:17:07.413958,okx,0.2579,0.258,779.0,279.0
2025-07-25T08:17:07.414399,huobi,0.2579,0.258,864.0,909.4
2025-07-25T08:17:07.421356,bybit,0.258,0.0,5732.1,0.0
2025-07-25T08:17:07.423133,gateio,0.25781,0.25812,257.0,126.0
2025-07-25T08:17:07.487239,bitget,0.2579,0.258,62139.7,4262.1
2025-07-25T08:17:07.541764,blofin,0.2577,0.2579,545.0,473.0
2025-07-25T08:17:07.547898,binance,0.2579,0.2579,0.0,0.0
2025-07-25T08:17:07.561120,bitmart,0.2575,0.2586,3291.0,3648.0
2025-07-25T08:17:07.620666,bybit,0.0,0.2581,0.0,32519.4
2025-07-25T08:17:07.637884,bitget,0.2579,0.2581,62139.7,39222.5
2025-07-25T08:17:07.650288,okx,0.2579,0.258,279.0,279.0
2025-07-25T08:17:07.673702,lbank,0.258,0.2581,1197.6,7797.53
2025-07-25T08:17:07.699252,ascendex,0.2574,0.0,360171.0,0.0
2025-07-25T08:17:07.726244,bybit,0.0,0.2581,0.0,32212.8
2025-07-25T08:17:07.789334,bitget,0.2579,0.258,62139.7,9746.6
2025-07-25T08:17:07.891903,okx,0.2578,0.258,15337.784343,279.0
2025-07-25T08:17:07.923597,bybit,0.258,0.2581,13732.1,31906.2
2025-07-25T08:17:07.987869,okx,0.2579,0.258,279.0,279.0
2025-07-25T08:17:08.020181,bybit,0.0,0.2581,0.0,22906.2
2025-07-25T08:17:08.021692,ascendex,0.2574,0.0,139860.0,0.0
2025-07-25T08:17:08.042593,blofin,0.2577,0.2579,389.0,587.0
2025-07-25T08:17:08.089558,bitget,0.2579,0.258,62139.7,9746.6
2025-07-25T08:17:08.108778,okx,0.2579,0.258,779.0,279.0
2025-07-25T08:17:08.176559,lbank,0.258,0.2581,1197.6,7797.53
2025-07-25T08:17:08.202823,okx,0.2579,0.258,779.0,1054.193798
2025-07-25T08:17:08.238894,bitget,0.2579,0.258,62139.7,9746.6
2025-07-25T08:17:08.314489,bingx,0.2579,0.258,52.17,107.53
2025-07-25T08:17:08.500816,gateio,0.25782,0.25812,126.0,126.0
2025-07-25T08:17:08.518242,gateio,0.25783,0.25812,126.0,126.0
2025-07-25T08:17:08.527825,bybit,0.258,0.2581,20952.9,23721.4
2025-07-25T08:17:08.538382,bitget,0.2579,0.258,62139.7,9746.6
2025-07-25T08:17:08.548105,binance,0.2579,0.2579,0.0,0.0
2025-07-25T08:17:08.551261,blofin,0.2577,0.2579,3.0,585.0
2025-07-25T08:17:08.567933,bitmart,0.2575,0.2586,3291.0,3648.0
2025-07-25T08:17:08.610358,huobi,0.2579,0.258,909.4,864.0
2025-07-25T08:17:08.617970,gateio,0.25784,0.25812,262.0,126.0
2025-07-25T08:17:08.620312,bybit,0.258,0.0,21187.8,0.0
2025-07-25T08:17:08.636912,gateio,0.25784,0.25811,262.0,126.0
2025-07-25T08:17:08.687577,bitget,0.2579,0.2581,62139.7,38834.9
2025-07-25T08:17:08.691670,okx,0.2579,0.258,779.0,775.193798
2025-07-25T08:17:08.720138,bybit,0.258,0.0,21179.8,0.0
2025-07-25T08:17:08.783633,digifinex,0.2579,0.258,128.0,1026.0
2025-07-25T08:17:08.810706,huobi,0.2579,0.258,2031.37,864.0
2025-07-25T08:17:08.820540,bybit,0.258,0.0,21979.8,0.0
2025-07-25T08:17:08.841043,bitget,0.2579,0.2581,62139.7,22918.1
2025-07-25T08:17:08.875890,digifinex,0.258,0.2581,949.0,56.0
2025-07-25T08:17:08.896875,gateio,0.25785,0.25811,126.0,126.0
2025-07-25T08:17:08.913059,huobi,0.258,0.2581,864.0,909.4
2025-07-25T08:17:08.916548,gateio,0.25786,0.25811,257.0,126.0
2025-07-25T08:17:08.917962,bingx,0.258,0.2581,75.05,114.01
2025-07-25T08:17:08.920880,bybit,0.258,0.2581,22671.6,21783.8
2025-07-25T08:17:08.933054,gateio,0.25787,0.25811,126.0,126.0
2025-07-25T08:17:08.965568,ascendex,0.2577,0.2583,139752.0,0.0
2025-07-25T08:17:08.988671,bitget,0.258,0.2581,3736.8,21011.5
2025-07-25T08:17:08.996713,gateio,0.25787,0.25811,242.0,126.0
2025-07-25T08:17:09.009030,huobi,0.2579,0.2581,8945.13,909.4
2025-07-25T08:17:09.026834,bybit,0.258,0.0,22594.0,0.0
2025-07-25T08:17:09.040166,blofin,0.2577,0.2579,3.0,585.0
2025-07-25T08:17:09.050745,okx,0.2579,0.258,4790.657326,775.193798
2025-07-25T08:17:09.110260,huobi,0.2579,0.258,8945.13,864.0
2025-07-25T08:17:09.124411,bybit,0.258,0.0,22671.6,0.0
2025-07-25T08:17:09.138163,bitget,0.258,0.2581,21998.9,21011.5
2025-07-25T08:17:09.209335,huobi,0.2579,0.2581,8945.13,909.4
2025-07-25T08:17:09.289082,bitget,0.258,0.2581,21998.9,21011.5
2025-07-25T08:17:09.317677,huobi,0.258,0.2581,864.0,909.4
2025-07-25T08:17:09.377991,digifinex,0.258,0.2581,949.0,56.0
2025-07-25T08:17:09.412422,huobi,0.2579,0.2581,8945.13,909.4
2025-07-25T08:17:09.424070,mexc,0.258,0.2581,35441262.0,35441262.0
2025-07-25T08:17:09.425442,bybit,0.258,0.2581,22594.0,22599.0
2025-07-25T08:17:09.438160,bitget,0.258,0.2581,21998.9,21011.5
2025-07-25T08:17:09.545213,blofin,0.2577,0.2579,479.0,3.0
2025-07-25T08:17:09.547679,binance,0.2579,0.2579,0.0,0.0
2025-07-25T08:17:09.570852,bitmart,0.2575,0.2586,3291.0,887810.0
2025-07-25T08:17:09.575844,digifinex,0.258,0.2581,948.0,56.0
2025-07-25T08:17:09.580456,ascendex,0.2558,0.2587,0.0,42824.0
2025-07-25T08:17:09.607391,bitget,0.258,0.2581,21998.9,21011.5
2025-07-25T08:17:09.615513,huobi,0.2579,0.258,2031.37,864.0
2025-07-25T08:17:09.620199,bybit,0.258,0.0,22287.4,0.0
2025-07-25T08:17:09.709533,huobi,0.2579,0.258,3075.81,864.0
2025-07-25T08:17:09.738297,bitget,0.258,0.2581,21445.6,22918.1
2025-07-25T08:17:09.780772,gateio,0.25787,0.25811,499.0,126.0
2025-07-25T08:17:09.821053,bingx,0.258,0.2581,75.05,114.01
2025-07-25T08:17:09.838630,huobi,0.2579,0.258,9989.57,864.0
2025-07-25T08:17:09.849909,gateio,0.25787,0.25811,373.0,126.0
2025-07-25T08:17:09.888572,bitget,0.258,0.2581,21445.6,22918.1
2025-07-25T08:17:09.913213,huobi,0.2579,0.2581,9989.57,909.4
2025-07-25T08:17:09.920394,bybit,0.258,0.2581,22671.6,10131.6
2025-07-25T08:17:09.932942,gateio,0.25788,0.25811,123.0,126.0
2025-07-25T08:17:10.019622,huobi,0.258,0.2581,864.0,909.4
2025-07-25T08:17:10.039340,bitget,0.258,0.2581,25707.7,8918.1
2025-07-25T08:17:10.054456,blofin,0.2577,0.2579,2200.0,941.0
2025-07-25T08:17:10.056696,gateio,0.25788,0.25811,235.0,126.0
2025-07-25T08:17:10.076874,gateio,0.25789,0.25813,123.0,115.0
2025-07-25T08:17:10.095408,gateio,0.25789,0.25813,128.0,123.0
2025-07-25T08:17:10.120010,bybit,0.0,0.2581,0.0,5659.4
2025-07-25T08:17:10.188648,bitget,0.258,0.2581,25707.7,12794.0
2025-07-25T08:17:10.210282,ascendex,0.2567,0.2587,65926.0,173880.0
2025-07-25T08:17:10.220084,bybit,0.0,0.2581,0.0,5734.4
2025-07-25T08:17:10.226369,lbank,0.258,0.2581,1197.6,7797.53
2025-07-25T08:17:10.246690,gateio,0.25789,0.25826,128.0,126.0
2025-07-25T08:17:10.320892,bybit,0.258,0.0,22594.0,0.0
2025-07-25T08:17:10.341963,bitget,0.258,0.2581,29862.7,12794.0
2025-07-25T08:17:10.420289,bybit,0.0,0.2581,0.0,4104.0
2025-07-25T08:17:10.489280,bitget,0.258,0.2581,25707.7,12794.0
2025-07-25T08:17:10.545359,blofin,0.2577,0.2579,2200.0,941.0
2025-07-25T08:17:10.547483,binance,0.2579,0.2579,0.0,0.0
2025-07-25T08:17:10.572084,bitmart,0.2575,0.2586,3291.0,938849.0
2025-07-25T08:17:10.641920,bitget,0.258,0.2581,25707.7,26794.0
2025-07-25T08:17:10.720252,bybit,0.258,0.2581,22671.6,3123.4
2025-07-25T08:17:10.722709,bingx,0.258,0.2581,75.05,114.01
2025-07-25T08:17:10.790778,bitget,0.258,0.2581,25707.7,26794.0
2025-07-25T08:17:10.809467,huobi,0.258,0.2581,1978.23,909.4
2025-07-25T08:17:10.830933,ascendex,0.0,0.2587,0.0,131056.0
2025-07-25T08:17:10.940540,bitget,0.258,0.2581,25707.7,26794.0
2025-07-25T08:17:11.020095,bybit,0.258,0.2581,22287.4,8386.7
2025-07-25T08:17:11.039083,gateio,0.2579,0.25826,123.0,126.0
2025-07-25T08:17:11.048724,blofin,0.2577,0.2579,1541.0,61.0
2025-07-25T08:17:11.056859,gateio,0.25787,0.25813,116.0,77.0
2025-07-25T08:17:11.068746,gateio,0.25785,0.25813,126.0,210.0
2025-07-25T08:17:11.090882,bitget,0.258,0.2581,25707.7,26794.0
2025-07-25T08:17:11.105023,gateio,0.25786,0.25813,123.0,87.0
2025-07-25T08:17:11.112588,huobi,0.258,0.2581,1114.23,909.4
2025-07-25T08:17:11.120288,bybit,0.258,0.2581,21980.8,17024.9
2025-07-25T08:17:11.137914,gateio,0.25785,0.25813,5.0,87.0
2025-07-25T08:17:11.156509,gateio,0.25781,0.25813,115.0,87.0
2025-07-25T08:17:11.177018,gateio,0.25781,0.25813,115.0,200.0
2025-07-25T08:17:11.190372,okx,0.2578,0.258,17464.82637,1054.193798
2025-07-25T08:17:11.210886,gateio,0.2578,0.25812,498.0,123.0
2025-07-25T08:17:11.220107,bybit,0.258,0.2581,613.9,18962.5
2025-07-25T08:17:11.238403,huobi,0.2579,0.258,2211.81,864.0
2025-07-25T08:17:11.241821,bitget,0.2579,0.258,25707.7,5539.0
2025-07-25T08:17:11.277230,digifinex,0.2579,0.2581,128.0,56.0
2025-07-25T08:17:11.296890,gateio,0.25781,0.25812,112.0,123.0
2025-07-25T08:17:11.320952,bybit,0.258,0.0,5733.3,0.0
2025-07-25T08:17:11.337691,bingx,0.2579,0.258,16786.05,1434.9
2025-07-25T08:17:11.356760,gateio,0.2578,0.25812,372.0,123.0
2025-07-25T08:17:11.376313,digifinex,0.2579,0.258,128.0,1172.0
2025-07-25T08:17:11.397426,bitget,0.2579,0.258,62125.2,23285.6
2025-07-25T08:17:11.420118,bybit,0.0,0.2581,0.0,20202.2
2025-07-25T08:17:11.448730,okx,0.2578,0.258,17464.82637,1054.193798
2025-07-25T08:17:11.452265,ascendex,0.2577,0.2583,0.0,174149.0
2025-07-25T08:17:11.475486,digifinex,0.2579,0.258,128.0,1171.0
2025-07-25T08:17:11.520771,bybit,0.258,0.2581,10733.3,19384.1
2025-07-25T08:17:11.539295,bitget,0.2579,0.258,62125.2,9746.6
2025-07-25T08:17:11.547967,binance,0.2579,0.2579,0.0,0.0
2025-07-25T08:17:11.550884,blofin,0.2577,0.2579,1541.0,61.0
2025-07-25T08:17:11.577410,bitmart,0.2575,0.2586,3291.0,991343.0
2025-07-25T08:17:11.580698,okx,0.2579,0.258,279.0,1054.193798
2025-07-25T08:17:11.609383,huobi,0.2579,0.258,3075.81,864.0
2025-07-25T08:17:11.619910,bybit,0.0,0.2581,0.0,18924.7
2025-07-25T08:17:11.691744,bitget,0.2579,0.258,62125.2,9746.6
2025-07-25T08:17:11.720621,bybit,0.0,0.2581,0.0,18281.5
2025-07-25T08:17:11.784744,gateio,0.2578,0.25812,257.0,123.0
2025-07-25T08:17:11.793457,okx,0.2578,0.258,17464.82637,1054.193798
2025-07-25T08:17:11.800839,mexc,0.258,0.2581,35441262.0,35441262.0
2025-07-25T08:17:11.808158,huobi,0.2579,0.258,4204.68,864.0
2025-07-25T08:17:11.820098,bybit,0.258,0.2581,5733.3,18200.6
2025-07-25T08:17:11.839492,bitget,0.2579,0.258,62125.2,9746.6
2025-07-25T08:17:11.920129,bybit,0.258,0.2581,614.1,27200.6
2025-07-25T08:17:11.930429,okx,0.2578,0.258,10992.398928,1054.193798
2025-07-25T08:17:11.990378,bitget,0.2579,0.258,62125.2,9746.6
2025-07-25T08:17:12.038050,gateio,0.25781,0.25812,123.0,123.0
2025-07-25T08:17:12.040059,blofin,0.2577,0.2579,8.0,61.0
2025-07-25T08:17:12.081966,okx,0.2578,0.258,15303.909637,1054.193798
2025-07-25T08:17:12.111380,huobi,0.2579,0.258,3340.68,864.0
2025-07-25T08:17:12.120380,bybit,0.258,0.2581,5733.3,26894.0
2025-07-25T08:17:12.142169,bitget,0.2579,0.258,62125.2,4262.1
2025-07-25T08:17:12.162812,gateio,0.25772,0.25812,257.0,123.0
2025-07-25T08:17:12.178887,gateio,0.25778,0.25812,77.0,123.0
2025-07-25T08:17:12.184687,okx,0.2579,0.258,279.0,1054.193798
2025-07-25T08:17:12.220600,bybit,0.258,0.2581,614.1,27200.6
2025-07-25T08:17:12.225113,gateio,0.25775,0.25812,123.0,123.0
2025-07-25T08:17:12.226212,bingx,0.2579,0.258,16786.05,1434.9
2025-07-25T08:17:12.290187,bitget,0.2579,0.258,62125.2,13346.8
2025-07-25T08:17:12.294110,okx,0.2578,0.258,14195.05073,1054.193798
2025-07-25T08:17:12.320082,bybit,0.2579,0.258,18636.1,20983.4
2025-07-25T08:17:12.390329,ascendex,0.2567,0.0,0.0,0.0
2025-07-25T08:17:12.401458,lbank,0.258,0.2581,5269.2,28991.93
2025-07-25T08:17:12.404236,okx,0.2578,0.2579,7161.116604,279.0
2025-07-25T08:17:12.420272,bybit,0.2579,0.258,14919.2,21011.5
2025-07-25T08:17:12.441065,bitget,0.2579,0.258,55956.5,33408.4
2025-07-25T08:17:12.496587,gateio,0.25775,0.25812,123.0,623.0
2025-07-25T08:17:12.516539,gateio,0.25772,0.25811,257.0,123.0
2025-07-25T08:17:12.520181,bybit,0.0,0.258,0.0,23771.6
2025-07-25T08:17:12.535368,blofin,0.2577,0.2579,210.0,826.0
2025-07-25T08:17:12.547125,binance,0.2579,0.2579,0.0,0.0
2025-07-25T08:17:12.562271,okx,0.2578,0.2579,279.0,817.79756
2025-07-25T08:17:12.589620,bitget,0.2579,0.258,14000.0,33408.4
2025-07-25T08:17:12.612963,digifinex,0.2578,0.258,1944.0,1171.0
2025-07-25T08:17:12.629740,bitmart,0.2575,0.2584,3291.0,505076.0
2025-07-25T08:17:12.699180,ascendex,0.2576,0.2582,0.0,348365.0
2025-07-25T08:17:12.709078,gateio,0.25771,0.25811,126.0,123.0
2025-07-25T08:17:12.718630,gateio,0.25767,0.25811,122.0,123.0
2025-07-25T08:17:12.736686,gateio,0.25767,0.25811,118.0,123.0
2025-07-25T08:17:12.741114,bitget,0.2578,0.258,56826.6,33408.4
2025-07-25T08:17:12.757798,gateio,0.25767,0.25811,123.0,123.0
2025-07-25T08:17:12.797832,gateio,0.25768,0.25811,257.0,123.0
2025-07-25T08:17:12.820117,gateio,0.25769,0.25811,123.0,123.0
2025-07-25T08:17:12.889777,bitget,0.2578,0.258,61088.7,33408.4
2025-07-25T08:17:12.917320,gateio,0.25771,0.25811,123.0,123.0
2025-07-25T08:17:12.995731,okx,0.2578,0.258,4456.303162,3815.900649
2025-07-25T08:17:13.016348,gateio,0.25772,0.25811,257.0,123.0
2025-07-25T08:17:13.020184,bybit,0.2579,0.258,23635.0,9619.5
2025-07-25T08:17:13.022832,ascendex,0.0,0.2586,0.0,0.0
2025-07-25T08:17:13.045149,bitget,0.2579,0.258,1029.5,33408.4
2025-07-25T08:17:13.051754,blofin,0.2577,0.2578,4.0,572.0
2025-07-25T08:17:13.077957,digifinex,0.2578,0.2579,1944.0,716.0
2025-07-25T08:17:13.096889,gateio,0.25773,0.25811,123.0,123.0
2025-07-25T08:17:13.116473,gateio,0.25775,0.25811,123.0,123.0
2025-07-25T08:17:13.120321,bybit,0.2579,0.0,23870.0,0.0
2025-07-25T08:17:13.139350,bingx,0.2579,0.258,16786.05,1434.9
2025-07-25T08:17:13.141673,okx,0.2579,0.258,279.0,775.193798
2025-07-25T08:17:13.175116,lbank,0.258,0.2581,5269.2,28991.93
2025-07-25T08:17:13.193319,bitget,0.2579,0.258,26153.9,4262.1
2025-07-25T08:17:13.216586,gateio,0.25776,0.25811,257.0,123.0
2025-07-25T08:17:13.220126,bybit,0.2579,0.0,23775.9,0.0
2025-07-25T08:17:13.266594,gateio,0.25777,0.25811,123.0,123.0
2025-07-25T08:17:13.320833,bybit,0.0,0.258,0.0,9986.3
2025-07-25T08:17:13.340730,ascendex,0.2576,0.2582,139806.0,0.0
2025-07-25T08:17:13.363057,bitget,0.2579,0.258,21998.9,5062.8
2025-07-25T08:17:13.392526,okx,0.2579,0.258,279.0,1054.193798
2025-07-25T08:17:13.393734,digifinex,0.2579,0.258,2040.0,1171.0
2025-07-25T08:17:13.478300,bitmart,0.2575,0.2586,3291.0,987695.0
2025-07-25T08:17:13.490530,bitget,0.2579,0.258,27537.9,5062.8
2025-07-25T08:17:13.513084,huobi,0.2579,0.258,4432.23,864.0
2025-07-25T08:17:13.542705,blofin,0.2577,0.2578,4.0,572.0
2025-07-25T08:17:13.547354,binance,0.2579,0.2579,0.0,0.0
2025-07-25T08:17:13.641118,bitget,0.2579,0.258,27537.9,19062.8
2025-07-25T08:17:13.646731,gateio,0.25777,0.25811,380.0,123.0
2025-07-25T08:17:13.649396,ascendex,0.2573,0.0,0.0,0.0
2025-07-25T08:17:13.676188,lbank,0.258,0.2581,5269.2,28991.93
2025-07-25T08:17:13.693844,okx,0.2578,0.258,4727.813297,1380.250954
2025-07-25T08:17:13.721951,bybit,0.2579,0.258,14919.2,18768.6
2025-07-25T08:17:13.736624,huobi,0.2579,0.258,45.4,864.0
2025-07-25T08:17:13.792949,bitget,0.2578,0.2579,61088.7,2117.5
2025-07-25T08:17:13.795260,okx,0.2578,0.258,8050.146212,3097.064554
2025-07-25T08:17:13.811097,gateio,0.25777,0.25811,257.0,123.0
2025-07-25T08:17:13.819019,huobi,0.2578,0.2579,1395.59,864.0
2025-07-25T08:17:13.820299,bybit,0.2579,0.258,5119.2,19543.9
2025-07-25T08:17:13.857932,gateio,0.25771,0.25811,123.0,123.0
2025-07-25T08:17:13.920927,bybit,0.0,0.258,0.0,28543.9
2025-07-25T08:17:13.942311,bitget,0.2578,0.2579,58228.8,6379.6
2025-07-25T08:17:13.960484,ascendex,0.2576,0.2599,0.0,0.0
2025-07-25T08:17:13.975308,digifinex,0.2579,0.258,2040.0,1171.0
2025-07-25T08:17:14.020596,bybit,0.2579,0.258,4.6,29319.2
2025-07-25T08:17:14.033341,bingx,0.2579,0.258,16786.05,1434.9
2025-07-25T08:17:14.040206,okx,0.2578,0.2579,279.0,817.79756
2025-07-25T08:17:14.056716,blofin,0.2577,0.2579,4.0,258.0
