timestamp,exchange,bid,ask,bid_vol,ask_vol
2025-07-25T08:16:26.228089,bybit,0.03345,0.03347,42174.0,165.0
2025-07-25T08:16:26.228122,bybit,0.03345,0.0,42772.0,0.0
2025-07-25T08:16:26.682772,bitget,0.03347,0.03349,30117.0,27403.0
2025-07-25T08:16:27.257728,bitget,0.03347,0.03349,30117.0,27403.0
2025-07-25T08:16:27.538019,bybit,0.03345,0.0,48749.0,0.0
2025-07-25T08:16:27.558256,bitget,0.03348,0.03349,1853.0,27403.0
2025-07-25T08:16:27.639760,bybit,0.03345,0.0,42772.0,0.0
2025-07-25T08:16:27.681888,bingx,0.03346,0.03349,556.22,316.64
2025-07-25T08:16:27.708883,bitget,0.03347,0.03349,30117.0,27403.0
2025-07-25T08:16:27.738613,bybit,0.0,0.03348,0.0,5432.0
2025-07-25T08:16:27.837473,bybit,0.0,0.0,0.0,0.0
2025-07-25T08:16:27.858959,bitget,0.03347,0.03349,30117.0,27403.0
2025-07-25T08:16:28.015099,bitget,0.03347,0.03349,30117.0,27403.0
2025-07-25T08:16:28.038101,bybit,0.0,0.03348,0.0,5990.0
2025-07-25T08:16:28.051754,ascendex,0.0,0.03359,0.0,645952.0
2025-07-25T08:16:28.164763,bitmart,0.03342,0.0335,19298.0,19164.0
2025-07-25T08:16:28.237692,bybit,0.03345,0.03347,41058.0,46375.0
2025-07-25T08:16:28.310892,bitget,0.03347,0.03349,30117.0,27403.0
2025-07-25T08:16:28.338184,bybit,0.03345,0.03346,12819.0,418.0
2025-07-25T08:16:28.374129,ascendex,0.03338,0.0,358399.0,0.0
2025-07-25T08:16:28.438201,bybit,0.03345,0.0,25025.0,0.0
2025-07-25T08:16:28.454510,gateio,0.03343,0.03348,703.0,84951.0
2025-07-25T08:16:28.458642,bitget,0.03347,0.03349,30117.0,27403.0
2025-07-25T08:16:28.472065,binance,0.03347,0.03347,0.0,0.0
2025-07-25T08:16:28.537493,bybit,0.03345,0.0,25583.0,0.0
2025-07-25T08:16:28.582230,bingx,0.03346,0.03349,556.22,316.64
2025-07-25T08:16:28.597388,blofin,0.03339,0.03341,16378.0,70338.0
2025-07-25T08:16:28.612975,bitget,0.03347,0.03349,30117.0,27403.0
2025-07-25T08:16:28.689149,gateio,0.03342,0.03348,13982.0,84951.0
2025-07-25T08:16:28.706658,ascendex,0.03338,0.0,329331.0,0.0
2025-07-25T08:16:28.758359,bitget,0.03347,0.03349,30117.0,27403.0
2025-07-25T08:16:28.983976,mexc,0.03346,0.03347,1743904.0,1743904.0
2025-07-25T08:16:29.037415,bybit,0.03345,0.0,26141.0,0.0
2025-07-25T08:16:29.059138,bitget,0.03347,0.03349,30117.0,27403.0
2025-07-25T08:16:29.089827,blofin,0.03339,0.03341,16378.0,70338.0
2025-07-25T08:16:29.138168,bybit,0.03345,0.0,31141.0,0.0
2025-07-25T08:16:29.175854,bitmart,0.03341,0.03351,87489.0,116174.0
2025-07-25T08:16:29.209619,bitget,0.03347,0.03349,30117.0,27403.0
2025-07-25T08:16:29.218924,gateio,0.03344,0.03348,703.0,84951.0
2025-07-25T08:16:29.238171,bybit,0.03345,0.0,31169.0,0.0
2025-07-25T08:16:29.307215,gateio,0.03344,0.03347,703.0,25485.0
2025-07-25T08:16:29.359891,bitget,0.03347,0.03349,30117.0,36483.0
2025-07-25T08:16:29.438174,bybit,0.03345,0.0,31727.0,0.0
2025-07-25T08:16:29.471847,binance,0.03347,0.03347,0.0,0.0
2025-07-25T08:16:29.488109,gateio,0.03344,0.03348,703.0,84951.0
2025-07-25T08:16:29.492027,bingx,0.03346,0.03349,556.22,316.64
2025-07-25T08:16:29.509169,bitget,0.03347,0.03349,30117.0,36483.0
2025-07-25T08:16:29.566605,blofin,0.03339,0.03341,16381.0,70337.0
2025-07-25T08:16:29.652974,ascendex,0.0,0.03356,0.0,0.0
2025-07-25T08:16:29.659888,bitget,0.03347,0.03349,30117.0,36483.0
2025-07-25T08:16:29.809525,bitget,0.03347,0.03349,30117.0,27403.0
2025-07-25T08:16:29.851752,gateio,0.03344,0.03347,703.0,25485.0
2025-07-25T08:16:29.938310,bybit,0.03345,0.0,77309.0,0.0
2025-07-25T08:16:29.946997,gateio,0.03344,0.03348,703.0,84951.0
2025-07-25T08:16:29.962379,ascendex,0.03341,0.0335,0.0,447628.0
2025-07-25T08:16:29.967060,bitget,0.03348,0.03349,1853.0,27403.0
2025-07-25T08:16:30.077515,blofin,0.03339,0.03341,6.0,103830.0
2025-07-25T08:16:30.112055,bitget,0.03348,0.03349,11853.0,27403.0
2025-07-25T08:16:30.154950,bitmart,0.03342,0.0335,18597.0,11657.0
2025-07-25T08:16:30.259750,bitget,0.03348,0.03349,11853.0,27403.0
2025-07-25T08:16:30.278349,ascendex,0.0334,0.0,359389.0,0.0
2025-07-25T08:16:30.438271,bybit,0.03345,0.0,86276.0,0.0
2025-07-25T08:16:30.454542,bingx,0.03346,0.03349,556.22,316.64
2025-07-25T08:16:30.476328,binance,0.03347,0.03347,0.0,0.0
2025-07-25T08:16:30.517567,gateio,0.03344,0.03348,703.0,78895.0
2025-07-25T08:16:30.538041,bybit,0.03346,0.03347,17545.0,46375.0
2025-07-25T08:16:30.541030,blofin,0.03339,0.0334,56899.0,4.0
2025-07-25T08:16:30.559514,bitget,0.03349,0.0335,12265.0,11740.0
2025-07-25T08:16:30.587096,ascendex,0.03341,0.03351,359389.0,0.0
2025-07-25T08:16:30.637976,bybit,0.03346,0.0,14034.0,0.0
2025-07-25T08:16:30.671700,gateio,0.03342,0.03348,18060.0,78895.0
2025-07-25T08:16:30.713185,bitget,0.03349,0.0335,14118.0,11740.0
2025-07-25T08:16:30.738402,bybit,0.03346,0.0,7767.0,0.0
2025-07-25T08:16:30.864926,bitget,0.03349,0.0335,12265.0,13593.0
2025-07-25T08:16:30.906297,ascendex,0.03343,0.0335,359066.0,0.0
2025-07-25T08:16:30.937643,bybit,0.0,0.0,0.0,0.0
2025-07-25T08:16:30.998460,bingx,0.03348,0.03349,892.9,764.39
2025-07-25T08:16:30.998817,gateio,0.03344,0.03348,6056.0,78895.0
2025-07-25T08:16:31.010442,bitget,0.03349,0.0335,12265.0,13593.0
2025-07-25T08:16:31.082211,bitmart,0.03342,0.03352,126930.0,72076.0
2025-07-25T08:16:31.082469,blofin,0.0334,0.03341,45527.0,4.0
2025-07-25T08:16:31.138221,bybit,0.03346,0.0,8325.0,0.0
2025-07-25T08:16:31.164955,bitget,0.03349,0.0335,12265.0,13593.0
2025-07-25T08:16:31.213043,ascendex,0.03323,0.0,106.0,0.0
2025-07-25T08:16:31.238613,bybit,0.03346,0.0,7767.0,0.0
2025-07-25T08:16:31.261161,gateio,0.03345,0.03348,703.0,78895.0
2025-07-25T08:16:31.316487,bitget,0.03348,0.03349,16869.0,15138.0
2025-07-25T08:16:31.386061,mexc,0.03346,0.03347,1743904.0,1743904.0
2025-07-25T08:16:31.462464,bitget,0.03348,0.03349,16869.0,15138.0
2025-07-25T08:16:31.474011,binance,0.03348,0.03348,0.0,0.0
2025-07-25T08:16:31.538660,bybit,0.03346,0.0,8325.0,0.0
2025-07-25T08:16:31.555729,blofin,0.0334,0.03341,45527.0,4.0
2025-07-25T08:16:31.610532,bitget,0.03348,0.03349,16869.0,15138.0
2025-07-25T08:16:31.837942,bybit,0.03346,0.0,7209.0,0.0
2025-07-25T08:16:31.894450,bingx,0.03348,0.03349,892.9,764.39
2025-07-25T08:16:31.911993,bitget,0.03348,0.03349,16869.0,15138.0
2025-07-25T08:16:31.937933,bybit,0.03346,0.0,2209.0,0.0
2025-07-25T08:16:32.037454,bybit,0.03346,0.0,7209.0,0.0
2025-07-25T08:16:32.061342,bitget,0.03348,0.03349,11185.0,25138.0
2025-07-25T08:16:32.084341,blofin,0.03339,0.03341,5353.0,4.0
2025-07-25T08:16:32.120579,bitmart,0.03342,0.0335,13090.0,11174.0
2025-07-25T08:16:32.211539,bitget,0.03348,0.03349,11185.0,25138.0
2025-07-25T08:16:32.338542,bybit,0.03346,0.0,2209.0,0.0
2025-07-25T08:16:32.437988,bybit,0.03345,0.0,39907.0,0.0
2025-07-25T08:16:32.472232,binance,0.03348,0.03348,0.0,0.0
2025-07-25T08:16:32.477958,ascendex,0.03342,0.0,0.0,0.0
2025-07-25T08:16:32.512342,bitget,0.03347,0.03349,28439.0,33619.0
2025-07-25T08:16:32.538350,bybit,0.03345,0.03346,21401.0,5624.0
2025-07-25T08:16:32.559349,blofin,0.03339,0.03341,56378.0,102623.0
2025-07-25T08:16:32.637817,bybit,0.03345,0.0,16918.0,0.0
2025-07-25T08:16:32.640676,gateio,0.03345,0.03347,703.0,6056.0
2025-07-25T08:16:32.650985,gateio,0.03345,0.03347,703.0,29725.0
2025-07-25T08:16:32.662899,bitget,0.03347,0.03349,28439.0,33619.0
2025-07-25T08:16:32.668824,gateio,0.03341,0.03347,6056.0,29725.0
2025-07-25T08:16:32.737995,bybit,0.03345,0.03346,14700.0,6182.0
2025-07-25T08:16:32.786281,ascendex,0.03343,0.03349,0.0,447761.0
2025-07-25T08:16:32.806110,bingx,0.03346,0.03349,952.5,672.34
2025-07-25T08:16:32.816017,bitget,0.03347,0.03349,15138.0,33619.0
2025-07-25T08:16:32.937245,bybit,0.0,0.03346,0.0,5624.0
2025-07-25T08:16:32.961615,bitget,0.03347,0.03348,15138.0,10000.0
2025-07-25T08:16:33.038191,bybit,0.0,0.03346,0.0,11182.0
2025-07-25T08:16:33.080909,blofin,0.03339,0.0334,6.0,53675.0
2025-07-25T08:16:33.103355,gateio,0.03341,0.03347,15035.0,29725.0
2025-07-25T08:16:33.105395,ascendex,0.03339,0.0335,0.0,447494.0
2025-07-25T08:16:33.114502,bitget,0.03347,0.03348,15138.0,11853.0
2025-07-25T08:16:33.193058,bitmart,0.03339,0.03351,59060.0,57476.0
2025-07-25T08:16:33.219623,gateio,0.03342,0.03347,703.0,29725.0
2025-07-25T08:16:33.237986,bybit,0.0,0.03346,0.0,11740.0
2025-07-25T08:16:33.262166,bitget,0.03347,0.03348,15138.0,13038.0
2025-07-25T08:16:33.409176,bingx,0.03345,0.03347,505.15,1171.01
2025-07-25T08:16:33.412996,bitget,0.03346,0.03347,12982.0,10000.0
2025-07-25T08:16:33.471542,binance,0.03347,0.03347,0.0,0.0
2025-07-25T08:16:33.493200,gateio,0.03341,0.03347,15035.0,29725.0
2025-07-25T08:16:33.553457,blofin,0.03339,0.0334,6.0,53675.0
2025-07-25T08:16:33.561939,bitget,0.03346,0.03347,12982.0,10000.0
2025-07-25T08:16:33.714593,bitget,0.03346,0.03347,2982.0,11853.0
2025-07-25T08:16:33.784920,mexc,0.03344,0.03345,1743904.0,1743904.0
2025-07-25T08:16:34.037924,bybit,0.0,0.03346,0.0,11182.0
2025-07-25T08:16:34.052471,ascendex,0.0,0.03357,0.0,446561.0
2025-07-25T08:16:34.069854,blofin,0.03338,0.0334,5.0,55358.0
2025-07-25T08:16:34.120672,bitmart,0.0334,0.03348,29192.0,19833.0
2025-07-25T08:16:34.162521,bitget,0.03346,0.03347,4835.0,11853.0
2025-07-25T08:16:34.291890,gateio,0.03343,0.03347,703.0,29725.0
2025-07-25T08:16:34.307382,bingx,0.03345,0.03347,505.15,1171.01
2025-07-25T08:16:34.317991,bitget,0.03346,0.03347,4835.0,11853.0
2025-07-25T08:16:34.337947,bybit,0.03345,0.0,14909.0,0.0
2025-07-25T08:16:34.361580,ascendex,0.03338,0.0,359604.0,0.0
2025-07-25T08:16:34.463314,bitget,0.03346,0.03347,4835.0,11853.0
2025-07-25T08:16:34.471921,binance,0.03347,0.03347,0.0,0.0
2025-07-25T08:16:34.538073,bybit,0.03345,0.03346,16065.0,5624.0
2025-07-25T08:16:34.563145,blofin,0.03337,0.03339,111844.0,54939.0
2025-07-25T08:16:34.612092,bitget,0.03346,0.03348,1853.0,13038.0
2025-07-25T08:16:34.637602,bybit,0.03345,0.0,16623.0,0.0
2025-07-25T08:16:34.737907,bybit,0.03345,0.03347,33361.0,46375.0
2025-07-25T08:16:34.763200,bitget,0.03347,0.03348,15138.0,13038.0
2025-07-25T08:16:34.839417,bybit,0.0,0.03347,0.0,46933.0
2025-07-25T08:16:34.918305,bitget,0.03347,0.03348,15138.0,13038.0
2025-07-25T08:16:34.938327,bybit,0.03345,0.03347,33959.0,51919.0
2025-07-25T08:16:34.986612,ascendex,0.03336,0.0,0.0,0.0
2025-07-25T08:16:35.064621,bitget,0.03347,0.03348,15138.0,13038.0
2025-07-25T08:16:35.086672,blofin,0.03337,0.03339,111844.0,54939.0
2025-07-25T08:16:35.102682,bitmart,0.03341,0.03349,7795.0,23412.0
2025-07-25T08:16:35.138113,bybit,0.03345,0.0,35075.0,0.0
2025-07-25T08:16:35.214654,bitget,0.03347,0.03348,16651.0,10000.0
2025-07-25T08:16:35.237712,bingx,0.03345,0.03347,505.15,1171.01
2025-07-25T08:16:35.274817,gateio,0.03343,0.03347,703.0,23669.0
2025-07-25T08:16:35.305133,ascendex,0.0,0.03349,0.0,0.0
2025-07-25T08:16:35.362296,bitget,0.03347,0.03349,22363.0,30193.0
2025-07-25T08:16:35.446550,gateio,0.03343,0.03347,703.0,29725.0
2025-07-25T08:16:35.471675,binance,0.03347,0.03347,0.0,0.0
2025-07-25T08:16:35.512140,bitget,0.03347,0.03349,22363.0,30193.0
2025-07-25T08:16:35.545538,blofin,0.03338,0.03339,19926.0,5.0
2025-07-25T08:16:35.556458,gateio,0.03341,0.03347,15035.0,29725.0
2025-07-25T08:16:35.632945,gateio,0.03342,0.03347,8976.0,29725.0
2025-07-25T08:16:35.669572,bitget,0.03348,0.03349,1881.0,30193.0
2025-07-25T08:16:35.679295,gateio,0.03342,0.03348,8976.0,78895.0
2025-07-25T08:16:35.737578,bybit,0.03345,0.0,46820.0,0.0
2025-07-25T08:16:35.809004,gateio,0.03342,0.03348,18060.0,78895.0
2025-07-25T08:16:35.809686,bingx,0.03345,0.03347,505.15,1171.01
2025-07-25T08:16:35.814847,bitget,0.03348,0.03349,1881.0,30193.0
2025-07-25T08:16:35.837573,bybit,0.03345,0.03347,84177.0,46375.0
2025-07-25T08:16:35.933638,ascendex,0.03342,0.0,359174.0,0.0
2025-07-25T08:16:35.973917,bitget,0.03347,0.03349,22363.0,30193.0
2025-07-25T08:16:36.017317,gateio,0.03343,0.03348,703.0,78895.0
2025-07-25T08:16:36.027439,gateio,0.03343,0.03348,7623.0,78895.0
2025-07-25T08:16:36.038902,bybit,0.03346,0.0,6714.0,0.0
2025-07-25T08:16:36.071721,blofin,0.03339,0.0334,53086.0,131419.0
2025-07-25T08:16:36.108249,bitmart,0.03342,0.0335,49042.0,422.0
2025-07-25T08:16:36.115320,bitget,0.03348,0.03349,1881.0,15138.0
2025-07-25T08:16:36.118049,bingx,0.03346,0.03349,249.84,624.17
2025-07-25T08:16:36.198083,mexc,0.03344,0.03345,1743904.0,1743904.0
2025-07-25T08:16:36.237304,bybit,0.03346,0.0,6116.0,0.0
2025-07-25T08:16:36.245305,ascendex,0.03338,0.0335,0.0,0.0
2025-07-25T08:16:36.265326,bitget,0.03348,0.03349,11881.0,15138.0
2025-07-25T08:16:36.413254,gateio,0.03343,0.03348,16596.0,78895.0
2025-07-25T08:16:36.415877,bitget,0.03348,0.03349,11881.0,15138.0
2025-07-25T08:16:36.426694,gateio,0.03343,0.03348,9676.0,78895.0
2025-07-25T08:16:36.437960,bybit,0.03346,0.0,10074.0,0.0
2025-07-25T08:16:36.456985,gateio,0.03343,0.03348,8973.0,78895.0
2025-07-25T08:16:36.471834,binance,0.03348,0.03348,0.0,0.0
2025-07-25T08:16:36.537404,bybit,0.03346,0.0,10672.0,0.0
2025-07-25T08:16:36.557909,blofin,0.03339,0.0334,53086.0,131419.0
2025-07-25T08:16:36.563447,bitget,0.03348,0.03349,11881.0,15138.0
2025-07-25T08:16:36.567985,ascendex,0.03343,0.03353,359066.0,447094.0
2025-07-25T08:16:36.659153,gateio,0.03344,0.03348,703.0,78895.0
2025-07-25T08:16:36.716286,bitget,0.03348,0.03349,11881.0,15138.0
2025-07-25T08:16:36.737758,bybit,0.03346,0.0,20606.0,0.0
2025-07-25T08:16:36.863291,bitget,0.03348,0.0335,11881.0,11740.0
2025-07-25T08:16:36.887002,ascendex,0.03315,0.0,362359.0,0.0
2025-07-25T08:16:36.943248,gateio,0.03344,0.03348,703.0,29.0
2025-07-25T08:16:36.984763,gateio,0.03343,0.03348,8973.0,6085.0
2025-07-25T08:16:37.012999,bingx,0.03348,0.03349,249.84,311.59
2025-07-25T08:16:37.013212,bitget,0.03349,0.0335,11881.0,11740.0
2025-07-25T08:16:37.071987,blofin,0.0334,0.03341,56989.0,9.0
2025-07-25T08:16:37.137871,bybit,0.03346,0.0,23594.0,0.0
2025-07-25T08:16:37.166695,bitget,0.03349,0.0335,11881.0,11740.0
2025-07-25T08:16:37.174175,bitmart,0.03343,0.03351,50614.0,12685.0
2025-07-25T08:16:37.195640,ascendex,0.03332,0.03365,0.0,46999.0
2025-07-25T08:16:37.321301,bitget,0.03349,0.0335,11881.0,11740.0
2025-07-25T08:16:37.337477,bybit,0.03346,0.0,26582.0,0.0
2025-07-25T08:16:37.355054,gateio,0.03345,0.03348,703.0,6085.0
2025-07-25T08:16:37.374768,gateio,0.03345,0.03348,703.0,29.0
2025-07-25T08:16:37.437383,bybit,0.03346,0.0,56462.0,0.0
2025-07-25T08:16:37.458971,gateio,0.03343,0.03348,8973.0,29.0
2025-07-25T08:16:37.463759,bitget,0.03349,0.0335,11881.0,11740.0
2025-07-25T08:16:37.472773,binance,0.03349,0.03349,0.0,0.0
2025-07-25T08:16:37.561288,blofin,0.0334,0.03341,39051.0,9.0
2025-07-25T08:16:37.616508,bitget,0.03349,0.0335,11881.0,10000.0
2025-07-25T08:16:37.694741,gateio,0.03343,0.03348,8973.0,6085.0
2025-07-25T08:16:37.737526,bybit,0.03346,0.0,57956.0,0.0
2025-07-25T08:16:37.764040,bitget,0.03349,0.0335,11881.0,10000.0
2025-07-25T08:16:37.838326,bybit,0.03346,0.0,59450.0,0.0
2025-07-25T08:16:37.911762,bingx,0.03348,0.03349,249.84,311.59
2025-07-25T08:16:37.918742,bitget,0.03349,0.0335,13069.0,11000.0
2025-07-25T08:16:38.037364,bybit,0.03346,0.0,38534.0,0.0
2025-07-25T08:16:38.066277,bitget,0.03349,0.0335,11881.0,11000.0
2025-07-25T08:16:38.081436,blofin,0.0334,0.03341,39051.0,4.0
2025-07-25T08:16:38.121773,bitmart,0.03343,0.03351,50969.0,16651.0
2025-07-25T08:16:38.138410,bybit,0.0,0.0,0.0,0.0
2025-07-25T08:16:38.181041,gateio,0.03343,0.03348,8973.0,29.0
2025-07-25T08:16:38.215618,bitget,0.03349,0.0335,11881.0,11000.0
2025-07-25T08:16:38.225208,bingx,0.03348,0.03349,249.84,348.7
2025-07-25T08:16:38.292882,gateio,0.03344,0.03348,703.0,29.0
2025-07-25T08:16:38.332853,gateio,0.03344,0.03348,6759.0,29.0
2025-07-25T08:16:38.339294,bybit,0.03346,0.0,58852.0,0.0
2025-07-25T08:16:38.365445,bitget,0.03349,0.0335,11881.0,11000.0
2025-07-25T08:16:38.376888,gateio,0.03344,0.03348,703.0,29.0
2025-07-25T08:16:38.437607,bybit,0.03346,0.0,59450.0,0.0
2025-07-25T08:16:38.456099,ascendex,0.03293,0.03377,0.0,0.0
2025-07-25T08:16:38.471392,binance,0.03349,0.03349,0.0,0.0
2025-07-25T08:16:38.475488,gateio,0.03344,0.03348,6759.0,29.0
2025-07-25T08:16:38.491302,gateio,0.03344,0.03348,6056.0,29.0
2025-07-25T08:16:38.516817,bitget,0.03349,0.03351,13069.0,15037.0
2025-07-25T08:16:38.568979,mexc,0.03346,0.03347,1743904.0,1743904.0
2025-07-25T08:16:38.576522,blofin,0.0334,0.03341,39051.0,4.0
2025-07-25T08:16:38.664255,bitget,0.03349,0.03351,13069.0,15037.0
2025-07-25T08:16:38.756960,gateio,0.03345,0.03348,703.0,29.0
2025-07-25T08:16:38.938094,bybit,0.03346,0.0,62433.0,0.0
2025-07-25T08:16:39.055210,blofin,0.0334,0.03341,51402.0,4.0
2025-07-25T08:16:39.114958,bitget,0.03349,0.03351,13069.0,15037.0
2025-07-25T08:16:39.124200,bingx,0.03348,0.03349,249.84,348.7
2025-07-25T08:16:39.187076,bitmart,0.03343,0.03351,55180.0,14710.0
2025-07-25T08:16:39.237688,bybit,0.03346,0.0,63174.0,0.0
2025-07-25T08:16:39.272227,bitget,0.03349,0.03351,13069.0,15037.0
2025-07-25T08:16:39.283006,gateio,0.03344,0.03348,6056.0,6085.0
2025-07-25T08:16:39.305116,gateio,0.03343,0.03348,8973.0,6085.0
2025-07-25T08:16:39.338438,bybit,0.03346,0.0,40361.0,0.0
2025-07-25T08:16:39.407411,gateio,0.03345,0.03348,703.0,6085.0
2025-07-25T08:16:39.414772,bitget,0.03349,0.03351,13069.0,24117.0
2025-07-25T08:16:39.437197,bybit,0.03346,0.0,36815.0,0.0
2025-07-25T08:16:39.472099,binance,0.03349,0.03349,0.0,0.0
2025-07-25T08:16:39.537565,bybit,0.03346,0.0,35131.0,0.0
2025-07-25T08:16:39.567262,bitget,0.03349,0.03351,1881.0,24117.0
2025-07-25T08:16:39.568429,blofin,0.0334,0.03341,51404.0,4.0
2025-07-25T08:16:39.715370,bitget,0.03349,0.03351,4863.0,24117.0
2025-07-25T08:16:39.737945,bybit,0.03346,0.0,59581.0,0.0
2025-07-25T08:16:39.837443,bybit,0.03346,0.0,60179.0,0.0
2025-07-25T08:16:39.875017,bitget,0.03349,0.03351,4863.0,24117.0
2025-07-25T08:16:39.937326,bybit,0.03346,0.0,38107.0,0.0
2025-07-25T08:16:40.016459,bitget,0.03349,0.03351,11881.0,24117.0
2025-07-25T08:16:40.022376,ascendex,0.0,0.03365,0.0,0.0
2025-07-25T08:16:40.026624,bingx,0.03348,0.03349,249.84,348.7
2025-07-25T08:16:40.037943,bybit,0.03346,0.03347,31573.0,52111.0
2025-07-25T08:16:40.067662,blofin,0.0334,0.03341,48551.0,4.0
2025-07-25T08:16:40.093352,bitmart,0.03343,0.03351,37577.0,21963.0
2025-07-25T08:16:40.137649,bybit,0.03346,0.0,28585.0,0.0
2025-07-25T08:16:40.166825,bitget,0.03348,0.03351,14863.0,24117.0
2025-07-25T08:16:40.315570,bitget,0.03349,0.03351,1881.0,24117.0
2025-07-25T08:16:40.332169,bingx,0.03348,0.03349,249.84,624.26
2025-07-25T08:16:40.339004,bybit,0.03346,0.03347,22996.0,46375.0
2025-07-25T08:16:40.438358,bybit,0.03346,0.0,19450.0,0.0
2025-07-25T08:16:40.458964,gateio,0.03345,0.03348,703.0,29.0
2025-07-25T08:16:40.465363,bitget,0.03348,0.03351,11881.0,24117.0
2025-07-25T08:16:40.471848,binance,0.03348,0.03348,0.0,0.0
2025-07-25T08:16:40.549800,blofin,0.0334,0.03341,48551.0,4.0
2025-07-25T08:16:40.572863,gateio,0.03345,0.03348,703.0,6085.0
2025-07-25T08:16:40.598861,gateio,0.03343,0.03348,8973.0,29.0
2025-07-25T08:16:40.615093,bitget,0.03348,0.03351,13069.0,24117.0
2025-07-25T08:16:40.637879,bybit,0.03346,0.0,16462.0,0.0
2025-07-25T08:16:40.676979,gateio,0.03343,0.03348,8973.0,6085.0
2025-07-25T08:16:40.766705,bitget,0.03348,0.03351,13069.0,24117.0
2025-07-25T08:16:40.800950,gateio,0.03344,0.03348,703.0,6085.0
2025-07-25T08:16:40.916384,bitget,0.03348,0.03351,13069.0,24117.0
2025-07-25T08:16:40.929482,mexc,0.03346,0.03347,1743904.0,1743904.0
2025-07-25T08:16:40.941800,bybit,0.03346,0.03347,2988.0,46933.0
2025-07-25T08:16:41.037474,bybit,0.03345,0.0,56880.0,0.0
2025-07-25T08:16:41.066963,bitget,0.03348,0.03349,11881.0,15138.0
2025-07-25T08:16:41.068776,blofin,0.0334,0.03341,36020.0,4.0
2025-07-25T08:16:41.138461,bybit,0.0,0.03347,0.0,47491.0
2025-07-25T08:16:41.172510,bitmart,0.03343,0.03351,44242.0,20970.0
2025-07-25T08:16:41.220105,bitget,0.03348,0.03349,10000.0,25138.0
2025-07-25T08:16:41.228618,bingx,0.03348,0.03349,249.84,624.26
2025-07-25T08:16:41.238483,bybit,0.03345,0.0,50903.0,0.0
2025-07-25T08:16:41.284973,ascendex,0.03342,0.03377,0.0,165106.0
2025-07-25T08:16:41.471319,binance,0.03348,0.03348,0.0,0.0
2025-07-25T08:16:41.530948,bingx,0.03346,0.03349,249.84,624.17
2025-07-25T08:16:41.563549,blofin,0.0334,0.03341,8244.0,4.0
2025-07-25T08:16:41.602365,ascendex,0.03338,0.03356,19817.0,446694.0
2025-07-25T08:16:41.637957,bybit,0.03345,0.03347,57996.0,46375.0
2025-07-25T08:16:41.666906,bitget,0.03348,0.03349,10000.0,27651.0
2025-07-25T08:16:41.833497,bingx,0.03346,0.03349,249.84,624.17
2025-07-25T08:16:42.037705,bybit,0.03345,0.0,81854.0,0.0
2025-07-25T08:16:42.079536,blofin,0.0334,0.03341,2.0,44392.0
2025-07-25T08:16:42.116585,bitget,0.03348,0.03349,10000.0,27651.0
2025-07-25T08:16:42.138349,bybit,0.03345,0.0,98292.0,0.0
2025-07-25T08:16:42.153061,bitmart,0.03341,0.03351,37961.0,20970.0
2025-07-25T08:16:42.237912,bybit,0.03345,0.0,104269.0,0.0
2025-07-25T08:16:42.266312,bitget,0.03348,0.03349,11881.0,27651.0
2025-07-25T08:16:42.337889,bybit,0.03345,0.0,108752.0,0.0
2025-07-25T08:16:42.471703,binance,0.03348,0.03348,0.0,0.0
2025-07-25T08:16:42.537772,bybit,0.03345,0.0,107259.0,0.0
2025-07-25T08:16:42.542649,ascendex,0.03338,0.0,353901.0,0.0
2025-07-25T08:16:42.566400,blofin,0.03339,0.03341,11356.0,45582.0
2025-07-25T08:16:42.566883,bitget,0.03348,0.03349,11881.0,27651.0
2025-07-25T08:16:42.727413,bingx,0.03346,0.03349,249.84,624.17
2025-07-25T08:16:42.838355,bybit,0.03345,0.0,105764.0,0.0
2025-07-25T08:16:42.872694,ascendex,0.03338,0.0,334084.0,0.0
2025-07-25T08:16:42.879218,bitget,0.03348,0.03349,11881.0,2513.0
2025-07-25T08:16:42.937641,bybit,0.03345,0.0,126684.0,0.0
2025-07-25T08:16:43.079219,blofin,0.03339,0.03341,11356.0,45582.0
2025-07-25T08:16:43.205670,bitmart,0.03342,0.0335,37702.0,3367.0
2025-07-25T08:16:43.238608,bybit,0.03345,0.0,131167.0,0.0
2025-07-25T08:16:43.319437,mexc,0.03346,0.03347,1743904.0,1743904.0
2025-07-25T08:16:43.437152,bybit,0.03345,0.0,137143.0,0.0
2025-07-25T08:16:43.471820,binance,0.03348,0.03348,0.0,0.0
2025-07-25T08:16:43.537327,bybit,0.0,0.0,0.0,0.0
2025-07-25T08:16:43.563884,blofin,0.03339,0.03341,11356.0,45582.0
2025-07-25T08:16:43.617100,bitget,0.03348,0.03349,11881.0,2513.0
2025-07-25T08:16:43.632327,bingx,0.03346,0.03349,249.84,624.17
2025-07-25T08:16:43.838300,bybit,0.03345,0.0,167029.0,0.0
2025-07-25T08:16:43.938951,bybit,0.03346,0.0,9104.0,0.0
2025-07-25T08:16:44.068318,blofin,0.03339,0.03341,58373.0,6683.0
2025-07-25T08:16:44.120775,bitmart,0.03342,0.0335,38630.0,4720.0
2025-07-25T08:16:44.240241,bingx,0.03346,0.03349,249.84,624.17
2025-07-25T08:16:44.431210,ascendex,0.03303,0.0,0.0,0.0
2025-07-25T08:16:44.438378,bybit,0.03346,0.0,6116.0,0.0
2025-07-25T08:16:44.567482,blofin,0.03339,0.03341,58373.0,6682.0
2025-07-25T08:16:44.737301,bybit,0.03346,0.0,6126.0,0.0
2025-07-25T08:16:44.938033,bybit,0.03346,0.0,5568.0,0.0
2025-07-25T08:16:45.037823,bybit,0.03346,0.0,6126.0,0.0
2025-07-25T08:16:45.076908,blofin,0.03339,0.03341,58373.0,6682.0
2025-07-25T08:16:45.143589,bingx,0.03346,0.03349,249.84,624.17
2025-07-25T08:16:45.168485,bitmart,0.03342,0.0335,44434.0,3252.0
2025-07-25T08:16:45.269998,bitget,0.03348,0.03349,11881.0,2513.0
2025-07-25T08:16:45.338279,bybit,0.03346,0.0,5568.0,0.0
2025-07-25T08:16:45.570547,blofin,0.03339,0.03341,58371.0,6689.0
2025-07-25T08:16:45.703870,mexc,0.03346,0.03347,1743904.0,1743904.0
2025-07-25T08:16:46.037532,bybit,0.03346,0.0,6126.0,0.0
2025-07-25T08:16:46.040750,bingx,0.03346,0.03349,249.84,624.17
2025-07-25T08:16:46.083692,blofin,0.03339,0.03341,65538.0,6689.0
2025-07-25T08:16:46.137723,bybit,0.03346,0.0,5568.0,0.0
2025-07-25T08:16:46.156026,bitmart,0.03342,0.0335,50808.0,4313.0
2025-07-25T08:16:46.338153,bybit,0.03346,0.0,6126.0,0.0
2025-07-25T08:16:46.538375,bybit,0.03346,0.0,5568.0,0.0
2025-07-25T08:16:46.564120,blofin,0.03339,0.03341,65538.0,6689.0
2025-07-25T08:16:46.738248,bybit,0.03346,0.03347,5558.0,46385.0
2025-07-25T08:16:46.961712,bingx,0.03346,0.03349,249.84,624.17
2025-07-25T08:16:47.037489,bybit,0.03346,0.0,6116.0,0.0
2025-07-25T08:16:47.082028,blofin,0.03339,0.03341,67928.0,6686.0
2025-07-25T08:16:47.125292,bitmart,0.03342,0.0335,49791.0,3322.0
2025-07-25T08:16:47.131193,gateio,0.03344,0.03348,703.0,29.0
2025-07-25T08:16:47.139434,bybit,0.03346,0.0,13445.0,0.0
2025-07-25T08:16:47.224139,bitget,0.03348,0.0335,13069.0,2765.0
2025-07-25T08:16:47.238408,bybit,0.03346,0.0,31297.0,0.0
2025-07-25T08:16:47.372631,bitget,0.03349,0.0335,1862.0,2765.0
2025-07-25T08:16:47.444017,gateio,0.03344,0.03348,6056.0,29.0
2025-07-25T08:16:47.473068,binance,0.03348,0.03348,0.0,0.0
2025-07-25T08:16:47.523685,bitget,0.03349,0.0335,11862.0,2765.0
2025-07-25T08:16:47.539224,bybit,0.03346,0.0,33563.0,0.0
2025-07-25T08:16:47.549251,bingx,0.03348,0.03349,845.15,823.43
2025-07-25T08:16:47.551627,ascendex,0.03296,0.0,0.0,0.0
2025-07-25T08:16:47.556620,blofin,0.03339,0.03341,67928.0,6686.0
2025-07-25T08:16:47.672731,bitget,0.03349,0.0335,11862.0,2765.0
2025-07-25T08:16:47.737388,bybit,0.03346,0.0,35057.0,0.0
2025-07-25T08:16:47.820061,bitget,0.03349,0.0335,11862.0,2765.0
2025-07-25T08:16:47.838478,bybit,0.03346,0.0,34459.0,0.0
2025-07-25T08:16:47.881743,ascendex,0.03338,0.0,0.0,0.0
2025-07-25T08:16:47.969773,bitget,0.03349,0.0335,11862.0,2765.0
2025-07-25T08:16:48.037729,bybit,0.03346,0.0,35057.0,0.0
2025-07-25T08:16:48.060326,blofin,0.03339,0.03341,67925.0,6.0
2025-07-25T08:16:48.074715,mexc,0.03346,0.03347,1743904.0,1743904.0
2025-07-25T08:16:48.119944,bitget,0.03349,0.0335,11862.0,2765.0
2025-07-25T08:16:48.155025,bitmart,0.03343,0.03351,58672.0,1264.0
2025-07-25T08:16:48.338106,bybit,0.03346,0.0,33613.0,0.0
2025-07-25T08:16:48.349029,gateio,0.03345,0.03348,703.0,29.0
2025-07-25T08:16:48.458133,bingx,0.03348,0.03349,845.15,823.43
2025-07-25T08:16:48.537938,bybit,0.03346,0.0,39584.0,0.0
2025-07-25T08:16:48.552679,blofin,0.0334,0.03341,63948.0,4.0
2025-07-25T08:16:48.637520,bybit,0.03347,0.03348,9988.0,831.0
2025-07-25T08:16:48.720909,bitget,0.03349,0.03351,11862.0,15037.0
2025-07-25T08:16:48.738478,bybit,0.03347,0.03348,86585.0,218.0
2025-07-25T08:16:48.821911,ascendex,0.03344,0.03351,358959.0,0.0
2025-07-25T08:16:48.838344,bybit,0.03347,0.0,83603.0,0.0
2025-07-25T08:16:48.872251,bitget,0.0335,0.03351,25138.0,15064.0
2025-07-25T08:16:49.021036,bitget,0.0335,0.03351,25138.0,13202.0
2025-07-25T08:16:49.050098,bingx,0.03348,0.0335,27871.47,821.08
2025-07-25T08:16:49.085140,blofin,0.0334,0.03341,63951.0,4.0
2025-07-25T08:16:49.147640,ascendex,0.03335,0.03359,0.0,378955.0
2025-07-25T08:16:49.171063,bitmart,0.03344,0.03352,46561.0,2443.0
2025-07-25T08:16:49.171696,bitget,0.0335,0.03351,25138.0,13202.0
2025-07-25T08:16:49.324157,bitget,0.0335,0.03351,25138.0,13202.0
2025-07-25T08:16:49.337874,bybit,0.03347,0.0,86590.0,0.0
2025-07-25T08:16:49.470622,bitget,0.0335,0.03351,25138.0,13202.0
2025-07-25T08:16:49.471748,binance,0.03349,0.03349,0.0,0.0
2025-07-25T08:16:49.573443,blofin,0.0334,0.03341,63951.0,4.0
2025-07-25T08:16:49.639206,bybit,0.03347,0.0,89577.0,0.0
2025-07-25T08:16:49.737338,bybit,0.03348,0.03349,32793.0,165.0
2025-07-25T08:16:49.779089,bitget,0.0335,0.03352,25138.0,18340.0
2025-07-25T08:16:49.782442,ascendex,0.03343,0.0,0.0,0.0
2025-07-25T08:16:49.837357,bybit,0.0,0.0,0.0,0.0
2025-07-25T08:16:49.920827,bitget,0.03351,0.03352,1862.0,28340.0
2025-07-25T08:16:49.962465,bingx,0.03348,0.0335,27871.47,821.08
2025-07-25T08:16:50.038480,bybit,0.03348,0.0,32194.0,0.0
2025-07-25T08:16:50.064923,blofin,0.03341,0.03343,9527.0,32351.0
2025-07-25T08:16:50.075384,gateio,0.03345,0.03348,9787.0,29.0
2025-07-25T08:16:50.075450,bitget,0.03351,0.03352,1862.0,28340.0
2025-07-25T08:16:50.104326,ascendex,0.03345,0.03356,358852.0,0.0
2025-07-25T08:16:50.138473,bybit,0.03348,0.0,32792.0,0.0
2025-07-25T08:16:50.188832,gateio,0.03345,0.03348,18755.0,29.0
2025-07-25T08:16:50.196080,bitmart,0.03345,0.03353,17892.0,741.0
2025-07-25T08:16:50.221733,bitget,0.03351,0.03352,1862.0,28340.0
2025-07-25T08:16:50.238202,bybit,0.03348,0.0,39494.0,0.0
2025-07-25T08:16:50.352691,gateio,0.03345,0.03348,18052.0,29.0
2025-07-25T08:16:50.371937,bitget,0.03351,0.03352,1862.0,28340.0
2025-07-25T08:16:50.421266,ascendex,0.0,0.03356,0.0,7320.0
2025-07-25T08:16:50.438631,bybit,0.0,0.0,0.0,0.0
2025-07-25T08:16:50.450513,mexc,0.03347,0.03348,1743904.0,1743904.0
2025-07-25T08:16:50.471542,binance,0.0335,0.0335,0.0,0.0
2025-07-25T08:16:50.521666,bitget,0.03351,0.03352,1862.0,28340.0
2025-07-25T08:16:50.556051,blofin,0.03342,0.03343,19021.0,4.0
2025-07-25T08:16:50.743539,gateio,0.03346,0.03348,703.0,29.0
2025-07-25T08:16:50.743598,ascendex,0.0,0.03359,0.0,8072.0
2025-07-25T08:16:50.821083,bitget,0.03351,0.03352,11862.0,28340.0
2025-07-25T08:16:50.859991,bingx,0.0335,0.03352,689.33,12042.990000000002
2025-07-25T08:16:50.971051,bitget,0.03351,0.03352,11862.0,28340.0
2025-07-25T08:16:51.037550,bybit,0.03348,0.0,42480.0,0.0
2025-07-25T08:16:51.061167,ascendex,0.0,0.03364,0.0,3451.0
2025-07-25T08:16:51.065895,blofin,0.03342,0.03343,19021.0,4.0
2025-07-25T08:16:51.094725,gateio,0.03345,0.03348,18052.0,29.0
2025-07-25T08:16:51.100407,bitmart,0.03344,0.03354,201465.0,103578.0
2025-07-25T08:16:51.123231,bitget,0.03351,0.03352,11862.0,28340.0
2025-07-25T08:16:51.137890,bybit,0.03348,0.0,45466.0,0.0
2025-07-25T08:16:51.271829,bitget,0.03351,0.03352,11862.0,28340.0
2025-07-25T08:16:51.437652,bybit,0.03348,0.0,46218.0,0.0
2025-07-25T08:16:51.471541,binance,0.0335,0.0335,0.0,0.0
2025-07-25T08:16:51.563760,blofin,0.03342,0.03343,47341.0,4.0
2025-07-25T08:16:51.571769,bitget,0.03351,0.03352,11862.0,28340.0
2025-07-25T08:16:51.682308,gateio,0.03347,0.03348,703.0,29.0
2025-07-25T08:16:51.726451,bitget,0.03351,0.03352,11862.0,28340.0
2025-07-25T08:16:51.737634,bybit,0.03348,0.03349,45686.0,374.0
2025-07-25T08:16:51.763304,bingx,0.0335,0.03352,689.33,12042.990000000002
2025-07-25T08:16:51.837974,bybit,0.03348,0.0,44945.0,0.0
2025-07-25T08:16:52.062373,blofin,0.03342,0.03343,47341.0,4.0
2025-07-25T08:16:52.157552,bitmart,0.03345,0.03353,68773.0,3977.0
2025-07-25T08:16:52.361915,bingx,0.0335,0.03352,689.33,12042.990000000002
2025-07-25T08:16:52.438500,bybit,0.0335,0.03351,12486.0,5991.0
2025-07-25T08:16:52.471423,binance,0.03351,0.03351,0.0,0.0
2025-07-25T08:16:52.472056,bitget,0.03352,0.03353,15138.0,3202.0
2025-07-25T08:16:52.539850,bybit,0.0335,0.0,15471.0,0.0
2025-07-25T08:16:52.568310,blofin,0.03342,0.03344,47341.0,7075.0
2025-07-25T08:16:52.630577,bitget,0.03352,0.03353,17000.0,3202.0
2025-07-25T08:16:52.636770,ascendex,0.0,0.03353,0.0,0.0
2025-07-25T08:16:52.779868,bitget,0.03352,0.03353,17000.0,3202.0
2025-07-25T08:16:52.813485,mexc,0.03349,0.0335,1745830.0,1745830.0
2025-07-25T08:16:52.922716,bitget,0.03352,0.03353,17000.0,3202.0
2025-07-25T08:16:52.954018,ascendex,0.03346,0.03356,358744.0,446694.0
2025-07-25T08:16:53.060965,blofin,0.03342,0.03344,47341.0,7075.0
2025-07-25T08:16:53.076409,bitget,0.03352,0.03353,17000.0,3202.0
2025-07-25T08:16:53.138222,bybit,0.0,0.0,0.0,0.0
2025-07-25T08:16:53.187882,bitmart,0.03346,0.03354,85037.0,15931.0
2025-07-25T08:16:53.224073,bitget,0.03352,0.03353,17000.0,3202.0
2025-07-25T08:16:53.268218,bingx,0.0335,0.03352,689.33,12042.990000000002
2025-07-25T08:16:53.373046,bitget,0.03352,0.03353,17000.0,3202.0
2025-07-25T08:16:53.471414,binance,0.03351,0.03351,0.0,0.0
2025-07-25T08:16:53.522718,bitget,0.03352,0.03353,17000.0,3202.0
2025-07-25T08:16:53.561600,blofin,0.03343,0.03344,53457.0,2.0
2025-07-25T08:16:53.571635,ascendex,0.03321,0.0,0.0,0.0
2025-07-25T08:16:53.673401,bitget,0.03352,0.03353,17000.0,3202.0
2025-07-25T08:16:53.973134,bitget,0.03352,0.03353,17000.0,3202.0
2025-07-25T08:16:54.083357,blofin,0.03343,0.03344,53461.0,2.0
2025-07-25T08:16:54.158575,bitmart,0.03346,0.03354,52671.0,13229.0
2025-07-25T08:16:54.165079,bingx,0.03351,0.03353,614.18,2808.34
2025-07-25T08:16:54.273583,bitget,0.03352,0.03353,17000.0,3202.0
2025-07-25T08:16:54.429829,bitget,0.03352,0.03353,17000.0,3202.0
2025-07-25T08:16:54.471418,binance,0.03351,0.03351,0.0,0.0
2025-07-25T08:16:54.474567,bingx,0.03351,0.03353,614.18,2808.34
2025-07-25T08:16:54.549616,blofin,0.03343,0.03345,53463.0,369839.0
2025-07-25T08:16:54.575672,bitget,0.03352,0.03353,17000.0,3202.0
2025-07-25T08:16:54.687125,gateio,0.03347,0.03348,4192.0,29.0
2025-07-25T08:16:54.726935,bitget,0.03352,0.03353,17000.0,13202.0
2025-07-25T08:16:54.937514,bybit,0.0,0.0,0.0,0.0
2025-07-25T08:16:55.037240,bybit,0.0,0.03351,0.0,165.0
2025-07-25T08:16:55.066973,blofin,0.03343,0.03345,53463.0,369839.0
2025-07-25T08:16:55.137900,bybit,0.0335,0.0,9502.0,0.0
2025-07-25T08:16:55.158517,ascendex,0.0,0.03391,0.0,0.0
2025-07-25T08:16:55.171376,bitmart,0.03345,0.03355,224216.0,83070.0
2025-07-25T08:16:55.174309,bitget,0.03352,0.03353,17000.0,13202.0
2025-07-25T08:16:55.234596,mexc,0.03349,0.0335,1745830.0,1745830.0
2025-07-25T08:16:55.237944,bybit,0.0,0.03351,0.0,6057.0
2025-07-25T08:16:55.324030,bitget,0.03352,0.03353,17000.0,13202.0
2025-07-25T08:16:55.372402,bingx,0.03351,0.03353,614.18,2808.34
2025-07-25T08:16:55.472414,binance,0.03351,0.03351,0.0,0.0
2025-07-25T08:16:55.473954,bitget,0.03352,0.03353,17000.0,13202.0
2025-07-25T08:16:55.539041,bybit,0.0,0.03351,0.0,165.0
2025-07-25T08:16:55.571252,blofin,0.03343,0.03345,29428.0,23717.0
2025-07-25T08:16:55.624183,bitget,0.03352,0.03353,17000.0,13202.0
2025-07-25T08:16:55.675162,bingx,0.03351,0.03353,614.18,2808.34
2025-07-25T08:16:55.775384,bitget,0.03352,0.03353,17000.0,13202.0
2025-07-25T08:16:55.925488,bitget,0.03352,0.03353,17000.0,13202.0
2025-07-25T08:16:56.070115,blofin,0.03343,0.03345,29428.0,29665.0
2025-07-25T08:16:56.079228,bitget,0.03352,0.03353,17000.0,13202.0
2025-07-25T08:16:56.154189,bitmart,0.03346,0.03354,34290.0,28748.0
2025-07-25T08:16:56.421137,ascendex,0.0,0.03372,0.0,141464.0
2025-07-25T08:16:56.526001,bitget,0.03352,0.03353,17000.0,13202.0
2025-07-25T08:16:56.557328,blofin,0.03343,0.03345,26439.0,29665.0
2025-07-25T08:16:56.573306,bingx,0.03351,0.03353,614.18,2808.34
2025-07-25T08:16:56.675369,bitget,0.03352,0.03353,17000.0,13202.0
2025-07-25T08:16:56.975481,bitget,0.03352,0.03353,17000.0,13202.0
2025-07-25T08:16:57.064292,blofin,0.03343,0.03345,26439.0,29667.0
2025-07-25T08:16:57.125282,bitget,0.03352,0.03353,17000.0,13202.0
2025-07-25T08:16:57.131022,bitmart,0.03345,0.03355,224216.0,83070.0
2025-07-25T08:16:57.238409,bybit,0.0335,0.0,10618.0,0.0
2025-07-25T08:16:57.276065,bitget,0.03352,0.03353,17000.0,3202.0
2025-07-25T08:16:57.299293,gateio,0.03347,0.03348,10248.0,29.0
2025-07-25T08:16:57.337873,bybit,0.0335,0.0,59863.0,0.0
2025-07-25T08:16:57.429667,bitget,0.03353,0.03354,15746.0,3202.0
2025-07-25T08:16:57.437447,bybit,0.0335,0.0,78452.0,0.0
2025-07-25T08:16:57.471987,binance,0.03352,0.03352,0.0,0.0
2025-07-25T08:16:57.478984,bingx,0.03351,0.03353,614.18,2808.34
2025-07-25T08:16:57.538171,bybit,0.0335,0.0,112630.0,0.0
2025-07-25T08:16:57.566529,blofin,0.03343,0.03345,26439.0,29667.0
2025-07-25T08:16:57.581173,bitget,0.03353,0.03354,15746.0,3202.0
2025-07-25T08:16:57.608941,gateio,0.03347,0.0335,10248.0,27.0
2025-07-25T08:16:57.634930,gateio,0.03348,0.0335,8960.0,27.0
2025-07-25T08:16:57.638068,bybit,0.0335,0.0,120640.0,0.0
2025-07-25T08:16:57.679008,ascendex,0.03347,0.03354,358637.0,0.0
2025-07-25T08:16:57.680346,mexc,0.0335,0.03351,1745830.0,1745830.0
2025-07-25T08:16:57.725862,bitget,0.03353,0.03355,15746.0,20230.0
2025-07-25T08:16:57.737604,bybit,0.0335,0.0,131608.0,0.0
2025-07-25T08:16:57.837932,bybit,0.0335,0.0,131011.0,0.0
2025-07-25T08:16:57.875941,bitget,0.03353,0.03355,15746.0,20230.0
2025-07-25T08:16:57.981758,ascendex,0.03346,0.03359,0.0,454501.0
2025-07-25T08:16:58.027600,bitget,0.03353,0.03355,15746.0,20230.0
2025-07-25T08:16:58.037517,bybit,0.0335,0.0,133995.0,0.0
2025-07-25T08:16:58.067319,blofin,0.03344,0.03345,54564.0,8.0
2025-07-25T08:16:58.079858,bingx,0.03352,0.03353,340.94,322.54
2025-07-25T08:16:58.086862,gateio,0.03349,0.0335,703.0,27.0
2025-07-25T08:16:58.121161,bitmart,0.03348,0.03356,16211.0,27249.0
2025-07-25T08:16:58.137320,bybit,0.0335,0.0,137947.0,0.0
2025-07-25T08:16:58.176846,bitget,0.03354,0.03355,1915.0,15138.0
2025-07-25T08:16:58.237360,bybit,0.0335,0.0,141899.0,0.0
2025-07-25T08:16:58.292059,ascendex,0.03348,0.03359,358530.0,446429.0
2025-07-25T08:16:58.328192,bitget,0.03354,0.03355,1915.0,15138.0
2025-07-25T08:16:58.337278,bybit,0.0335,0.0,155378.0,0.0
2025-07-25T08:16:58.438301,bybit,0.0335,0.0,163605.0,0.0
2025-07-25T08:16:58.471445,binance,0.03352,0.03352,0.0,0.0
2025-07-25T08:16:58.476099,bitget,0.03354,0.03355,1915.0,15138.0
2025-07-25T08:16:58.570971,blofin,0.03345,0.03347,14874.0,51345.0
2025-07-25T08:16:58.601643,ascendex,0.03343,0.0,39310.0,0.0
2025-07-25T08:16:58.630948,bitget,0.03354,0.03355,1915.0,15138.0
2025-07-25T08:16:58.777066,bitget,0.03354,0.03355,1915.0,25138.0
2025-07-25T08:16:58.986280,bingx,0.03352,0.03353,340.94,322.54
2025-07-25T08:16:59.066859,blofin,0.03345,0.03347,14874.0,51345.0
2025-07-25T08:16:59.079661,bitget,0.03354,0.03355,1915.0,25138.0
2025-07-25T08:16:59.170610,bitmart,0.03348,0.03356,18321.0,39569.0
2025-07-25T08:16:59.252758,ascendex,0.0,0.03362,0.0,445898.0
2025-07-25T08:16:59.380456,bitget,0.03354,0.03355,1915.0,25138.0
2025-07-25T08:16:59.437831,bybit,0.0335,0.0,162883.0,0.0
2025-07-25T08:16:59.527667,bitget,0.03354,0.03355,1915.0,25138.0
2025-07-25T08:16:59.538413,bybit,0.0335,0.03352,170921.0,172.0
2025-07-25T08:16:59.540630,blofin,0.03345,0.03347,14879.0,51343.0
2025-07-25T08:16:59.552430,ascendex,0.0,0.03373,0.0,0.0
2025-07-25T08:16:59.638699,bybit,0.03351,0.0,47981.0,0.0
2025-07-25T08:16:59.676499,bitget,0.03354,0.03355,1915.0,27972.0
2025-07-25T08:16:59.737476,bybit,0.0,0.0,0.0,0.0
2025-07-25T08:16:59.827680,bitget,0.03354,0.03355,11915.0,27972.0
2025-07-25T08:16:59.838023,bybit,0.03351,0.0,47384.0,0.0
2025-07-25T08:16:59.887401,bingx,0.03352,0.03353,340.94,322.54
2025-07-25T08:16:59.939154,bybit,0.03351,0.0,46826.0,0.0
2025-07-25T08:16:59.976147,bitget,0.03354,0.03355,11915.0,27972.0
2025-07-25T08:17:00.037738,bybit,0.03351,0.03352,32318.0,5709.0
2025-07-25T08:17:00.040149,mexc,0.03352,0.03353,1745830.0,1745830.0
2025-07-25T08:17:00.088429,blofin,0.03345,0.03347,14730.0,53728.0
2025-07-25T08:17:00.131343,bitmart,0.03348,0.03356,30364.0,2861.0
2025-07-25T08:17:00.132878,bitget,0.03354,0.03355,1915.0,27972.0
2025-07-25T08:17:00.137172,bybit,0.03351,0.0,32322.0,0.0
2025-07-25T08:17:00.237880,bybit,0.03351,0.0,26355.0,0.0
2025-07-25T08:17:00.278539,bitget,0.03353,0.03355,29566.0,27972.0
2025-07-25T08:17:00.337199,bybit,0.03351,0.03352,21435.0,6267.0
2025-07-25T08:17:00.434528,bitget,0.03353,0.03355,27053.0,37052.0
2025-07-25T08:17:00.437415,bybit,0.03351,0.0,9502.0,0.0
2025-07-25T08:17:00.471825,binance,0.03353,0.03353,0.0,0.0
2025-07-25T08:17:00.494391,ascendex,0.03343,0.0336,0.0,179198.0
2025-07-25T08:17:00.537541,bybit,0.0,0.03352,0.0,5709.0
2025-07-25T08:17:00.550189,blofin,0.03345,0.03347,14730.0,53728.0
2025-07-25T08:17:00.577288,bitget,0.03353,0.03355,25138.0,37052.0
2025-07-25T08:17:00.637391,bybit,0.03351,0.0,7008.0,0.0
2025-07-25T08:17:00.737327,bybit,0.0,0.03352,0.0,10709.0
2025-07-25T08:17:00.739960,bitget,0.03353,0.03354,15138.0,10000.0
2025-07-25T08:17:00.823886,ascendex,0.03347,0.0,0.0,0.0
2025-07-25T08:17:00.863487,bingx,0.03352,0.03353,340.94,322.54
2025-07-25T08:17:00.877582,bitget,0.03353,0.03354,15138.0,10000.0
2025-07-25T08:17:01.028078,bitget,0.03353,0.03354,15138.0,10000.0
2025-07-25T08:17:01.037457,bybit,0.0,0.03352,0.0,5709.0
2025-07-25T08:17:01.082763,blofin,0.03345,0.03347,5.0,54744.0
2025-07-25T08:17:01.137579,ascendex,0.03342,0.0,26922.0,0.0
2025-07-25T08:17:01.153371,bitmart,0.03347,0.03355,3631.0,26823.0
2025-07-25T08:17:01.177878,bitget,0.03353,0.03354,15138.0,11915.0
2025-07-25T08:17:01.327856,bitget,0.03353,0.03354,15138.0,11915.0
2025-07-25T08:17:01.471558,binance,0.03353,0.03353,0.0,0.0
2025-07-25T08:17:01.480399,bitget,0.03353,0.03354,17053.0,10000.0
2025-07-25T08:17:01.537557,bybit,0.03351,0.03352,8124.0,172.0
2025-07-25T08:17:01.566575,blofin,0.03345,0.03346,5.0,35600.0
2025-07-25T08:17:01.629462,bitget,0.03353,0.03355,27053.0,29887.0
2025-07-25T08:17:01.689457,bingx,0.03352,0.03353,340.94,322.54
2025-07-25T08:17:01.778933,bitget,0.03353,0.03355,29758.0,29887.0
2025-07-25T08:17:02.037201,bybit,0.03351,0.0,14091.0,0.0
2025-07-25T08:17:02.074479,blofin,0.03345,0.03346,5.0,35600.0
2025-07-25T08:17:02.078342,bitget,0.03353,0.03355,29758.0,27972.0
2025-07-25T08:17:02.161588,bitmart,0.03346,0.03356,205438.0,89303.0
2025-07-25T08:17:02.229539,bitget,0.03354,0.03355,1915.0,27972.0
2025-07-25T08:17:02.237880,bybit,0.03351,0.0,20058.0,0.0
2025-07-25T08:17:02.338223,bybit,0.03351,0.0,20655.0,0.0
2025-07-25T08:17:02.378583,bitget,0.03354,0.03355,1915.0,27972.0
2025-07-25T08:17:02.417929,mexc,0.03352,0.03353,1745830.0,1745830.0
2025-07-25T08:17:02.437308,bybit,0.03351,0.0,22690.0,0.0
2025-07-25T08:17:02.471097,binance,0.03353,0.03353,0.0,0.0
2025-07-25T08:17:02.529230,bitget,0.03354,0.03355,1915.0,27972.0
2025-07-25T08:17:02.537901,bybit,0.03351,0.0,22093.0,0.0
2025-07-25T08:17:02.555332,blofin,0.03344,0.03346,58485.0,1075.0
2025-07-25T08:17:02.595636,bingx,0.03352,0.03353,340.94,322.54
2025-07-25T08:17:02.637414,bybit,0.03351,0.0,59985.0,0.0
2025-07-25T08:17:02.679683,bitget,0.03354,0.03355,1915.0,27972.0
2025-07-25T08:17:02.691702,ascendex,0.03337,0.0,0.0,0.0
2025-07-25T08:17:02.738184,bybit,0.03351,0.0,22093.0,0.0
2025-07-25T08:17:02.833639,bitget,0.03354,0.03355,1915.0,27972.0
2025-07-25T08:17:02.837429,bybit,0.03351,0.0,21535.0,0.0
2025-07-25T08:17:02.937588,bybit,0.03351,0.0,12975.0,0.0
2025-07-25T08:17:02.981028,bitget,0.03353,0.03355,29758.0,27972.0
2025-07-25T08:17:03.038270,gateio,0.03349,0.0335,928.0,27.0
2025-07-25T08:17:03.091463,blofin,0.03344,0.03346,58963.0,5.0
2025-07-25T08:17:03.096283,bitmart,0.03348,0.03356,24607.0,21339.0
2025-07-25T08:17:03.129410,bitget,0.03353,0.03355,27053.0,27972.0
2025-07-25T08:17:03.137498,bybit,0.03351,0.0,13533.0,0.0
2025-07-25T08:17:03.239155,bybit,0.03351,0.0,14091.0,0.0
2025-07-25T08:17:03.278717,bitget,0.03353,0.03355,29758.0,27972.0
2025-07-25T08:17:03.435038,bitget,0.03353,0.03355,29758.0,27972.0
2025-07-25T08:17:03.471221,binance,0.03352,0.03352,0.0,0.0
2025-07-25T08:17:03.501691,bingx,0.03352,0.03353,340.94,322.54
2025-07-25T08:17:03.537190,bybit,0.03351,0.0,13533.0,0.0
2025-07-25T08:17:03.562540,blofin,0.03345,0.03346,4.0,65881.0
2025-07-25T08:17:03.632496,ascendex,0.03342,0.0,359174.0,0.0
2025-07-25T08:17:03.639013,bybit,0.03351,0.0,12975.0,0.0
2025-07-25T08:17:03.730754,bitget,0.03353,0.03355,29758.0,27972.0
2025-07-25T08:17:03.737908,bybit,0.03351,0.0,13533.0,0.0
2025-07-25T08:17:03.879177,bitget,0.03353,0.03355,29758.0,27972.0
2025-07-25T08:17:03.944775,ascendex,0.03342,0.03366,332252.0,594.0
2025-07-25T08:17:04.070846,blofin,0.03345,0.03346,4.0,65881.0
2025-07-25T08:17:04.154190,bitmart,0.03347,0.03356,42277.0,80698.0
2025-07-25T08:17:04.179330,bitget,0.03353,0.03355,29758.0,27972.0
2025-07-25T08:17:04.337989,bybit,0.03351,0.0,12975.0,0.0
2025-07-25T08:17:04.421345,bingx,0.03352,0.03353,340.94,322.54
2025-07-25T08:17:04.479651,bitget,0.03353,0.03355,29758.0,27972.0
2025-07-25T08:17:04.538013,bybit,0.03351,0.0,19023.0,0.0
2025-07-25T08:17:04.558003,blofin,0.03343,0.03346,59502.0,65881.0
2025-07-25T08:17:04.630136,bitget,0.03353,0.03354,25138.0,10000.0
2025-07-25T08:17:04.705958,bingx,0.03352,0.03353,340.94,322.54
2025-07-25T08:17:04.780124,bitget,0.03353,0.03354,25138.0,10000.0
2025-07-25T08:17:04.794282,mexc,0.03352,0.03353,1745830.0,1745830.0
2025-07-25T08:17:04.929763,bitget,0.03353,0.03354,25138.0,10000.0
2025-07-25T08:17:05.075347,blofin,0.03344,0.03346,55524.0,184.0
2025-07-25T08:17:05.079175,bitget,0.03353,0.03354,25138.0,10000.0
2025-07-25T08:17:05.147048,bitmart,0.03347,0.03355,12699.0,27901.0
2025-07-25T08:17:05.229125,bitget,0.03353,0.03354,25138.0,10000.0
2025-07-25T08:17:05.471759,binance,0.03352,0.03352,0.0,0.0
2025-07-25T08:17:05.520464,ascendex,0.0,0.034,0.0,0.0
2025-07-25T08:17:05.530285,bitget,0.03353,0.03354,25138.0,10000.0
2025-07-25T08:17:05.554880,blofin,0.03344,0.03346,8449.0,30252.0
2025-07-25T08:17:05.613917,bingx,0.03352,0.03353,340.94,322.54
2025-07-25T08:17:05.831323,bitget,0.03353,0.03354,25138.0,10000.0
2025-07-25T08:17:06.063744,blofin,0.03344,0.03346,8449.0,30252.0
2025-07-25T08:17:06.130923,bitget,0.03353,0.03354,25138.0,10000.0
2025-07-25T08:17:06.164515,bitmart,0.03347,0.03355,27749.0,18319.0
2025-07-25T08:17:06.337305,bybit,0.0,0.03352,0.0,17016.0
2025-07-25T08:17:06.411086,gateio,0.03349,0.0335,703.0,27.0
2025-07-25T08:17:06.430522,bitget,0.03353,0.03354,15138.0,20307.0
2025-07-25T08:17:06.459297,ascendex,0.03348,0.03355,0.0,446961.0
2025-07-25T08:17:06.471491,binance,0.03352,0.03352,0.0,0.0
2025-07-25T08:17:06.514347,bingx,0.03352,0.03353,340.94,322.54
2025-07-25T08:17:06.537559,bybit,0.03351,0.0,14425.0,0.0
2025-07-25T08:17:06.556408,blofin,0.03344,0.03346,8449.0,30252.0
2025-07-25T08:17:06.582925,bitget,0.03352,0.03354,18700.0,20307.0
2025-07-25T08:17:06.608620,gateio,0.03346,0.0335,7441.0,27.0
2025-07-25T08:17:06.622564,gateio,0.03346,0.0335,8965.0,27.0
2025-07-25T08:17:06.637586,bybit,0.0335,0.03351,4850.0,7283.0
2025-07-25T08:17:06.730569,bitget,0.03352,0.03354,15138.0,29387.0
2025-07-25T08:17:06.761553,ascendex,0.03346,0.0336,429756.0,260648.0
2025-07-25T08:17:06.891183,bitget,0.03352,0.03354,15138.0,29387.0
2025-07-25T08:17:06.969040,gateio,0.03347,0.0335,703.0,27.0
2025-07-25T08:17:07.017014,gateio,0.03347,0.0335,703.0,37.0
2025-07-25T08:17:07.030370,bitget,0.03352,0.03354,15138.0,29387.0
2025-07-25T08:17:07.066163,blofin,0.03343,0.03346,24255.0,29399.0
2025-07-25T08:17:07.073138,ascendex,0.0,0.03363,0.0,2764.0
2025-07-25T08:17:07.113644,bingx,0.03351,0.03353,432.08,14405.279999999999
2025-07-25T08:17:07.120680,bitmart,0.03346,0.03355,315.0,105781.0
2025-07-25T08:17:07.137231,bybit,0.0,0.03351,0.0,6167.0
2025-07-25T08:17:07.177524,mexc,0.03351,0.03352,1745830.0,1745830.0
2025-07-25T08:17:07.182749,bitget,0.03352,0.03354,1882.0,29387.0
2025-07-25T08:17:07.184835,gateio,0.03347,0.0335,872.0,37.0
2025-07-25T08:17:07.235039,gateio,0.03347,0.0335,169.0,37.0
2025-07-25T08:17:07.330957,bitget,0.03352,0.03354,11882.0,29387.0
2025-07-25T08:17:07.337596,bybit,0.0,0.03352,0.0,40731.0
2025-07-25T08:17:07.437491,bybit,0.0335,0.03352,26675.0,15303.0
2025-07-25T08:17:07.438875,gateio,0.03348,0.0335,703.0,37.0
2025-07-25T08:17:07.471753,binance,0.03352,0.03352,0.0,0.0
2025-07-25T08:17:07.480729,bitget,0.03353,0.03354,15138.0,14716.0
2025-07-25T08:17:07.564509,blofin,0.03343,0.03345,1017.0,34081.0
2025-07-25T08:17:07.630841,bitget,0.03353,0.03354,25138.0,14716.0
2025-07-25T08:17:07.638124,bybit,0.0335,0.03352,25559.0,21178.0
2025-07-25T08:17:07.741620,bybit,0.0335,0.03351,4850.0,208.0
2025-07-25T08:17:07.781882,bitget,0.03353,0.03354,10000.0,14716.0
2025-07-25T08:17:07.930954,bitget,0.03352,0.03354,11882.0,23796.0
2025-07-25T08:17:08.015345,bingx,0.03351,0.03353,432.08,14405.279999999999
2025-07-25T08:17:08.037587,bybit,0.0335,0.0,11935.0,0.0
2025-07-25T08:17:08.060298,blofin,0.03343,0.03345,1017.0,34086.0
2025-07-25T08:17:08.082578,bitget,0.03353,0.03354,25138.0,14716.0
2025-07-25T08:17:08.127485,bitmart,0.03346,0.03354,34310.0,6397.0
2025-07-25T08:17:08.232524,bitget,0.03353,0.03354,25138.0,14716.0
2025-07-25T08:17:08.381495,bitget,0.03353,0.03354,25138.0,14716.0
2025-07-25T08:17:08.471968,binance,0.03351,0.03351,0.0,0.0
2025-07-25T08:17:08.537368,bybit,0.0335,0.0,26837.0,0.0
2025-07-25T08:17:08.565216,blofin,0.03343,0.03345,1017.0,34086.0
2025-07-25T08:17:08.638602,bybit,0.0335,0.0,31837.0,0.0
2025-07-25T08:17:08.744610,bybit,0.0,0.0,0.0,0.0
2025-07-25T08:17:08.933569,bingx,0.03351,0.03353,432.08,14405.279999999999
2025-07-25T08:17:08.965636,ascendex,0.03324,0.0,178785.0,0.0
2025-07-25T08:17:09.053965,blofin,0.03343,0.03345,3.0,1176.0
2025-07-25T08:17:09.131830,bitget,0.03353,0.03354,25138.0,14716.0
2025-07-25T08:17:09.132176,bitmart,0.03345,0.03355,112138.0,86945.0
2025-07-25T08:17:09.431815,bitget,0.03353,0.03354,25138.0,14716.0
2025-07-25T08:17:09.554078,mexc,0.0335,0.03351,1745830.0,1745830.0
2025-07-25T08:17:09.560630,blofin,0.03343,0.03345,2.0,1174.0
2025-07-25T08:17:09.674729,gateio,0.03346,0.0335,8965.0,37.0
2025-07-25T08:17:09.827090,bingx,0.03351,0.03353,432.08,14405.279999999999
2025-07-25T08:17:09.882430,bitget,0.03353,0.03354,25138.0,14716.0
2025-07-25T08:17:09.889353,gateio,0.03348,0.0335,703.0,37.0
2025-07-25T08:17:09.937849,bybit,0.0335,0.0,105556.0,0.0
2025-07-25T08:17:10.033518,bitget,0.03353,0.03354,25138.0,2834.0
2025-07-25T08:17:10.037308,bybit,0.0335,0.0,80311.0,0.0
2025-07-25T08:17:10.081573,blofin,0.03343,0.03345,2.0,1174.0
2025-07-25T08:17:10.091638,bitmart,0.03345,0.03356,197045.0,80572.0
2025-07-25T08:17:10.137386,bybit,0.0335,0.0,82347.0,0.0
2025-07-25T08:17:10.182342,bitget,0.03353,0.03354,25138.0,2834.0
2025-07-25T08:17:10.215424,ascendex,0.03324,0.0336,0.0,179198.0
2025-07-25T08:17:10.335662,bitget,0.03353,0.03354,25138.0,2834.0
2025-07-25T08:17:10.437300,bybit,0.0335,0.0,88315.0,0.0
2025-07-25T08:17:10.471962,binance,0.03351,0.03351,0.0,0.0
2025-07-25T08:17:10.484557,bitget,0.03353,0.03354,25138.0,2834.0
2025-07-25T08:17:10.527241,ascendex,0.03347,0.0,358637.0,0.0
2025-07-25T08:17:10.537251,bybit,0.0335,0.0,87160.0,0.0
2025-07-25T08:17:10.562142,blofin,0.03343,0.03345,81199.0,182.0
2025-07-25T08:17:10.638940,bitget,0.03353,0.03354,25138.0,2834.0
2025-07-25T08:17:10.731964,bingx,0.03351,0.03353,432.08,14405.28
2025-07-25T08:17:10.737423,bybit,0.0335,0.0,87757.0,0.0
2025-07-25T08:17:10.783152,bitget,0.03353,0.03354,25138.0,2834.0
2025-07-25T08:17:10.833171,ascendex,0.0,0.03366,0.0,279639.0
2025-07-25T08:17:10.837972,bybit,0.0335,0.0,57314.0,0.0
2025-07-25T08:17:11.037200,bybit,0.0335,0.0,49056.0,0.0
2025-07-25T08:17:11.065422,blofin,0.03344,0.03346,83584.0,322.0
2025-07-25T08:17:11.084916,bitget,0.03353,0.03354,25138.0,2834.0
2025-07-25T08:17:11.137529,bybit,0.0335,0.0,38216.0,0.0
2025-07-25T08:17:11.168165,bitmart,0.03347,0.03355,41416.0,7793.0
2025-07-25T08:17:11.233504,bitget,0.03352,0.03354,14647.0,4716.0
2025-07-25T08:17:11.237633,bybit,0.0335,0.03351,25720.0,6931.0
2025-07-25T08:17:11.337299,bybit,0.0335,0.0,4850.0,0.0
2025-07-25T08:17:11.396825,bitget,0.03352,0.03354,11882.0,13796.0
2025-07-25T08:17:11.437934,bybit,0.0,0.03351,0.0,6373.0
2025-07-25T08:17:11.452721,ascendex,0.03346,0.0,71012.0,0.0
2025-07-25T08:17:11.471397,binance,0.03353,0.03353,0.0,0.0
2025-07-25T08:17:11.533021,bitget,0.03352,0.03354,13070.0,13796.0
2025-07-25T08:17:11.538320,bybit,0.0335,0.0,11377.0,0.0
2025-07-25T08:17:11.566107,blofin,0.03344,0.03346,83584.0,322.0
2025-07-25T08:17:11.633099,bingx,0.03352,0.03353,315.22,386.97
2025-07-25T08:17:11.638390,bybit,0.0335,0.03351,16377.0,208.0
2025-07-25T08:17:11.684171,bitget,0.03352,0.03354,13070.0,23796.0
2025-07-25T08:17:11.738137,bybit,0.0335,0.0,16935.0,0.0
2025-07-25T08:17:11.760845,ascendex,0.03344,0.03366,3050.0,0.0
2025-07-25T08:17:11.833457,bitget,0.03353,0.03354,15138.0,14716.0
2025-07-25T08:17:11.837623,bybit,0.0335,0.0,11935.0,0.0
2025-07-25T08:17:11.920522,mexc,0.0335,0.03351,1745830.0,1745830.0
2025-07-25T08:17:11.937808,bybit,0.0335,0.0,11377.0,0.0
2025-07-25T08:17:11.983556,bitget,0.03353,0.03354,25138.0,14716.0
2025-07-25T08:17:12.061144,blofin,0.03344,0.03346,2.0,2302.0
2025-07-25T08:17:12.099661,bitmart,0.03346,0.03354,42271.0,142.0
2025-07-25T08:17:12.133552,bitget,0.03353,0.03354,15138.0,12834.0
2025-07-25T08:17:12.137271,bybit,0.0335,0.0,11935.0,0.0
2025-07-25T08:17:12.237516,bybit,0.0335,0.0,10819.0,0.0
2025-07-25T08:17:12.284919,bitget,0.03353,0.03354,15138.0,14716.0
2025-07-25T08:17:12.337587,bybit,0.0,0.03351,0.0,766.0
2025-07-25T08:17:12.435291,bitget,0.03352,0.03354,11882.0,23796.0
2025-07-25T08:17:12.438570,bybit,0.0335,0.0,4850.0,0.0
2025-07-25T08:17:12.471399,binance,0.03353,0.03353,0.0,0.0
2025-07-25T08:17:12.539597,bingx,0.03352,0.03353,315.22,386.97
2025-07-25T08:17:12.549848,blofin,0.03344,0.03345,2.0,266.0
2025-07-25T08:17:12.584043,bitget,0.03352,0.03354,11882.0,23796.0
2025-07-25T08:17:12.637444,bybit,0.0,0.03351,0.0,208.0
2025-07-25T08:17:12.703657,ascendex,0.0,0.0336,0.0,514938.0
2025-07-25T08:17:12.735304,bitget,0.03352,0.03354,11882.0,23796.0
2025-07-25T08:17:12.838265,bybit,0.0335,0.0,5966.0,0.0
2025-07-25T08:17:12.884752,bitget,0.03352,0.03354,11882.0,23796.0
2025-07-25T08:17:12.937499,bybit,0.0335,0.0,11935.0,0.0
2025-07-25T08:17:13.035337,bitget,0.03353,0.03354,27020.0,14716.0
2025-07-25T08:17:13.052898,gateio,0.03346,0.0335,8965.0,37.0
2025-07-25T08:17:13.068061,blofin,0.03344,0.03345,2.0,269.0
2025-07-25T08:17:13.098521,bitmart,0.03346,0.03354,22738.0,18641.0
2025-07-25T08:17:13.137481,bybit,0.0335,0.0,57843.0,0.0
2025-07-25T08:17:13.184986,bitget,0.03353,0.03354,27020.0,12834.0
2025-07-25T08:17:13.238183,bybit,0.0335,0.0,13412.0,0.0
2025-07-25T08:17:13.244906,gateio,0.03346,0.0335,10089.0,37.0
2025-07-25T08:17:13.272639,gateio,0.03347,0.0335,703.0,37.0
2025-07-25T08:17:13.286622,gateio,0.03347,0.0335,9666.0,37.0
2025-07-25T08:17:13.345302,ascendex,0.03344,0.0,358959.0,0.0
2025-07-25T08:17:13.362973,bitget,0.03353,0.03354,27020.0,12834.0
2025-07-25T08:17:13.434996,bingx,0.03352,0.03353,315.22,386.97
2025-07-25T08:17:13.471494,binance,0.03353,0.03353,0.0,0.0
2025-07-25T08:17:13.485320,bitget,0.03353,0.03354,27020.0,12834.0
2025-07-25T08:17:13.537499,bybit,0.0335,0.03351,13970.0,228.0
2025-07-25T08:17:13.558770,blofin,0.03344,0.03345,2.0,269.0
2025-07-25T08:17:13.634669,bitget,0.03353,0.03354,27020.0,12834.0
2025-07-25T08:17:13.637466,bybit,0.0335,0.0,12854.0,0.0
2025-07-25T08:17:13.655250,ascendex,0.03344,0.0,355909.0,0.0
2025-07-25T08:17:13.700982,gateio,0.03347,0.0335,8963.0,37.0
2025-07-25T08:17:13.737931,bybit,0.0335,0.03351,10819.0,786.0
2025-07-25T08:17:13.784295,bitget,0.03353,0.03354,27020.0,12834.0
2025-07-25T08:17:13.837254,bybit,0.0335,0.0,4850.0,0.0
2025-07-25T08:17:13.934457,bitget,0.03352,0.03353,11882.0,27020.0
2025-07-25T08:17:13.964371,ascendex,0.0,0.0336,0.0,179198.0
2025-07-25T08:17:14.077496,blofin,0.03344,0.03345,72326.0,3.0
2025-07-25T08:17:14.084453,bitget,0.03352,0.03353,10000.0,27020.0
2025-07-25T08:17:14.116744,bitmart,0.03346,0.03354,2199.0,20562.0
2025-07-25T08:17:14.138146,bybit,0.0,0.0,0.0,0.0
2025-07-25T08:17:14.234452,bitget,0.03352,0.03353,10000.0,27020.0
2025-07-25T08:17:14.238245,bybit,0.0,0.03351,0.0,228.0
2025-07-25T08:17:14.283873,ascendex,0.03342,0.0336,9733.0,625361.0
2025-07-25T08:17:14.335107,mexc,0.0335,0.03351,1745830.0,1745830.0
2025-07-25T08:17:14.338439,bingx,0.03351,0.03353,322.66,14527.74
2025-07-25T08:17:14.395554,bitget,0.03352,0.03353,11882.0,27020.0
2025-07-25T08:17:14.464561,gateio,0.03348,0.0335,703.0,37.0
2025-07-25T08:17:14.471611,binance,0.03353,0.03353,0.0,0.0
2025-07-25T08:17:14.535983,bitget,0.03352,0.03353,11882.0,27020.0
2025-07-25T08:17:14.543720,blofin,0.03343,0.03345,6788.0,40301.0
2025-07-25T08:17:14.686030,bitget,0.03352,0.03353,11882.0,27020.0
2025-07-25T08:17:15.055032,blofin,0.03343,0.03345,6788.0,40301.0
2025-07-25T08:17:15.140148,bitget,0.03352,0.03353,1882.0,27020.0
2025-07-25T08:17:15.179821,bitmart,0.03346,0.03354,16967.0,23672.0
2025-07-25T08:17:15.234441,bingx,0.03351,0.03353,322.66,14527.74
2025-07-25T08:17:15.289932,bitget,0.03352,0.03353,1882.0,27020.0
2025-07-25T08:17:15.436073,bitget,0.03352,0.03353,1882.0,27020.0
2025-07-25T08:17:15.559030,blofin,0.03343,0.03345,16478.0,34043.0
2025-07-25T08:17:15.585463,bitget,0.03352,0.03353,1882.0,27020.0
2025-07-25T08:17:15.736289,bitget,0.03352,0.03353,1882.0,27020.0
2025-07-25T08:17:15.837462,bybit,0.0,0.03351,0.0,37.0
2025-07-25T08:17:15.886026,bitget,0.03352,0.03353,1882.0,27020.0
2025-07-25T08:17:16.057907,blofin,0.03343,0.03345,16478.0,34039.0
2025-07-25T08:17:16.097391,bitmart,0.03346,0.03354,2203.0,23215.0
2025-07-25T08:17:16.143957,bingx,0.03351,0.03353,322.66,14527.74
2025-07-25T08:17:16.181671,ascendex,0.0,0.03368,0.0,381928.0
2025-07-25T08:17:16.186973,bitget,0.03352,0.03353,1882.0,27020.0
2025-07-25T08:17:16.335674,bitget,0.03351,0.03353,33756.0,29722.0
2025-07-25T08:17:16.537887,bybit,0.0335,0.03351,2356.0,6153.0
2025-07-25T08:17:16.557018,blofin,0.03343,0.03345,19995.0,34039.0
2025-07-25T08:17:16.580986,gateio,0.03348,0.03349,703.0,6056.0
2025-07-25T08:17:16.636102,bitget,0.03351,0.03352,10000.0,17022.0
2025-07-25T08:17:16.638152,bybit,0.03349,0.0,34414.0,0.0
2025-07-25T08:17:16.686844,mexc,0.0335,0.03351,1745830.0,1745830.0
2025-07-25T08:17:16.737601,bybit,0.03348,0.0335,27904.0,6892.0
2025-07-25T08:17:16.788074,bitget,0.0335,0.03352,2513.0,27022.0
2025-07-25T08:17:16.820849,ascendex,0.03347,0.0,0.0,0.0
2025-07-25T08:17:16.831238,gateio,0.03346,0.03349,1124.0,6056.0
2025-07-25T08:17:16.837340,bybit,0.03348,0.0335,49155.0,12824.0
2025-07-25T08:17:16.844692,gateio,0.03344,0.03349,6056.0,6056.0
2025-07-25T08:17:16.858853,gateio,0.03345,0.03349,8968.0,6056.0
2025-07-25T08:17:16.937393,bitget,0.0335,0.03352,19535.0,29724.0
2025-07-25T08:17:17.038403,bybit,0.03348,0.0,31217.0,0.0
2025-07-25T08:17:17.053335,bingx,0.0335,0.03352,242.55,6384.15
2025-07-25T08:17:17.066299,blofin,0.03343,0.03345,19995.0,34039.0
2025-07-25T08:17:17.089116,bitget,0.0335,0.03352,19535.0,29724.0
2025-07-25T08:17:17.137221,bybit,0.03348,0.0,38823.0,0.0
2025-07-25T08:17:17.142526,ascendex,0.03342,0.03354,0.0,447094.0
2025-07-25T08:17:17.157285,bitmart,0.03345,0.03353,2.0,32501.0
2025-07-25T08:17:17.237259,bybit,0.03348,0.0335,39381.0,7266.0
2025-07-25T08:17:17.251037,gateio,0.03346,0.03348,169.0,10.0
2025-07-25T08:17:17.262864,gateio,0.03347,0.03348,703.0,10.0
2025-07-25T08:17:17.338699,bybit,0.03348,0.0335,31217.0,7824.0
2025-07-25T08:17:17.394523,bitget,0.0335,0.03352,19535.0,29724.0
2025-07-25T08:17:17.438057,bybit,0.03348,0.0,16067.0,0.0
2025-07-25T08:17:17.461722,ascendex,0.03346,0.03353,0.0,447227.0
2025-07-25T08:17:17.471570,binance,0.03351,0.03351,0.0,0.0
2025-07-25T08:17:17.536711,bitget,0.0335,0.03352,29535.0,29724.0
2025-07-25T08:17:17.556307,blofin,0.03343,0.03344,4.0,42134.0
2025-07-25T08:17:17.690815,bitget,0.0335,0.03352,29535.0,29724.0
2025-07-25T08:17:17.770683,ascendex,0.03343,0.03355,359174.0,0.0
2025-07-25T08:17:17.808970,gateio,0.03347,0.03351,703.0,6114.0
2025-07-25T08:17:17.837148,bybit,0.0,0.0335,0.0,8033.0
2025-07-25T08:17:17.937240,bybit,0.0,0.0335,0.0,7475.0
2025-07-25T08:17:17.987300,bingx,0.0335,0.03352,242.55,6384.15
2025-07-25T08:17:17.992341,bitget,0.0335,0.03352,29535.0,14586.0
2025-07-25T08:17:18.055496,blofin,0.03343,0.03344,4.0,52961.0
2025-07-25T08:17:18.136678,bitget,0.0335,0.03352,29535.0,14586.0
2025-07-25T08:17:18.163583,bitmart,0.03344,0.03352,21760.0,6325.0
2025-07-25T08:17:18.237720,bybit,0.0,0.0335,0.0,8033.0
2025-07-25T08:17:18.337204,bybit,0.0,0.0,0.0,0.0
2025-07-25T08:17:18.412725,gateio,0.03345,0.03351,8968.0,6114.0
2025-07-25T08:17:18.437668,bitget,0.0335,0.03351,25138.0,1884.0
2025-07-25T08:17:18.471585,binance,0.0335,0.0335,0.0,0.0
2025-07-25T08:17:18.547249,bingx,0.03348,0.0335,2668.05,309.07
2025-07-25T08:17:18.576158,blofin,0.03341,0.03343,4.0,29288.0
2025-07-25T08:17:18.588515,bitget,0.0335,0.03351,25138.0,11884.0
2025-07-25T08:17:18.620775,gateio,0.03346,0.03351,703.0,6114.0
2025-07-25T08:17:18.739976,bitget,0.0335,0.03351,25138.0,11884.0
2025-07-25T08:17:18.837772,bybit,0.03348,0.0,12754.0,0.0
2025-07-25T08:17:18.854558,bingx,0.03348,0.0335,2668.05,309.07
2025-07-25T08:17:18.889163,bitget,0.0335,0.03351,25138.0,11884.0
2025-07-25T08:17:19.037631,bybit,0.03348,0.0,15603.0,0.0
2025-07-25T08:17:19.061911,blofin,0.03341,0.03343,4.0,29291.0
2025-07-25T08:17:19.082904,mexc,0.0335,0.03351,1745830.0,1745830.0
2025-07-25T08:17:19.120147,bitmart,0.03344,0.03352,153.0,18994.0
2025-07-25T08:17:19.192833,bitget,0.0335,0.03351,25138.0,12834.0
2025-07-25T08:17:19.237850,bybit,0.03349,0.0335,4514.0,6917.0
2025-07-25T08:17:19.331242,ascendex,0.03335,0.03363,0.0,0.0
2025-07-25T08:17:19.337108,bybit,0.0,0.0335,0.0,6141.0
2025-07-25T08:17:19.337943,bitget,0.0335,0.03351,25138.0,12834.0
2025-07-25T08:17:19.471352,binance,0.0335,0.0335,0.0,0.0
2025-07-25T08:17:19.489953,bitget,0.0335,0.03352,27651.0,164256.0
2025-07-25T08:17:19.563261,blofin,0.03341,0.03343,4.0,29291.0
2025-07-25T08:17:19.637518,bitget,0.0335,0.03352,27651.0,29724.0
2025-07-25T08:17:19.639090,bybit,0.03349,0.0,5807.0,0.0
2025-07-25T08:17:19.701561,ascendex,0.0,0.03358,0.0,1885.0
2025-07-25T08:17:19.759602,bingx,0.0335,0.03352,242.55,6384.15
2025-07-25T08:17:19.794737,gateio,0.03345,0.03351,8968.0,6114.0
2025-07-25T08:17:19.938155,bitget,0.0335,0.03352,27651.0,29724.0
2025-07-25T08:17:20.000947,ascendex,0.03342,0.0,0.0,0.0
2025-07-25T08:17:20.069535,blofin,0.03341,0.03343,136.0,36964.0
2025-07-25T08:17:20.091155,bitget,0.0335,0.03352,27651.0,29724.0
2025-07-25T08:17:20.147459,bitmart,0.03345,0.03353,54646.0,33428.0
2025-07-25T08:17:20.238333,bitget,0.0335,0.03352,27651.0,29724.0
2025-07-25T08:17:20.248722,gateio,0.03346,0.03351,703.0,6114.0
2025-07-25T08:17:20.320601,ascendex,0.03345,0.0,358852.0,0.0
2025-07-25T08:17:20.338362,bybit,0.0,0.0335,0.0,209.0
2025-07-25T08:17:20.389830,bitget,0.0335,0.03352,27651.0,27840.0
2025-07-25T08:17:20.446509,gateio,0.03345,0.03351,8968.0,6114.0
2025-07-25T08:17:20.471441,binance,0.0335,0.0335,0.0,0.0
2025-07-25T08:17:20.537079,bybit,0.0,0.0335,0.0,7577.0
2025-07-25T08:17:20.538816,bitget,0.03351,0.03352,11884.0,27840.0
2025-07-25T08:17:20.568408,blofin,0.03341,0.03343,50532.0,2.0
2025-07-25T08:17:20.605650,gateio,0.03346,0.03351,703.0,6114.0
2025-07-25T08:17:20.631880,ascendex,0.0,0.03354,0.0,0.0
2025-07-25T08:17:20.637638,bybit,0.03349,0.0,1293.0,0.0
2025-07-25T08:17:20.662984,bingx,0.0335,0.03352,242.55,6384.15
2025-07-25T08:17:20.689728,bitget,0.0335,0.03352,25138.0,27840.0
2025-07-25T08:17:20.839434,bitget,0.0335,0.03351,25138.0,1884.0
2025-07-25T08:17:20.944408,ascendex,0.03344,0.03354,0.0,446961.0
2025-07-25T08:17:20.962126,bingx,0.03348,0.0335,2668.05,309.07
2025-07-25T08:17:20.989824,bitget,0.0335,0.03351,25138.0,11884.0
2025-07-25T08:17:21.067568,blofin,0.03341,0.03343,4750.0,2.0
2025-07-25T08:17:21.177112,bitmart,0.03344,0.03353,78.0,134206.0
2025-07-25T08:17:21.237690,bybit,0.03348,0.0335,7372.0,8175.0
2025-07-25T08:17:21.337027,bybit,0.0,0.0,0.0,0.0
2025-07-25T08:17:21.439261,bitget,0.0335,0.03351,15138.0,11884.0
2025-07-25T08:17:21.471186,binance,0.0335,0.0335,0.0,0.0
2025-07-25T08:17:21.530089,mexc,0.03348,0.03349,1745830.0,1745830.0
2025-07-25T08:17:21.537509,bybit,0.0,0.0335,0.0,13175.0
2025-07-25T08:17:21.560537,blofin,0.03341,0.03343,4750.0,2.0
2025-07-25T08:17:21.591073,bitget,0.0335,0.03351,15138.0,11884.0
2025-07-25T08:17:21.738959,bitget,0.0335,0.03351,15138.0,11884.0
2025-07-25T08:17:21.864045,bingx,0.03348,0.0335,2668.05,309.07
2025-07-25T08:17:21.899339,bitget,0.0335,0.03351,15138.0,11884.0
2025-07-25T08:17:22.076966,blofin,0.03341,0.03343,133.0,38071.0
2025-07-25T08:17:22.100764,bitmart,0.03344,0.03352,131.0,34676.0
2025-07-25T08:17:22.137621,bybit,0.0,0.0335,0.0,12577.0
2025-07-25T08:17:22.190650,bitget,0.0335,0.03351,15138.0,11884.0
2025-07-25T08:17:22.202096,ascendex,0.0,0.03358,0.0,416813.0
2025-07-25T08:17:22.465592,bingx,0.03348,0.0335,2668.05,309.07
2025-07-25T08:17:22.537842,bybit,0.0,0.0,0.0,0.0
2025-07-25T08:17:22.552380,blofin,0.03341,0.03343,137.0,50387.0
2025-07-25T08:17:22.639754,bitget,0.0335,0.03351,15138.0,11884.0
2025-07-25T08:17:23.037395,bybit,0.03348,0.03349,165.0,7558.0
2025-07-25T08:17:23.065094,blofin,0.03341,0.03343,134.0,50387.0
2025-07-25T08:17:23.094999,gateio,0.03346,0.03348,703.0,6056.0
2025-07-25T08:17:23.140352,bybit,0.0,0.03349,0.0,22689.0
2025-07-25T08:17:23.141656,ascendex,0.03345,0.0,0.0,0.0
2025-07-25T08:17:23.190746,bitmart,0.03342,0.03353,74177.0,110170.0
2025-07-25T08:17:23.239834,bitget,0.0335,0.03351,15138.0,20309.0
2025-07-25T08:17:23.369383,bingx,0.03348,0.03349,242.55,308.98
2025-07-25T08:17:23.369422,gateio,0.03343,0.03348,26504.0,6056.0
2025-07-25T08:17:23.389674,bitget,0.03349,0.0335,10000.0,1884.0
2025-07-25T08:17:23.452744,ascendex,0.03333,0.03369,15803.0,320096.0
2025-07-25T08:17:23.471284,binance,0.03349,0.03349,0.0,0.0
2025-07-25T08:17:23.540091,bitget,0.03349,0.0335,10000.0,1884.0
2025-07-25T08:17:23.571671,blofin,0.03341,0.03343,134.0,50387.0
2025-07-25T08:17:23.772741,ascendex,0.03341,0.03352,0.0,447361.0
2025-07-25T08:17:23.864501,gateio,0.03344,0.03348,703.0,6056.0
2025-07-25T08:17:23.865363,mexc,0.03348,0.03349,1745830.0,1745830.0
2025-07-25T08:17:23.937445,bybit,0.0,0.03349,0.0,22131.0
2025-07-25T08:17:23.990759,bitget,0.03349,0.03351,10000.0,20309.0
2025-07-25T08:17:24.022854,gateio,0.03343,0.03348,31510.0,6056.0
2025-07-25T08:17:24.045493,gateio,0.03343,0.03348,26504.0,6056.0
2025-07-25T08:17:24.047330,blofin,0.03341,0.03342,2.0,59380.0
2025-07-25T08:17:24.100510,bitmart,0.03343,0.03351,4396.0,22400.0
2025-07-25T08:17:24.140655,bitget,0.03349,0.03351,11884.0,20309.0
2025-07-25T08:17:24.238155,bybit,0.0,0.03349,0.0,22689.0
2025-07-25T08:17:24.238858,gateio,0.03345,0.03348,703.0,6056.0
2025-07-25T08:17:24.274751,bingx,0.03348,0.03349,242.55,308.98
2025-07-25T08:17:24.291070,bitget,0.03349,0.0335,10000.0,1884.0
2025-07-25T08:17:24.338001,bybit,0.0,0.03349,0.0,23496.0
2025-07-25T08:17:24.437764,bybit,0.0,0.03349,0.0,22898.0
2025-07-25T08:17:24.445274,bitget,0.03348,0.0335,14394.0,14718.0
2025-07-25T08:17:24.471687,binance,0.03349,0.03349,0.0,0.0
2025-07-25T08:17:24.557057,blofin,0.0334,0.03342,303920.0,46540.0
2025-07-25T08:17:24.712292,ascendex,0.03342,0.03351,352324.0,447494.0
2025-07-25T08:17:25.025123,ascendex,0.03342,0.0,350519.0,0.0
2025-07-25T08:17:25.037478,bybit,0.0,0.03349,0.0,23693.0
2025-07-25T08:17:25.041100,bitget,0.03348,0.0335,14394.0,14718.0
2025-07-25T08:17:25.062456,blofin,0.0334,0.03342,303920.0,46540.0
2025-07-25T08:17:25.102125,bitmart,0.03342,0.03351,18166.0,114066.0
2025-07-25T08:17:25.178700,bingx,0.03348,0.03349,242.55,308.98
2025-07-25T08:17:25.191655,bitget,0.03348,0.0335,14394.0,14718.0
2025-07-25T08:17:25.341625,bitget,0.03348,0.0335,14394.0,14718.0
2025-07-25T08:17:25.343604,ascendex,0.03338,0.03358,359712.0,0.0
2025-07-25T08:17:25.560254,blofin,0.0334,0.03341,4.0,46106.0
2025-07-25T08:17:25.638020,bybit,0.0,0.03349,0.0,23889.0
2025-07-25T08:17:25.646039,bitget,0.03348,0.0335,14394.0,14718.0
2025-07-25T08:17:26.060970,blofin,0.0334,0.03341,4.0,32857.0
2025-07-25T08:17:26.081268,bingx,0.03348,0.03349,242.55,308.98
2025-07-25T08:17:26.156490,bitmart,0.03342,0.0335,31877.0,21294.0
2025-07-25T08:17:26.232774,mexc,0.03346,0.03347,1745830.0,1745830.0
2025-07-25T08:17:26.241657,bitget,0.03348,0.0335,14394.0,14718.0
2025-07-25T08:17:26.545046,blofin,0.0334,0.03341,4.0,32860.0
2025-07-25T08:17:26.599962,ascendex,0.03316,0.03401,0.0,0.0
2025-07-25T08:17:26.737540,bybit,0.0,0.0,0.0,0.0
2025-07-25T08:17:26.937420,bybit,0.0,0.03349,0.0,23331.0
2025-07-25T08:17:26.984326,bingx,0.03348,0.03349,242.55,308.98
2025-07-25T08:17:27.054411,blofin,0.0334,0.03341,4.0,32859.0
2025-07-25T08:17:27.098418,bitmart,0.03342,0.0335,30691.0,18203.0
2025-07-25T08:17:27.137217,bybit,0.03348,0.03349,1293.0,22773.0
2025-07-25T08:17:27.141979,bitget,0.03349,0.0335,1856.0,12834.0
2025-07-25T08:17:27.292170,bitget,0.03349,0.0335,10000.0,12834.0
2025-07-25T08:17:27.443935,bitget,0.03349,0.0335,10000.0,12834.0
2025-07-25T08:17:27.471710,binance,0.03349,0.03349,0.0,0.0
2025-07-25T08:17:27.546906,ascendex,0.03338,0.03357,0.0,22521.0
2025-07-25T08:17:27.552804,blofin,0.0334,0.03341,4.0,32859.0
2025-07-25T08:17:27.593256,bitget,0.03349,0.0335,10000.0,14690.0
2025-07-25T08:17:27.738538,bybit,0.0,0.03349,0.0,17773.0
2025-07-25T08:17:27.744348,bitget,0.03349,0.0335,10000.0,12834.0
2025-07-25T08:17:27.838816,bybit,0.03348,0.03349,6220.0,1866.0
2025-07-25T08:17:27.879774,ascendex,0.0,0.03357,0.0,0.0
2025-07-25T08:17:27.889633,bingx,0.03348,0.03349,242.55,308.98
2025-07-25T08:17:27.895036,bitget,0.03349,0.0335,11856.0,2834.0
2025-07-25T08:17:27.906541,gateio,0.03343,0.03348,26504.0,6056.0
2025-07-25T08:17:27.938262,bybit,0.03348,0.0,5662.0,0.0
2025-07-25T08:17:28.038102,bybit,0.03348,0.03349,5104.0,1071.0
2025-07-25T08:17:28.042494,bitget,0.03349,0.0335,15361.0,2834.0
2025-07-25T08:17:28.061578,blofin,0.0334,0.03341,4.0,2.0
2025-07-25T08:17:28.099049,bitmart,0.03343,0.03351,9903.0,5415.0
2025-07-25T08:17:28.174298,ascendex,0.0,0.03352,0.0,0.0
2025-07-25T08:17:28.193275,bitget,0.03349,0.0335,15361.0,2834.0
2025-07-25T08:17:28.290674,gateio,0.03344,0.03348,703.0,6056.0
2025-07-25T08:17:28.343246,bitget,0.03349,0.0335,15361.0,2834.0
2025-07-25T08:17:28.437493,bybit,0.03348,0.0,6220.0,0.0
2025-07-25T08:17:28.468625,gateio,0.03344,0.03351,703.0,6114.0
2025-07-25T08:17:28.478543,binance,0.03349,0.03349,0.0,0.0
2025-07-25T08:17:28.482159,gateio,0.03344,0.03351,6056.0,6114.0
2025-07-25T08:17:28.493802,bitget,0.03349,0.0335,15361.0,2834.0
2025-07-25T08:17:28.500613,ascendex,0.03333,0.03357,360360.0,171932.0
2025-07-25T08:17:28.537896,bybit,0.03348,0.0,6818.0,0.0
2025-07-25T08:17:28.568452,blofin,0.0334,0.03341,48505.0,2.0
2025-07-25T08:17:28.614241,mexc,0.03346,0.03347,1745830.0,1745830.0
2025-07-25T08:17:28.637467,bybit,0.03348,0.0,14147.0,0.0
2025-07-25T08:17:28.644265,bitget,0.0335,0.03351,2834.0,2834.0
2025-07-25T08:17:28.737678,bybit,0.03348,0.0,6818.0,0.0
2025-07-25T08:17:28.740614,gateio,0.03344,0.03351,15027.0,6114.0
2025-07-25T08:17:28.791432,bingx,0.03348,0.03349,242.55,308.98
2025-07-25T08:17:28.794345,bitget,0.0335,0.03352,4690.0,29724.0
2025-07-25T08:17:28.805372,ascendex,0.03344,0.03351,358959.0,0.0
2025-07-25T08:17:28.937510,bybit,0.03348,0.0,8733.0,0.0
2025-07-25T08:17:28.951939,bitget,0.0335,0.03352,4690.0,29724.0
2025-07-25T08:17:29.039699,bybit,0.03348,0.0,11634.0,0.0
2025-07-25T08:17:29.077492,blofin,0.03341,0.03342,46124.0,8.0
2025-07-25T08:17:29.092361,bingx,0.03348,0.0335,9117.2,701.79
2025-07-25T08:17:29.094674,bitget,0.0335,0.03352,4690.0,29724.0
2025-07-25T08:17:29.128384,ascendex,0.03342,0.03353,0.0,447227.0
2025-07-25T08:17:29.138392,bybit,0.03348,0.0,12192.0,0.0
2025-07-25T08:17:29.163356,bitmart,0.03343,0.03354,107207.0,191620.0
2025-07-25T08:17:29.243936,bitget,0.0335,0.03352,4690.0,29724.0
2025-07-25T08:17:29.390987,bingx,0.03348,0.0335,9117.2,701.79
2025-07-25T08:17:29.393425,bitget,0.0335,0.03352,4690.0,29724.0
2025-07-25T08:17:29.438389,bybit,0.03348,0.0,17192.0,0.0
2025-07-25T08:17:29.446523,ascendex,0.0,0.03399,0.0,7974.0
2025-07-25T08:17:29.471311,binance,0.03349,0.03349,0.0,0.0
2025-07-25T08:17:29.545921,bitget,0.0335,0.03352,4690.0,29724.0
2025-07-25T08:17:29.566763,blofin,0.03341,0.03342,46124.0,8.0
2025-07-25T08:17:29.638410,bybit,0.03348,0.0,17790.0,0.0
2025-07-25T08:17:29.693366,bitget,0.03351,0.03352,15138.0,29724.0
2025-07-25T08:17:29.698257,bingx,0.03348,0.0335,9117.2,701.79
2025-07-25T08:17:29.773527,ascendex,0.033,0.0,0.0,0.0
2025-07-25T08:17:29.820443,gateio,0.03344,0.03351,20033.0,6114.0
2025-07-25T08:17:29.845314,bitget,0.03351,0.03352,25138.0,29724.0
2025-07-25T08:17:29.937136,bybit,0.03348,0.0,17192.0,0.0
2025-07-25T08:17:29.994674,bitget,0.03351,0.03352,25138.0,27840.0
2025-07-25T08:17:30.037843,bybit,0.03348,0.0,21745.0,0.0
2025-07-25T08:17:30.056935,blofin,0.03341,0.03343,60681.0,62309.0
2025-07-25T08:17:30.081037,ascendex,0.03345,0.0,358852.0,0.0
2025-07-25T08:17:30.144886,bitget,0.03351,0.03352,25138.0,27840.0
2025-07-25T08:17:30.160983,bitmart,0.03344,0.03354,132595.0,75455.0
2025-07-25T08:17:30.237237,bybit,0.03348,0.0,17192.0,0.0
2025-07-25T08:17:30.293986,bitget,0.03351,0.03352,10000.0,27840.0
2025-07-25T08:17:30.399999,ascendex,0.0,0.03357,0.0,0.0
2025-07-25T08:17:30.415460,gateio,0.03344,0.03351,15027.0,6114.0
2025-07-25T08:17:30.437587,bybit,0.03348,0.0,16634.0,0.0
2025-07-25T08:17:30.444541,bitget,0.03351,0.03352,10000.0,27840.0
2025-07-25T08:17:30.471360,binance,0.03349,0.03349,0.0,0.0
2025-07-25T08:17:30.547443,gateio,0.03345,0.03351,703.0,6114.0
2025-07-25T08:17:30.554410,blofin,0.03341,0.03344,61929.0,62746.0
2025-07-25T08:17:30.590465,bingx,0.03348,0.0335,9117.2,701.79
2025-07-25T08:17:30.637075,bybit,0.03348,0.0,20776.0,0.0
2025-07-25T08:17:30.737912,bybit,0.03348,0.0,26748.0,0.0
2025-07-25T08:17:30.747464,bitget,0.03351,0.03352,11856.0,27840.0
2025-07-25T08:17:30.838321,bybit,0.03348,0.0,26150.0,0.0
2025-07-25T08:17:30.894022,bitget,0.03351,0.03352,11856.0,27840.0
2025-07-25T08:17:30.987624,mexc,0.03348,0.03349,1745830.0,1745830.0
2025-07-25T08:17:31.038583,bybit,0.03348,0.0,27542.0,0.0
2025-07-25T08:17:31.041386,ascendex,0.03319,0.03358,16338.0,0.0
2025-07-25T08:17:31.068573,blofin,0.03341,0.03343,4752.0,40596.0
2025-07-25T08:17:31.100534,gateio,0.03344,0.03351,20033.0,6114.0
2025-07-25T08:17:31.158410,bitmart,0.03345,0.03353,13786.0,26932.0
2025-07-25T08:17:31.237819,bybit,0.03348,0.0,38140.0,0.0
2025-07-25T08:17:31.288640,gateio,0.03344,0.03351,15027.0,6114.0
2025-07-25T08:17:31.298880,gateio,0.03345,0.03351,5006.0,6114.0
2025-07-25T08:17:31.337991,bybit,0.03348,0.0,41335.0,0.0
2025-07-25T08:17:31.345538,bitget,0.03351,0.03352,11856.0,27840.0
2025-07-25T08:17:31.356226,ascendex,0.0,0.03362,0.0,0.0
2025-07-25T08:17:31.437345,bybit,0.03348,0.0,38349.0,0.0
2025-07-25T08:17:31.460535,gateio,0.03345,0.03351,5709.0,6114.0
2025-07-25T08:17:31.471369,binance,0.03351,0.03351,0.0,0.0
2025-07-25T08:17:31.492422,bingx,0.03348,0.0335,9117.2,701.79
2025-07-25T08:17:31.495212,bitget,0.03351,0.03352,11856.0,17840.0
2025-07-25T08:17:31.537438,bybit,0.03348,0.0,37751.0,0.0
2025-07-25T08:17:31.563160,blofin,0.03342,0.03344,9788.0,40598.0
2025-07-25T08:17:31.602622,gateio,0.03345,0.03348,5709.0,6056.0
2025-07-25T08:17:31.638582,bybit,0.03348,0.03349,22842.0,21831.0
2025-07-25T08:17:31.644526,bitget,0.0335,0.03352,5347.0,17840.0
2025-07-25T08:17:31.695392,gateio,0.03345,0.03348,5006.0,6056.0
2025-07-25T08:17:31.737309,bybit,0.03348,0.03349,5898.0,1071.0
2025-07-25T08:17:31.796340,bitget,0.0335,0.03352,2834.0,26920.0
2025-07-25T08:17:31.797425,bingx,0.0335,0.03352,497.41,19893.22
2025-07-25T08:17:31.810909,gateio,0.03345,0.03351,5006.0,6114.0
2025-07-25T08:17:31.837633,bybit,0.03348,0.0,6456.0,0.0
2025-07-25T08:17:31.947282,bitget,0.0335,0.03352,4690.0,26920.0
2025-07-25T08:17:31.995053,ascendex,0.03345,0.03358,0.0,141055.0
2025-07-25T08:17:32.062281,blofin,0.03342,0.03344,9788.0,40598.0
2025-07-25T08:17:32.096164,bitget,0.0335,0.03352,4690.0,26920.0
2025-07-25T08:17:32.112106,bingx,0.03348,0.0335,9117.19,1084.7
2025-07-25T08:17:32.138278,bybit,0.03348,0.0,6818.0,0.0
2025-07-25T08:17:32.193461,bitmart,0.03344,0.03352,3695.0,15949.0
2025-07-25T08:17:32.196715,gateio,0.03344,0.03351,15027.0,6114.0
2025-07-25T08:17:32.237472,bybit,0.03348,0.0,6220.0,0.0
2025-07-25T08:17:32.249425,bitget,0.03351,0.03352,1856.0,17840.0
2025-07-25T08:17:32.338252,bybit,0.03348,0.0,11220.0,0.0
2025-07-25T08:17:32.392569,gateio,0.03344,0.03351,16151.0,6114.0
2025-07-25T08:17:32.395854,bitget,0.03351,0.03352,10000.0,27840.0
2025-07-25T08:17:32.437218,bybit,0.03348,0.0,17790.0,0.0
2025-07-25T08:17:32.471089,binance,0.0335,0.0335,0.0,0.0
2025-07-25T08:17:32.562501,blofin,0.03341,0.03343,3.0,41289.0
2025-07-25T08:17:32.620979,ascendex,0.03345,0.03358,358852.0,0.0
2025-07-25T08:17:32.622944,gateio,0.03345,0.03351,703.0,6114.0
2025-07-25T08:17:32.694811,bitget,0.03351,0.03352,11856.0,27840.0
2025-07-25T08:17:32.845388,bitget,0.03351,0.03352,11856.0,27840.0
2025-07-25T08:17:32.936844,bybit,0.03348,0.0,25549.0,0.0
2025-07-25T08:17:32.943717,ascendex,0.0,0.03364,0.0,192005.0
2025-07-25T08:17:32.995726,bitget,0.03351,0.03352,11856.0,27840.0
2025-07-25T08:17:32.998618,bingx,0.03348,0.0335,9117.19,1084.7
2025-07-25T08:17:33.040615,bybit,0.03348,0.0,26343.0,0.0
2025-07-25T08:17:33.056856,blofin,0.03341,0.03344,69039.0,123314.0
2025-07-25T08:17:33.136896,bybit,0.03348,0.0,20371.0,0.0
2025-07-25T08:17:33.146477,bitget,0.03351,0.03352,11856.0,27840.0
2025-07-25T08:17:33.151929,gateio,0.03344,0.03351,15027.0,6114.0
2025-07-25T08:17:33.160225,bitmart,0.03345,0.03353,7670.0,73907.0
2025-07-25T08:17:33.238190,bybit,0.03348,0.0,25187.0,0.0
2025-07-25T08:17:33.299280,bitget,0.03351,0.03352,11856.0,27840.0
2025-07-25T08:17:33.337637,bybit,0.03348,0.0,16870.0,0.0
2025-07-25T08:17:33.371777,mexc,0.03348,0.03349,1745830.0,1745830.0
2025-07-25T08:17:33.388924,gateio,0.03346,0.03351,703.0,6114.0
2025-07-25T08:17:33.437495,bybit,0.03348,0.0,14856.0,0.0
2025-07-25T08:17:33.449432,bitget,0.0335,0.03352,4690.0,27840.0
2025-07-25T08:17:33.471232,binance,0.0335,0.0335,0.0,0.0
2025-07-25T08:17:33.537355,bybit,0.03348,0.0,15414.0,0.0
2025-07-25T08:17:33.573096,ascendex,0.0,0.03358,0.0,191845.0
2025-07-25T08:17:33.582182,blofin,0.03341,0.03344,14338.0,107796.0
2025-07-25T08:17:33.600637,bitget,0.0335,0.03352,4690.0,27840.0
2025-07-25T08:17:33.748794,bitget,0.0335,0.03352,4690.0,27840.0
2025-07-25T08:17:33.891872,ascendex,0.03342,0.03358,161904.0,211383.0
2025-07-25T08:17:33.896356,bingx,0.03348,0.0335,9117.19,1084.7
2025-07-25T08:17:33.898444,bitget,0.0335,0.03352,4690.0,27840.0
2025-07-25T08:17:34.038365,bybit,0.03348,0.0,14620.0,0.0
2025-07-25T08:17:34.078736,blofin,0.03341,0.03344,14338.0,107793.0
2025-07-25T08:17:34.193591,bitmart,0.03344,0.03352,20054.0,7197.0
2025-07-25T08:17:34.205123,ascendex,0.03344,0.0,0.0,0.0
2025-07-25T08:17:34.337414,bybit,0.03348,0.0,19620.0,0.0
2025-07-25T08:17:34.347587,bitget,0.0335,0.03352,4690.0,27840.0
2025-07-25T08:17:34.471288,binance,0.0335,0.0335,0.0,0.0
2025-07-25T08:17:34.537720,bybit,0.03348,0.0,20776.0,0.0
2025-07-25T08:17:34.547962,blofin,0.03341,0.03343,48074.0,129534.0
2025-07-25T08:17:34.649341,bitget,0.03351,0.03352,1856.0,27840.0
2025-07-25T08:17:34.660409,gateio,0.03344,0.03351,15027.0,6114.0
2025-07-25T08:17:34.736964,bybit,0.03348,0.0,24730.0,0.0
2025-07-25T08:17:34.799659,bitget,0.03351,0.03352,11856.0,27840.0
2025-07-25T08:17:34.808130,bingx,0.03348,0.0335,9117.19,1084.7
2025-07-25T08:17:34.834565,ascendex,0.0,0.03358,0.0,191845.0
2025-07-25T08:17:34.937677,bybit,0.03348,0.0,17602.0,0.0
2025-07-25T08:17:34.944530,gateio,0.03345,0.03351,703.0,6114.0
2025-07-25T08:17:34.960019,bitget,0.03351,0.03352,11856.0,27840.0
2025-07-25T08:17:35.037070,bybit,0.03348,0.0,14442.0,0.0
2025-07-25T08:17:35.061099,blofin,0.03341,0.03343,37632.0,1.0
2025-07-25T08:17:35.098727,bitget,0.03351,0.03352,10000.0,27840.0
2025-07-25T08:17:35.137236,bybit,0.03348,0.0,21012.0,0.0
2025-07-25T08:17:35.150407,ascendex,0.03342,0.0,0.0,0.0
2025-07-25T08:17:35.159351,bitmart,0.03344,0.03354,108882.0,75455.0
2025-07-25T08:17:35.238055,bybit,0.03348,0.0,23048.0,0.0
2025-07-25T08:17:35.253746,bitget,0.03351,0.03352,11843.0,27840.0
2025-07-25T08:17:35.337024,bybit,0.03348,0.0,22450.0,0.0
2025-07-25T08:17:35.398222,bitget,0.03351,0.03352,11843.0,27840.0
2025-07-25T08:17:35.437211,bybit,0.03348,0.0,23606.0,0.0
2025-07-25T08:17:35.460900,ascendex,0.0,0.03399,0.0,0.0
2025-07-25T08:17:35.537392,bybit,0.03348,0.0,29578.0,0.0
2025-07-25T08:17:35.552886,blofin,0.03342,0.03343,50729.0,1.0
2025-07-25T08:17:35.699620,bitget,0.03351,0.03352,11843.0,27840.0
2025-07-25T08:17:35.705501,bingx,0.03348,0.0335,9117.19,1084.7
2025-07-25T08:17:35.742680,mexc,0.03348,0.03349,1745830.0,1745830.0
2025-07-25T08:17:35.780961,ascendex,0.0,0.03358,0.0,0.0
2025-07-25T08:17:35.847712,bitget,0.03351,0.03352,11843.0,27840.0
2025-07-25T08:17:35.860558,gateio,0.03344,0.03351,15027.0,6114.0
2025-07-25T08:17:35.937280,bybit,0.03348,0.0,28422.0,0.0
2025-07-25T08:17:35.997844,bitget,0.03351,0.03352,11843.0,27840.0
2025-07-25T08:17:36.037367,bybit,0.03348,0.0,26386.0,0.0
2025-07-25T08:17:36.062859,blofin,0.03342,0.03343,50729.0,1.0
2025-07-25T08:17:36.094717,bitmart,0.03345,0.03353,7203.0,76557.0
2025-07-25T08:17:36.110651,gateio,0.03345,0.03351,703.0,6114.0
2025-07-25T08:17:36.148758,bitget,0.03351,0.03352,10000.0,27840.0
2025-07-25T08:17:36.238074,bybit,0.03348,0.0,27542.0,0.0
2025-07-25T08:17:36.306886,bingx,0.03348,0.0335,9117.19,1084.7
2025-07-25T08:17:36.338115,bybit,0.03348,0.0,26386.0,0.0
2025-07-25T08:17:36.412600,ascendex,0.0,0.03364,0.0,0.0
2025-07-25T08:17:36.447710,bitget,0.03351,0.03352,11843.0,27840.0
2025-07-25T08:17:36.454310,gateio,0.03346,0.03351,703.0,6114.0
2025-07-25T08:17:36.466314,gateio,0.03347,0.03351,990.0,6114.0
2025-07-25T08:17:36.472322,binance,0.0335,0.0335,0.0,0.0
2025-07-25T08:17:36.548003,blofin,0.03342,0.03344,9587.0,108530.0
2025-07-25T08:17:36.598200,bitget,0.03351,0.03352,10000.0,27840.0
2025-07-25T08:17:36.608503,bingx,0.0335,0.03352,308.9,19680.01
2025-07-25T08:17:36.700751,gateio,0.03344,0.03351,15027.0,6114.0
2025-07-25T08:17:36.721951,ascendex,0.03342,0.0,359174.0,0.0
2025-07-25T08:17:36.741477,bybit,0.03348,0.0,26594.0,0.0
2025-07-25T08:17:36.747478,bitget,0.03351,0.03352,10000.0,27840.0
2025-07-25T08:17:36.914403,gateio,0.03344,0.03351,8971.0,6114.0
2025-07-25T08:17:36.922553,bingx,0.0335,0.03352,308.9,19680.01
2025-07-25T08:17:36.927346,gateio,0.03345,0.03351,703.0,6114.0
2025-07-25T08:17:37.012681,gateio,0.03346,0.03351,169.0,6114.0
2025-07-25T08:17:37.040988,bybit,0.03348,0.0,20064.0,0.0
2025-07-25T08:17:37.044399,ascendex,0.0,0.03358,0.0,446429.0
2025-07-25T08:17:37.061870,blofin,0.03342,0.03344,3.0,129337.0
2025-07-25T08:17:37.100497,gateio,0.03346,0.0335,169.0,10.0
2025-07-25T08:17:37.166777,bitmart,0.03343,0.03353,107207.0,83418.0
2025-07-25T08:17:37.198284,bitget,0.03351,0.03352,10000.0,27840.0
2025-07-25T08:17:37.208375,gateio,0.03344,0.0335,8971.0,10.0
2025-07-25T08:17:37.241497,bybit,0.03348,0.0,20622.0,0.0
2025-07-25T08:17:37.558397,blofin,0.03341,0.03343,55506.0,129332.0
2025-07-25T08:17:37.638435,bybit,0.0,0.03349,0.0,957.0
2025-07-25T08:17:37.704381,gateio,0.03345,0.0335,5006.0,10.0
2025-07-25T08:17:37.799091,bitget,0.03351,0.03352,10000.0,27840.0
2025-07-25T08:17:37.812839,bingx,0.0335,0.03352,308.9,19680.01
2025-07-25T08:17:37.902970,gateio,0.03345,0.0335,5709.0,10.0
2025-07-25T08:17:37.953042,bitget,0.03351,0.03352,11843.0,27840.0
2025-07-25T08:17:37.954575,gateio,0.03344,0.0335,15027.0,10.0
2025-07-25T08:17:38.063537,blofin,0.03341,0.03343,56019.0,111261.0
2025-07-25T08:17:38.099063,bitget,0.03351,0.03352,11843.0,27840.0
2025-07-25T08:17:38.143721,mexc,0.03348,0.03349,1745830.0,1745830.0
2025-07-25T08:17:38.194118,bitmart,0.03344,0.03352,61834.0,55486.0
2025-07-25T08:17:38.206973,gateio,0.03346,0.0335,703.0,10.0
2025-07-25T08:17:38.237966,bybit,0.03348,0.0,20064.0,0.0
2025-07-25T08:17:38.250060,bitget,0.03351,0.03352,10000.0,27840.0
2025-07-25T08:17:38.337621,bybit,0.03348,0.0,20622.0,0.0
2025-07-25T08:17:38.398926,bitget,0.03351,0.03352,10000.0,27840.0
2025-07-25T08:17:38.422922,ascendex,0.0,0.03372,0.0,0.0
2025-07-25T08:17:38.471596,binance,0.0335,0.0335,0.0,0.0
2025-07-25T08:17:38.474218,gateio,0.03344,0.0335,15027.0,10.0
2025-07-25T08:17:38.559284,blofin,0.03341,0.03343,56019.0,111261.0
2025-07-25T08:17:38.698457,bitget,0.03351,0.03352,11843.0,27840.0
2025-07-25T08:17:38.711771,bingx,0.0335,0.03352,308.9,19680.01
2025-07-25T08:17:38.737387,bybit,0.03348,0.0,23608.0,0.0
2025-07-25T08:17:38.904954,gateio,0.03345,0.0335,31337.0,10.0
2025-07-25T08:17:38.937336,bybit,0.03351,0.03352,4514.0,15579.0
2025-07-25T08:17:39.000506,bitget,0.03352,0.03353,25138.0,2702.0
2025-07-25T08:17:39.013061,gateio,0.03346,0.0335,9401.0,10.0
2025-07-25T08:17:39.037612,bybit,0.0,0.03352,0.0,16245.0
2025-07-25T08:17:39.061348,blofin,0.03341,0.03343,63535.0,111261.0
2025-07-25T08:17:39.070708,ascendex,0.0,0.03353,0.0,0.0
2025-07-25T08:17:39.126934,bitmart,0.03344,0.03355,37848.0,108554.0
2025-07-25T08:17:39.137244,bybit,0.03351,0.03352,8898.0,22130.0
2025-07-25T08:17:39.149234,bitget,0.03352,0.03353,25138.0,2702.0
2025-07-25T08:17:39.299884,bitget,0.03352,0.03353,25138.0,2702.0
2025-07-25T08:17:39.319169,bingx,0.03351,0.03353,308.99,19927.64
2025-07-25T08:17:39.337623,bybit,0.0,0.0,0.0,0.0
2025-07-25T08:17:39.388798,ascendex,0.03346,0.03357,358744.0,219637.0
2025-07-25T08:17:39.437248,bybit,0.0,0.03352,0.0,21682.0
2025-07-25T08:17:39.450551,bitget,0.03352,0.03353,25138.0,2702.0
2025-07-25T08:17:39.464267,gateio,0.03347,0.0335,703.0,10.0
2025-07-25T08:17:39.471651,binance,0.03351,0.03351,0.0,0.0
2025-07-25T08:17:39.565516,blofin,0.03341,0.03343,68311.0,4.0
2025-07-25T08:17:40.001372,ascendex,0.03318,0.0,331047.0,0.0
2025-07-25T08:17:40.064299,blofin,0.03343,0.03344,1.0,347829.0
2025-07-25T08:17:40.142485,gateio,0.03347,0.0335,5006.0,10.0
2025-07-25T08:17:40.148618,bitmart,0.03346,0.03354,51683.0,363.0
2025-07-25T08:17:40.220003,bingx,0.03351,0.03353,308.99,19927.64
2025-07-25T08:17:40.232066,gateio,0.03346,0.0335,9401.0,10.0
2025-07-25T08:17:40.242267,bybit,0.0,0.03352,0.0,15797.0
2025-07-25T08:17:40.295850,gateio,0.03348,0.0335,703.0,10.0
2025-07-25T08:17:40.312569,ascendex,0.03336,0.0,0.0,0.0
2025-07-25T08:17:40.337464,bybit,0.03351,0.03352,57757.0,666.0
2025-07-25T08:17:40.353851,bitget,0.03354,0.03355,2834.0,18110.0
2025-07-25T08:17:40.437304,bybit,0.03351,0.0,96168.0,0.0
2025-07-25T08:17:40.500425,bitget,0.03354,0.03355,8586.0,18110.0
2025-07-25T08:17:40.524098,mexc,0.0335,0.03351,1745830.0,1745830.0
2025-07-25T08:17:40.525707,binance,0.03353,0.03353,0.0,0.0
2025-07-25T08:17:40.528254,bingx,0.03352,0.03353,309.11,73.96
2025-07-25T08:17:40.537439,bybit,0.03351,0.0,72299.0,0.0
2025-07-25T08:17:40.548717,blofin,0.03343,0.03344,1.0,347829.0
2025-07-25T08:17:40.620877,gateio,0.03347,0.0335,6056.0,10.0
2025-07-25T08:17:40.623357,ascendex,0.0,0.03354,0.0,0.0
2025-07-25T08:17:40.630642,gateio,0.03348,0.0335,2398.0,10.0
2025-07-25T08:17:40.637543,bybit,0.03351,0.03352,20981.0,705.0
2025-07-25T08:17:40.654197,bitget,0.03354,0.03355,6743.0,18110.0
2025-07-25T08:17:40.800715,bitget,0.03354,0.03355,6743.0,18110.0
2025-07-25T08:17:40.844315,gateio,0.03348,0.0335,3101.0,10.0
2025-07-25T08:17:40.868088,bingx,0.03352,0.03353,309.11,73.96
2025-07-25T08:17:40.934596,ascendex,0.03348,0.0,358530.0,0.0
2025-07-25T08:17:40.954263,bitget,0.03354,0.03355,8586.0,18110.0
2025-07-25T08:17:41.016327,gateio,0.03348,0.0335,2398.0,10.0
2025-07-25T08:17:41.026522,gateio,0.03347,0.0335,6056.0,10.0
2025-07-25T08:17:41.037200,bybit,0.03351,0.0,27740.0,0.0
2025-07-25T08:17:41.078394,blofin,0.03343,0.03344,67529.0,232737.0
2025-07-25T08:17:41.101102,bitget,0.03354,0.03355,8586.0,18110.0
2025-07-25T08:17:41.137533,bybit,0.03351,0.0,28463.0,0.0
2025-07-25T08:17:41.154091,bitmart,0.03347,0.03357,105975.0,98004.0
2025-07-25T08:17:41.170381,gateio,0.03348,0.0335,8960.0,10.0
2025-07-25T08:17:41.243130,ascendex,0.0,0.03361,0.0,0.0
2025-07-25T08:17:41.244427,gateio,0.03349,0.0335,703.0,10.0
2025-07-25T08:17:41.254094,bitget,0.03354,0.03355,8586.0,28110.0
2025-07-25T08:17:41.254308,gateio,0.03349,0.0335,1371.0,10.0
2025-07-25T08:17:41.336875,bybit,0.03351,0.0,30498.0,0.0
2025-07-25T08:17:41.437315,bybit,0.03351,0.0,33481.0,0.0
2025-07-25T08:17:41.471289,binance,0.03353,0.03353,0.0,0.0
2025-07-25T08:17:41.550748,bitget,0.03354,0.03355,8586.0,28110.0
2025-07-25T08:17:41.552757,ascendex,0.03319,0.03374,0.0,63857.0
2025-07-25T08:17:41.571598,blofin,0.03345,0.03346,10268.0,242035.0
2025-07-25T08:17:41.727462,bingx,0.03352,0.03353,309.11,73.96
2025-07-25T08:17:41.737565,bybit,0.03351,0.0,26791.0,0.0
2025-07-25T08:17:41.837520,bybit,0.03351,0.0,26233.0,0.0
2025-07-25T08:17:41.860441,bitget,0.03354,0.03355,2834.0,28110.0
2025-07-25T08:17:41.872036,ascendex,0.03334,0.0,28780.0,0.0
2025-07-25T08:17:42.000987,bitget,0.03354,0.03355,2834.0,28110.0
2025-07-25T08:17:42.064442,blofin,0.03345,0.03346,10268.0,242035.0
2025-07-25T08:17:42.150528,bitget,0.03354,0.03355,2834.0,28110.0
2025-07-25T08:17:42.181124,bitmart,0.03348,0.03356,517.0,34278.0
2025-07-25T08:17:42.301530,bitget,0.03354,0.03355,2834.0,28110.0
2025-07-25T08:17:42.339222,bybit,0.03351,0.0,32758.0,0.0
2025-07-25T08:17:42.437239,bybit,0.03351,0.0,26233.0,0.0
2025-07-25T08:17:42.457527,bitget,0.03354,0.03355,4677.0,28110.0
2025-07-25T08:17:42.503111,ascendex,0.0,0.03362,0.0,836567.0
2025-07-25T08:17:42.538654,blofin,0.03345,0.03346,10268.0,242035.0
2025-07-25T08:17:42.601054,bitget,0.03354,0.03355,4677.0,28110.0
2025-07-25T08:17:42.621136,gateio,0.03349,0.0335,6377.0,10.0
2025-07-25T08:17:42.630072,bingx,0.03352,0.03353,309.11,73.96
2025-07-25T08:17:42.639355,bybit,0.03351,0.0,32758.0,0.0
2025-07-25T08:17:42.751018,bitget,0.03354,0.03355,4677.0,28110.0
2025-07-25T08:17:42.937219,bybit,0.03351,0.0,26233.0,0.0
2025-07-25T08:17:42.946217,mexc,0.03352,0.03353,1745830.0,1745830.0
2025-07-25T08:17:43.037247,bybit,0.03351,0.0,25441.0,0.0
2025-07-25T08:17:43.053179,bitget,0.03354,0.03355,4677.0,28110.0
2025-07-25T08:17:43.067632,blofin,0.03345,0.03346,448.0,242035.0
2025-07-25T08:17:43.103289,bitmart,0.03348,0.03356,11170.0,35020.0
2025-07-25T08:17:43.137720,bybit,0.03351,0.0,23406.0,0.0
2025-07-25T08:17:43.141338,ascendex,0.0,0.03365,0.0,351919.0
2025-07-25T08:17:43.198844,gateio,0.03349,0.0335,5709.0,10.0
2025-07-25T08:17:43.201682,bitget,0.03354,0.03355,2834.0,25138.0
2025-07-25T08:17:43.237589,bybit,0.03351,0.0,20423.0,0.0
2025-07-25T08:17:43.338108,bybit,0.03351,0.0,22638.0,0.0
2025-07-25T08:17:43.351277,bitget,0.03354,0.03355,2834.0,25138.0
2025-07-25T08:17:43.437106,bybit,0.03351,0.0,16671.0,0.0
2025-07-25T08:17:43.461156,ascendex,0.0334,0.0,0.0,0.0
2025-07-25T08:17:43.471488,binance,0.03353,0.03353,0.0,0.0
2025-07-25T08:17:43.541832,bingx,0.03352,0.03353,309.11,73.96
2025-07-25T08:17:43.559634,blofin,0.03345,0.03346,10190.0,242035.0
2025-07-25T08:17:43.790903,ascendex,0.03345,0.03356,0.0,446828.0
2025-07-25T08:17:43.837527,bybit,0.03351,0.03352,14456.0,39.0
2025-07-25T08:17:43.938050,bybit,0.03351,0.0,13898.0,0.0
2025-07-25T08:17:43.951856,bitget,0.03354,0.03355,2834.0,25138.0
2025-07-25T08:17:44.038644,bybit,0.03351,0.0,16671.0,0.0
2025-07-25T08:17:44.063365,blofin,0.03345,0.03346,4.0,306539.0
2025-07-25T08:17:44.091035,ascendex,0.0,0.03366,0.0,355300.0
2025-07-25T08:17:44.145050,bitmart,0.03347,0.03355,22296.0,12545.0
2025-07-25T08:17:44.252307,bitget,0.03354,0.03355,2834.0,25138.0
2025-07-25T08:17:44.400733,ascendex,0.0,0.03374,0.0,0.0
2025-07-25T08:17:44.411065,bitget,0.03353,0.03355,19494.0,25138.0
2025-07-25T08:17:44.437187,bybit,0.03351,0.03352,11113.0,20658.0
2025-07-25T08:17:44.438403,gateio,0.03349,0.0335,703.0,10.0
2025-07-25T08:17:44.439445,bingx,0.03352,0.03353,309.11,73.96
2025-07-25T08:17:44.471031,binance,0.03353,0.03353,0.0,0.0
2025-07-25T08:17:44.537122,bybit,0.03351,0.0,8898.0,0.0
2025-07-25T08:17:44.556271,bitget,0.03353,0.03354,15138.0,1843.0
2025-07-25T08:17:44.568831,blofin,0.03345,0.03346,4.0,306539.0
2025-07-25T08:17:44.703837,bitget,0.03353,0.03354,15138.0,11843.0
2025-07-25T08:17:44.837225,bybit,0.03351,0.0,4514.0,0.0
2025-07-25T08:17:44.854120,bitget,0.03353,0.03354,15138.0,11843.0
2025-07-25T08:17:44.937753,bybit,0.0335,0.03352,73976.0,22371.0
2025-07-25T08:17:45.003596,bitget,0.03352,0.03354,29494.0,11843.0
2025-07-25T08:17:45.032416,ascendex,0.03341,0.0,1352.0,0.0
2025-07-25T08:17:45.037005,bybit,0.0335,0.03352,44361.0,21774.0
2025-07-25T08:17:45.049713,blofin,0.03344,0.03346,21356.0,40739.0
2025-07-25T08:17:45.137130,bybit,0.0,0.03352,0.0,21216.0
2025-07-25T08:17:45.152638,bitget,0.03352,0.03354,29494.0,17710.0
2025-07-25T08:17:45.177219,bitmart,0.03346,0.03354,24026.0,13161.0
2025-07-25T08:17:45.237628,bybit,0.0335,0.0,44919.0,0.0
2025-07-25T08:17:45.306763,bitget,0.03352,0.03354,29494.0,17710.0
2025-07-25T08:17:45.326093,mexc,0.0335,0.03351,1745830.0,1745830.0
2025-07-25T08:17:45.337723,bybit,0.0335,0.0,46412.0,0.0
2025-07-25T08:17:45.339058,bingx,0.03352,0.03353,309.11,73.96
2025-07-25T08:17:45.351574,ascendex,0.03348,0.03355,0.0,446961.0
2025-07-25T08:17:45.437285,bybit,0.0,0.03352,0.0,20658.0
2025-07-25T08:17:45.452610,bitget,0.03352,0.03354,29494.0,17710.0
2025-07-25T08:17:45.537097,bybit,0.03351,0.03352,9514.0,5527.0
2025-07-25T08:17:45.538099,blofin,0.03344,0.03346,21356.0,40739.0
2025-07-25T08:17:45.604618,bitget,0.03353,0.03354,15138.0,13614.0
2025-07-25T08:17:45.638509,bybit,0.0,0.03352,0.0,20658.0
2025-07-25T08:17:45.671194,ascendex,0.03341,0.03356,0.0,446694.0
2025-07-25T08:17:45.752547,bitget,0.03353,0.03354,25138.0,13633.0
2025-07-25T08:17:45.906362,bitget,0.03353,0.03354,25138.0,13633.0
2025-07-25T08:17:45.937320,bybit,0.03351,0.0,4514.0,0.0
2025-07-25T08:17:45.980901,ascendex,0.0,0.03358,0.0,0.0
2025-07-25T08:17:46.053239,bitget,0.03353,0.03354,25138.0,11771.0
2025-07-25T08:17:46.061327,blofin,0.03343,0.03346,21228.0,32160.0
2025-07-25T08:17:46.098235,bitmart,0.03347,0.03355,11394.0,15389.0
2025-07-25T08:17:46.206381,bitget,0.03353,0.03354,25138.0,11771.0
2025-07-25T08:17:46.249475,bingx,0.03352,0.03353,309.11,73.96
2025-07-25T08:17:46.290918,ascendex,0.03334,0.03365,0.0,0.0
2025-07-25T08:17:46.337767,bybit,0.0,0.03352,0.0,5527.0
2025-07-25T08:17:46.471885,binance,0.03353,0.03353,0.0,0.0
2025-07-25T08:17:46.512814,bitget,0.03353,0.03354,25138.0,11771.0
2025-07-25T08:17:46.548197,bingx,0.03352,0.03353,309.11,73.96
2025-07-25T08:17:46.554431,blofin,0.03344,0.03346,3.0,58635.0
2025-07-25T08:17:46.607706,ascendex,0.0,0.03358,0.0,446561.0
2025-07-25T08:17:46.836865,bybit,0.03351,0.0,4537.0,0.0
2025-07-25T08:17:47.037206,bybit,0.03351,0.0,5095.0,0.0
2025-07-25T08:17:47.082573,blofin,0.03344,0.03346,3.0,58635.0
2025-07-25T08:17:47.137393,bybit,0.03351,0.03352,4537.0,20658.0
2025-07-25T08:17:47.178926,bitmart,0.03347,0.03355,12366.0,31032.0
2025-07-25T08:17:47.257609,bitget,0.03353,0.03354,25138.0,13633.0
2025-07-25T08:17:47.405888,bitget,0.03353,0.03354,25138.0,13633.0
2025-07-25T08:17:47.463628,bingx,0.03352,0.03353,309.11,73.96
2025-07-25T08:17:47.541227,ascendex,0.0,0.03366,0.0,0.0
2025-07-25T08:17:47.553976,bitget,0.03353,0.03354,25138.0,13633.0
2025-07-25T08:17:47.565990,blofin,0.03344,0.03346,63428.0,58633.0
2025-07-25T08:17:47.705148,mexc,0.0335,0.03351,1745830.0,1745830.0
2025-07-25T08:17:47.850660,ascendex,0.03347,0.03357,717381.0,2217.0
2025-07-25T08:17:47.937596,bybit,0.0,0.03352,0.0,15170.0
2025-07-25T08:17:48.007796,bitget,0.03353,0.03354,25138.0,1771.0
2025-07-25T08:17:48.038847,bybit,0.03351,0.03352,5095.0,39.0
2025-07-25T08:17:48.072230,blofin,0.03343,0.03346,9744.0,64378.0
2025-07-25T08:17:48.125590,bitmart,0.03346,0.03356,137567.0,86736.0
2025-07-25T08:17:48.154735,bitget,0.03353,0.03354,25138.0,1771.0
2025-07-25T08:17:48.239151,bybit,0.03351,0.03352,4537.0,15170.0
2025-07-25T08:17:48.305082,bitget,0.03353,0.03354,25138.0,3633.0
2025-07-25T08:17:48.347111,bingx,0.03352,0.03353,309.11,73.96
2025-07-25T08:17:48.456626,bitget,0.03353,0.03354,25138.0,3633.0
2025-07-25T08:17:48.492741,ascendex,0.0,0.03357,0.0,0.0
2025-07-25T08:17:48.556719,blofin,0.03343,0.03346,55488.0,78056.0
2025-07-25T08:17:48.604806,bitget,0.03353,0.03354,25138.0,3633.0
2025-07-25T08:17:48.801134,ascendex,0.03346,0.03357,0.0,4375.0
2025-07-25T08:17:49.065998,blofin,0.03343,0.03346,55488.0,78056.0
2025-07-25T08:17:49.121760,ascendex,0.0,0.0336,0.0,9996.0
2025-07-25T08:17:49.131887,bitmart,0.03346,0.03354,39879.0,988.0
2025-07-25T08:17:49.204627,bitget,0.03353,0.03354,25138.0,13633.0
2025-07-25T08:17:49.252868,bingx,0.03352,0.03353,309.11,73.96
2025-07-25T08:17:49.431018,ascendex,0.03344,0.0,98186.0,0.0
2025-07-25T08:17:49.564392,blofin,0.03343,0.03345,57281.0,57312.0
2025-07-25T08:17:49.638533,bybit,0.0,0.03352,0.0,15168.0
2025-07-25T08:17:49.806560,bitget,0.03353,0.03354,25138.0,13633.0
2025-07-25T08:17:49.938536,bybit,0.0,0.03352,0.0,16284.0
2025-07-25T08:17:50.037130,bybit,0.0,0.03352,0.0,15168.0
2025-07-25T08:17:50.048584,blofin,0.03343,0.03345,39546.0,545.0
2025-07-25T08:17:50.100058,mexc,0.0335,0.03351,1745830.0,1745830.0
2025-07-25T08:17:50.110992,bitget,0.03353,0.03354,25138.0,13633.0
2025-07-25T08:17:50.137595,bybit,0.0,0.03352,0.0,16284.0
2025-07-25T08:17:50.158958,bingx,0.03352,0.03353,309.11,73.96
2025-07-25T08:17:50.160038,bitmart,0.03346,0.03354,19332.0,305.0
2025-07-25T08:17:50.214812,gateio,0.03346,0.0335,7576.0,10.0
2025-07-25T08:17:50.228307,gateio,0.03345,0.0335,16660.0,10.0
2025-07-25T08:17:50.236992,bybit,0.03351,0.0,23.0,0.0
2025-07-25T08:17:50.256269,bitget,0.03352,0.03354,25138.0,13633.0
2025-07-25T08:17:50.272439,gateio,0.03346,0.0335,8965.0,10.0
2025-07-25T08:17:50.409568,bitget,0.03352,0.03353,25138.0,1862.0
2025-07-25T08:17:50.412542,gateio,0.03346,0.0335,11373.0,10.0
2025-07-25T08:17:50.437294,bybit,0.0,0.0,0.0,0.0
2025-07-25T08:17:50.460156,bingx,0.03352,0.03353,309.11,73.96
2025-07-25T08:17:50.471743,binance,0.03352,0.03352,0.0,0.0
2025-07-25T08:17:50.553067,gateio,0.03347,0.0335,703.0,10.0
2025-07-25T08:17:50.556195,bitget,0.03352,0.03353,25138.0,10000.0
2025-07-25T08:17:50.564456,blofin,0.03343,0.03345,39546.0,545.0
2025-07-25T08:17:50.702493,ascendex,0.0,0.03404,0.0,0.0
2025-07-25T08:17:50.763140,bingx,0.03351,0.03353,222.84,9712.33
2025-07-25T08:17:50.837044,bybit,0.03351,0.03352,4477.0,15168.0
2025-07-25T08:17:50.861971,bitget,0.03352,0.03353,25138.0,10000.0
2025-07-25T08:17:51.050413,blofin,0.03343,0.03345,39546.0,545.0
2025-07-25T08:17:51.098258,bitmart,0.03346,0.03354,22019.0,10422.0
2025-07-25T08:17:51.137068,bybit,0.03351,0.03352,1151.0,15726.0
2025-07-25T08:17:51.358351,bingx,0.03351,0.03353,222.84,9712.33
2025-07-25T08:17:51.438105,bybit,0.0,0.03352,0.0,15168.0
2025-07-25T08:17:51.470911,binance,0.03352,0.03352,0.0,0.0
2025-07-25T08:17:51.538525,gateio,0.03346,0.0335,8965.0,10.0
2025-07-25T08:17:51.553662,blofin,0.03343,0.03345,44299.0,545.0
2025-07-25T08:17:51.652186,ascendex,0.0,0.03357,0.0,360020.0
2025-07-25T08:17:51.682222,gateio,0.03346,0.0335,11373.0,10.0
2025-07-25T08:17:51.960501,ascendex,0.0,0.03357,0.0,355645.0
2025-07-25T08:17:51.990216,gateio,0.03347,0.0335,703.0,10.0
2025-07-25T08:17:52.036991,bybit,0.0,0.03352,0.0,16284.0
2025-07-25T08:17:52.076092,blofin,0.03343,0.03345,2026.0,37435.0
2025-07-25T08:17:52.137004,bybit,0.0,0.03352,0.0,15726.0
2025-07-25T08:17:52.158658,bitmart,0.03346,0.03354,17083.0,18355.0
2025-07-25T08:17:52.198908,gateio,0.03346,0.0335,8965.0,10.0
2025-07-25T08:17:52.237119,bybit,0.0,0.03352,0.0,15168.0
2025-07-25T08:17:52.264015,bingx,0.03351,0.03353,222.84,9712.33
2025-07-25T08:17:52.502140,mexc,0.0335,0.03351,1745830.0,1745830.0
2025-07-25T08:17:52.537713,bybit,0.0,0.0,0.0,0.0
2025-07-25T08:17:52.554571,blofin,0.03343,0.03345,2026.0,37435.0
2025-07-25T08:17:53.064429,blofin,0.03343,0.03345,16518.0,28615.0
2025-07-25T08:17:53.098566,bitmart,0.03346,0.03354,29022.0,14829.0
2025-07-25T08:17:53.169826,bingx,0.03351,0.03353,222.84,9712.33
2025-07-25T08:17:53.408140,bitget,0.03352,0.03354,25138.0,13633.0
2025-07-25T08:17:53.420281,gateio,0.03347,0.0335,703.0,10.0
2025-07-25T08:17:53.525110,ascendex,0.0,0.0336,0.0,433319.0
2025-07-25T08:17:53.555302,blofin,0.03343,0.03345,16518.0,28616.0
2025-07-25T08:17:53.605815,gateio,0.03346,0.0335,11373.0,10.0
2025-07-25T08:17:53.708258,bitget,0.03352,0.03354,25138.0,13633.0
2025-07-25T08:17:53.748309,gateio,0.03346,0.0335,8965.0,10.0
2025-07-25T08:17:53.860195,ascendex,0.0,0.0336,0.0,423323.0
2025-07-25T08:17:54.035969,blofin,0.03343,0.03345,24964.0,28616.0
2025-07-25T08:17:54.073572,bingx,0.03351,0.03353,222.84,9712.33
2025-07-25T08:17:54.118202,bitmart,0.03346,0.03354,35580.0,2540.0
2025-07-25T08:17:54.160219,bitget,0.03352,0.03354,25138.0,13633.0
