timestamp,exchange,bid,ask,bid_vol,ask_vol
2025-07-25T08:16:26.228146,bybit,0.01861,0.01862,48631.0,119233.0
2025-07-25T08:16:26.228178,bybit,0.0,0.01862,0.0,179233.0
2025-07-25T08:16:26.228208,bybit,0.0,0.01862,0.0,180009.0
2025-07-25T08:16:26.228232,bybit,0.0,0.01862,0.0,174637.0
2025-07-25T08:16:26.228259,bybit,0.0,0.01862,0.0,114543.0
2025-07-25T08:16:26.228283,bybit,0.0,0.01862,0.0,108376.0
2025-07-25T08:16:26.228306,bybit,0.0,0.01862,0.0,109380.0
2025-07-25T08:16:26.228330,bybit,0.0,0.01862,0.0,169380.0
2025-07-25T08:16:26.228358,bybit,0.0,0.01862,0.0,108376.0
2025-07-25T08:16:26.228387,bybit,0.0,0.01862,0.0,109380.0
2025-07-25T08:16:26.228411,bybit,0.0,0.01862,0.0,108752.0
2025-07-25T08:16:26.228760,bybit,0.01861,0.01862,457101.0,90884.0
2025-07-25T08:16:26.320493,bybit,0.01861,0.01862,202013.0,96256.0
2025-07-25T08:16:26.351644,bybit,0.01861,0.01862,190641.0,102066.0
2025-07-25T08:16:26.529179,bybit,0.0,0.0,0.0,0.0
2025-07-25T08:16:26.630897,bybit,0.01861,0.0,191269.0,0.0
2025-07-25T08:16:26.683074,bitget,0.0186,0.01862,259543.0,143169.0
2025-07-25T08:16:26.685132,okx,0.01863,0.01864,2778.46,7678.08
2025-07-25T08:16:26.729631,bybit,0.01861,0.0,191268.0,0.0
2025-07-25T08:16:26.829483,bybit,0.0,0.0,0.0,0.0
2025-07-25T08:16:26.830910,bitget,0.0186,0.01862,259543.0,143169.0
2025-07-25T08:16:26.937822,binance,0.01862,0.01862,0.0,0.0
2025-07-25T08:16:26.981210,bitget,0.0186,0.01862,259543.0,143169.0
2025-07-25T08:16:27.032129,huobi,0.018542,0.018606,35593.086,5903.4
2025-07-25T08:16:27.133122,bitget,0.0186,0.01862,259543.0,143169.0
2025-07-25T08:16:27.297845,bitget,0.0186,0.01862,259543.0,143169.0
2025-07-25T08:16:27.433560,bitget,0.0186,0.01862,259543.0,145041.0
2025-07-25T08:16:27.555235,okx,0.01863,0.01864,16408.32,7678.08
2025-07-25T08:16:27.583398,bitget,0.0186,0.01862,259543.0,143169.0
2025-07-25T08:16:27.682464,bingx,0.01862,0.01865,15074.94,8892.62
2025-07-25T08:16:27.732287,bitget,0.0186,0.01862,259543.0,143169.0
2025-07-25T08:16:27.881536,bitget,0.0186,0.01862,259543.0,143169.0
2025-07-25T08:16:28.009977,huobi,0.018541,0.018606,35595.0057,5903.4
2025-07-25T08:16:28.031546,bitget,0.0186,0.01862,259543.0,143169.0
2025-07-25T08:16:28.110540,huobi,0.018543,0.018606,35591.1665,5903.4
2025-07-25T08:16:28.130032,bybit,0.01861,0.0,190640.0,0.0
2025-07-25T08:16:28.166971,lbank,0.01861,0.01863,154844.66,998.88
2025-07-25T08:16:28.181667,bitget,0.0186,0.01862,257671.0,143169.0
2025-07-25T08:16:28.186174,bitmart,0.01859,0.01864,126603.0,146190.0
2025-07-25T08:16:28.200733,okx,0.01863,0.01864,2778.46,7678.08
2025-07-25T08:16:28.211738,huobi,0.018541,0.018606,35595.0057,5903.4
2025-07-25T08:16:28.329391,bybit,0.01861,0.0,190263.0,0.0
2025-07-25T08:16:28.332748,bitget,0.0186,0.01862,257671.0,145041.0
2025-07-25T08:16:28.429858,bybit,0.01861,0.0,190640.0,0.0
2025-07-25T08:16:28.482106,bitget,0.0186,0.01862,257671.0,145041.0
2025-07-25T08:16:28.529306,bybit,0.0,0.01862,0.0,102181.0
2025-07-25T08:16:28.581327,bingx,0.01862,0.01865,15074.94,8892.62
2025-07-25T08:16:28.633634,bitget,0.0186,0.01862,257671.0,145041.0
2025-07-25T08:16:28.665494,lbank,0.01861,0.01863,154844.66,998.88
2025-07-25T08:16:28.781911,bitget,0.0186,0.01862,257671.0,145041.0
2025-07-25T08:16:28.932329,bitget,0.0186,0.01862,257671.0,145041.0
2025-07-25T08:16:29.028987,bybit,0.01861,0.01862,191268.0,85629.0
2025-07-25T08:16:29.042716,mexc,0.0186,0.01861,25166640.0,25166640.0
2025-07-25T08:16:29.077827,blofin,0.01859,0.01861,17819.0,67541.0
2025-07-25T08:16:29.082661,bitget,0.0186,0.01862,259543.0,143169.0
2025-07-25T08:16:29.097229,okx,0.01863,0.01864,16408.32,4900.36
2025-07-25T08:16:29.195176,bitmart,0.01859,0.01864,118491.0,166483.0
2025-07-25T08:16:29.204266,okx,0.01863,0.01864,16408.32,1210.36
2025-07-25T08:16:29.233599,bitget,0.0186,0.01862,259543.0,143169.0
2025-07-25T08:16:29.329134,bybit,0.01861,0.0,204698.0,0.0
2025-07-25T08:16:29.382409,bitget,0.0186,0.01862,259543.0,143169.0
2025-07-25T08:16:29.482194,bingx,0.01862,0.01865,15074.94,8892.62
2025-07-25T08:16:29.533563,bitget,0.0186,0.01862,259543.0,143169.0
2025-07-25T08:16:29.554009,blofin,0.01859,0.01861,17818.0,67542.0
2025-07-25T08:16:29.664667,lbank,0.01861,0.01863,154844.66,998.88
2025-07-25T08:16:29.683003,bitget,0.0186,0.01862,259543.0,143169.0
2025-07-25T08:16:29.763169,okx,0.01863,0.01864,26408.32,1210.36
2025-07-25T08:16:29.832820,bitget,0.0186,0.01862,259543.0,143169.0
2025-07-25T08:16:29.929334,bybit,0.01862,0.01863,21026.0,101716.0
2025-07-25T08:16:29.937540,binance,0.01862,0.01862,0.0,0.0
2025-07-25T08:16:29.983771,bitget,0.0186,0.01862,259543.0,143169.0
2025-07-25T08:16:30.021165,huobi,0.018543,0.018606,35591.1665,5903.4
2025-07-25T08:16:30.030295,bybit,0.0,0.0,0.0,0.0
2025-07-25T08:16:30.059795,blofin,0.01859,0.01861,17818.0,67542.0
2025-07-25T08:16:30.114767,gateio,0.018611,0.018641,6339.0,1281.0
2025-07-25T08:16:30.129426,bybit,0.01862,0.0,84743.0,0.0
2025-07-25T08:16:30.131007,gateio,0.018611,0.018645,6339.0,1324.0
2025-07-25T08:16:30.133539,bitget,0.01861,0.01863,214247.0,146646.0
2025-07-25T08:16:30.165252,lbank,0.01861,0.01863,154844.66,998.88
2025-07-25T08:16:30.190938,gateio,0.018611,0.018634,6339.0,6339.0
2025-07-25T08:16:30.214024,huobi,0.018545,0.018606,35587.3282,5903.4
2025-07-25T08:16:30.229661,bybit,0.01862,0.0,95481.0,0.0
2025-07-25T08:16:30.244936,gateio,0.018611,0.018634,6339.0,7028.0
2025-07-25T08:16:30.249728,bitmart,0.01859,0.01864,152217.0,97739.0
2025-07-25T08:16:30.283705,gateio,0.01861,0.018634,4322.0,7868.0
2025-07-25T08:16:30.284160,bitget,0.01861,0.01863,216119.0,90932.0
2025-07-25T08:16:30.329228,bybit,0.01862,0.01863,31764.0,107085.0
2025-07-25T08:16:30.355734,okx,0.01863,0.01864,102120.55,10.36
2025-07-25T08:16:30.430175,bybit,0.01862,0.0,32140.0,0.0
2025-07-25T08:16:30.435257,bitget,0.01861,0.01863,216119.0,90932.0
2025-07-25T08:16:30.435842,bingx,0.01862,0.01865,15074.94,8892.62
2025-07-25T08:16:30.532286,blofin,0.01859,0.01861,28818.0,67555.0
2025-07-25T08:16:30.586256,bitget,0.01861,0.01863,236119.0,150932.0
2025-07-25T08:16:30.664721,lbank,0.01861,0.01863,154844.66,998.88
2025-07-25T08:16:30.729344,bybit,0.01862,0.0,95733.0,0.0
2025-07-25T08:16:30.733877,bitget,0.01861,0.01863,236119.0,150932.0
2025-07-25T08:16:30.829058,bybit,0.01862,0.0,96109.0,0.0
2025-07-25T08:16:30.890591,bitget,0.01861,0.01863,236119.0,150932.0
2025-07-25T08:16:30.929309,bybit,0.01862,0.0,95733.0,0.0
2025-07-25T08:16:30.937683,binance,0.01864,0.01864,0.0,0.0
2025-07-25T08:16:31.034594,bitget,0.01861,0.01863,236119.0,150932.0
2025-07-25T08:16:31.064725,blofin,0.01859,0.01861,28818.0,67555.0
2025-07-25T08:16:31.129238,bybit,0.01862,0.0,96109.0,0.0
2025-07-25T08:16:31.165733,lbank,0.01861,0.01863,154844.66,998.88
2025-07-25T08:16:31.183612,bitget,0.01861,0.01863,236119.0,150932.0
2025-07-25T08:16:31.238141,bitmart,0.0186,0.01865,133734.0,144665.0
2025-07-25T08:16:31.293741,bingx,0.01862,0.01865,15074.94,8892.62
2025-07-25T08:16:31.329959,bybit,0.01862,0.01863,95733.0,101716.0
2025-07-25T08:16:31.334853,bitget,0.01861,0.01863,236119.0,150932.0
2025-07-25T08:16:31.410924,huobi,0.018539,0.018606,5891.7,5903.4
2025-07-25T08:16:31.429421,bybit,0.01862,0.0,96109.0,0.0
2025-07-25T08:16:31.449926,mexc,0.0186,0.01861,25166640.0,25166640.0
2025-07-25T08:16:31.483623,bitget,0.01861,0.01863,236119.0,150932.0
2025-07-25T08:16:31.511842,huobi,0.018547,0.018606,35583.4906,5903.4
2025-07-25T08:16:31.546296,blofin,0.0186,0.01861,15610.0,66406.0
2025-07-25T08:16:31.637189,bitget,0.01861,0.01863,236119.0,150932.0
2025-07-25T08:16:31.665759,lbank,0.01861,0.01863,154844.66,998.88
2025-07-25T08:16:31.785137,bitget,0.01861,0.01863,236119.0,150932.0
2025-07-25T08:16:31.829201,bybit,0.01862,0.01863,21026.0,102720.0
2025-07-25T08:16:31.878994,gateio,0.018609,0.018634,14407.0,7868.0
2025-07-25T08:16:31.930400,lbank,0.01861,0.01862,154844.66,20085.42
2025-07-25T08:16:31.937476,binance,0.01864,0.01864,0.0,0.0
2025-07-25T08:16:31.938594,bitget,0.01861,0.01863,234247.0,152804.0
2025-07-25T08:16:32.075684,blofin,0.0186,0.01861,21216.0,66406.0
2025-07-25T08:16:32.083798,bitget,0.01861,0.01863,257858.0,152804.0
2025-07-25T08:16:32.129290,bybit,0.01862,0.01863,34329.0,162720.0
2025-07-25T08:16:32.166569,lbank,0.01861,0.01863,154844.66,998.88
2025-07-25T08:16:32.198377,bingx,0.01862,0.01865,15074.94,8892.62
2025-07-25T08:16:32.233919,bitget,0.01861,0.01863,257858.0,152804.0
2025-07-25T08:16:32.246169,bitmart,0.01859,0.01865,141689.0,3753.0
2025-07-25T08:16:32.384225,bitget,0.01861,0.01863,257858.0,152804.0
2025-07-25T08:16:32.430707,bybit,0.0,0.01863,0.0,168089.0
2025-07-25T08:16:32.516122,huobi,0.018549,0.018606,16781.1577,5903.4
2025-07-25T08:16:32.529915,bybit,0.01861,0.01862,139984.0,169488.0
2025-07-25T08:16:32.538317,bitget,0.01861,0.01862,197858.0,60000.0
2025-07-25T08:16:32.550545,gateio,0.018602,0.018634,1268.0,7868.0
2025-07-25T08:16:32.552261,blofin,0.0186,0.01861,21216.0,66406.0
2025-07-25T08:16:32.573057,gateio,0.018603,0.018634,14445.0,7868.0
2025-07-25T08:16:32.595352,gateio,0.018603,0.018622,14445.0,6339.0
2025-07-25T08:16:32.600114,okx,0.01863,0.01864,280.98,2788.82
2025-07-25T08:16:32.617115,huobi,0.01855,0.018606,601.5653,5903.4
2025-07-25T08:16:32.629427,bybit,0.01861,0.01862,62838.0,164492.0
2025-07-25T08:16:32.669621,lbank,0.01861,0.01863,154844.66,998.88
2025-07-25T08:16:32.686078,bitget,0.01861,0.01862,28680.0,61872.0
2025-07-25T08:16:32.709820,okx,0.01862,0.01864,33516.63,6478.82
2025-07-25T08:16:32.714642,huobi,0.018542,0.018606,601.5653,5903.4
2025-07-25T08:16:32.729101,bybit,0.01861,0.01862,77464.0,180934.0
2025-07-25T08:16:32.829031,bybit,0.01861,0.0,70332.0,0.0
2025-07-25T08:16:32.834329,bitget,0.01861,0.01862,23611.0,144766.0
2025-07-25T08:16:32.844062,gateio,0.018603,0.018622,14445.0,7179.0
2025-07-25T08:16:32.904969,gateio,0.018588,0.018622,3201.0,7868.0
2025-07-25T08:16:32.912051,huobi,0.018529,0.018606,35618.0582,5903.4
2025-07-25T08:16:32.937579,binance,0.01864,0.01864,0.0,0.0
2025-07-25T08:16:32.985062,bitget,0.0186,0.01862,381256.0,445390.0
2025-07-25T08:16:33.000945,gateio,0.01859,0.018622,4334.0,7868.0
2025-07-25T08:16:33.029362,bybit,0.01861,0.0,31983.0,0.0
2025-07-25T08:16:33.055744,okx,0.01862,0.01864,29826.63,6478.82
2025-07-25T08:16:33.075142,blofin,0.0186,0.01861,21219.0,66404.0
2025-07-25T08:16:33.101311,bingx,0.01862,0.01864,15074.94,8892.62
2025-07-25T08:16:33.129165,bybit,0.0,0.01862,0.0,186306.0
2025-07-25T08:16:33.139302,bitget,0.0186,0.01862,275520.0,445390.0
2025-07-25T08:16:33.168665,lbank,0.01862,0.01864,90667.7,38544.36
2025-07-25T08:16:33.175778,okx,0.01862,0.01864,4259.64,6478.82
2025-07-25T08:16:33.241575,bitmart,0.01858,0.01863,128687.0,76421.0
2025-07-25T08:16:33.285798,bitget,0.0186,0.01862,275520.0,445390.0
2025-07-25T08:16:33.412142,okx,0.01862,0.01864,17889.5,6478.82
2025-07-25T08:16:33.433083,bybit,0.0186,0.01861,91175.0,79766.0
2025-07-25T08:16:33.441029,bitget,0.0186,0.01862,275520.0,445390.0
2025-07-25T08:16:33.449001,gateio,0.018589,0.018622,14445.0,7868.0
2025-07-25T08:16:33.475254,gateio,0.018588,0.01861,1902.0,6339.0
2025-07-25T08:16:33.492758,gateio,0.018576,0.01861,1902.0,1529.0
2025-07-25T08:16:33.514825,huobi,0.018528,0.018606,601.5653,5903.4
2025-07-25T08:16:33.530590,bybit,0.0186,0.01861,48402.0,80030.0
2025-07-25T08:16:33.530886,gateio,0.018589,0.01861,1902.0,1529.0
2025-07-25T08:16:33.544429,blofin,0.0186,0.01861,21219.0,66404.0
2025-07-25T08:16:33.548202,gateio,0.018576,0.01861,1902.0,1529.0
2025-07-25T08:16:33.557591,okx,0.01861,0.01863,107523.41,80621.39
2025-07-25T08:16:33.567219,gateio,0.018587,0.01861,6339.0,1529.0
2025-07-25T08:16:33.583180,gateio,0.018588,0.01861,1902.0,1529.0
2025-07-25T08:16:33.584608,bitget,0.01859,0.01861,301878.0,131192.0
2025-07-25T08:16:33.590112,gateio,0.018588,0.01861,14442.0,1529.0
2025-07-25T08:16:33.615662,huobi,0.018528,0.018606,36221.5459,5903.4
2025-07-25T08:16:33.629661,bybit,0.0186,0.0,29097.0,0.0
2025-07-25T08:16:33.668228,lbank,0.01862,0.01864,90667.7,38544.36
2025-07-25T08:16:33.678747,gateio,0.018588,0.018608,14442.0,6339.0
2025-07-25T08:16:33.682007,okx,0.01861,0.01863,120301.87,134885.04
2025-07-25T08:16:33.729484,bybit,0.0186,0.0,28291.0,0.0
2025-07-25T08:16:33.735476,bitget,0.01859,0.01861,112386.0,146998.0
2025-07-25T08:16:33.816194,gateio,0.018589,0.018608,3762.0,6339.0
2025-07-25T08:16:33.840898,gateio,0.018589,0.01861,3762.0,1529.0
2025-07-25T08:16:33.843436,mexc,0.0186,0.01861,25166640.0,25166640.0
2025-07-25T08:16:33.859643,huobi,0.018515,0.018606,35644.9906,5903.4
2025-07-25T08:16:33.893274,bitget,0.01859,0.01861,175828.0,148870.0
2025-07-25T08:16:33.913561,huobi,0.018515,0.018606,36246.5559,5903.4
2025-07-25T08:16:33.937472,binance,0.01864,0.01864,0.0,0.0
2025-07-25T08:16:34.004194,bingx,0.01861,0.01863,15074.94,8892.62
2025-07-25T08:16:34.035980,bitget,0.01859,0.01861,175828.0,148870.0
2025-07-25T08:16:34.048987,blofin,0.01859,0.01861,10051.0,85378.0
2025-07-25T08:16:34.071484,gateio,0.018589,0.018609,3762.0,6339.0
2025-07-25T08:16:34.129358,bybit,0.0186,0.01861,68291.0,79653.0
2025-07-25T08:16:34.169854,gateio,0.018589,0.01861,3762.0,1529.0
2025-07-25T08:16:34.244893,bitmart,0.01857,0.01862,127410.0,6072.0
2025-07-25T08:16:34.329095,bybit,0.0,0.01861,0.0,80030.0
2025-07-25T08:16:34.335564,bitget,0.01859,0.01861,175828.0,146998.0
2025-07-25T08:16:34.372969,gateio,0.018589,0.018609,3762.0,6339.0
2025-07-25T08:16:34.429444,bybit,0.0,0.01861,0.0,79025.0
2025-07-25T08:16:34.485762,bitget,0.01859,0.01861,235828.0,148870.0
2025-07-25T08:16:34.493176,gateio,0.018589,0.01861,3762.0,1529.0
2025-07-25T08:16:34.515148,gateio,0.01859,0.01861,1902.0,1529.0
2025-07-25T08:16:34.529511,bybit,0.0186,0.0,68668.0,0.0
2025-07-25T08:16:34.553531,blofin,0.01859,0.0186,1.0,17556.0
2025-07-25T08:16:34.574233,okx,0.01861,0.01863,166323.65,71140.38
2025-07-25T08:16:34.620851,gateio,0.01859,0.01861,1902.0,840.0
2025-07-25T08:16:34.629557,bybit,0.0186,0.0,167572.0,0.0
2025-07-25T08:16:34.644244,bitget,0.01859,0.01861,235828.0,144311.0
2025-07-25T08:16:34.685635,okx,0.01861,0.01863,166323.65,27814.46
2025-07-25T08:16:34.729736,bybit,0.0,0.01861,0.0,74015.0
2025-07-25T08:16:34.769139,gateio,0.01859,0.01861,2607.0,840.0
2025-07-25T08:16:34.785155,bitget,0.0186,0.01861,5069.0,80869.0
2025-07-25T08:16:34.791387,gateio,0.01859,0.01861,705.0,840.0
2025-07-25T08:16:34.829676,bybit,0.0186,0.0,103226.0,0.0
2025-07-25T08:16:34.879348,gateio,0.018589,0.01861,10101.0,840.0
2025-07-25T08:16:34.896030,okx,0.01861,0.01863,194884.53,39932.91
2025-07-25T08:16:34.911954,bingx,0.01861,0.01863,15074.94,8892.62
2025-07-25T08:16:34.929334,bybit,0.0186,0.0,92477.0,0.0
2025-07-25T08:16:34.936255,bitget,0.0186,0.01861,60000.0,144311.0
2025-07-25T08:16:34.937331,binance,0.01864,0.01864,0.0,0.0
2025-07-25T08:16:35.001095,gateio,0.01859,0.01861,1902.0,840.0
2025-07-25T08:16:35.011942,huobi,0.018517,0.018606,35641.1406,5903.4
2025-07-25T08:16:35.029143,bybit,0.0186,0.0,167572.0,0.0
2025-07-25T08:16:35.082653,blofin,0.01859,0.0186,1.0,17556.0
2025-07-25T08:16:35.085386,bitget,0.0186,0.01861,60000.0,144311.0
2025-07-25T08:16:35.129910,bybit,0.0186,0.0,187572.0,0.0
2025-07-25T08:16:35.166363,lbank,0.01862,0.01864,90667.7,38544.36
2025-07-25T08:16:35.237252,bitget,0.0186,0.01861,60000.0,80869.0
2025-07-25T08:16:35.241053,gateio,0.01859,0.01861,1902.0,1529.0
2025-07-25T08:16:35.247913,bitmart,0.01858,0.01863,20660.0,126139.0
2025-07-25T08:16:35.390984,bitget,0.0186,0.01861,60000.0,144311.0
2025-07-25T08:16:35.528706,huobi,0.018519,0.018606,35637.2915,5903.4
2025-07-25T08:16:35.535724,blofin,0.01859,0.0186,1.0,20724.0
2025-07-25T08:16:35.536207,bitget,0.0186,0.01861,60000.0,144311.0
2025-07-25T08:16:35.621642,gateio,0.01859,0.01861,1902.0,840.0
2025-07-25T08:16:35.629139,bybit,0.01861,0.01862,142400.0,50361.0
2025-07-25T08:16:35.633350,gateio,0.01859,0.018621,1902.0,1306.0
2025-07-25T08:16:35.665550,lbank,0.01862,0.01864,90667.7,38544.36
2025-07-25T08:16:35.686637,bitget,0.0186,0.01861,123442.0,13119.0
2025-07-25T08:16:35.697020,okx,0.01862,0.01863,26410.64,3059.44
2025-07-25T08:16:35.702693,gateio,0.01859,0.018622,1902.0,6339.0
2025-07-25T08:16:35.801206,okx,0.01862,0.01864,98151.89,8878.82
2025-07-25T08:16:35.808144,bingx,0.01861,0.01863,15074.94,8892.62
2025-07-25T08:16:35.829855,bybit,0.01861,0.01862,156760.0,65475.0
2025-07-25T08:16:35.837063,bitget,0.0186,0.01861,229178.0,13119.0
2025-07-25T08:16:35.929212,bybit,0.01861,0.0,157137.0,0.0
2025-07-25T08:16:35.937452,binance,0.01864,0.01864,0.0,0.0
2025-07-25T08:16:35.953402,okx,0.01862,0.01864,98151.89,32491.32
2025-07-25T08:16:35.986417,bitget,0.0186,0.01861,231050.0,13119.0
2025-07-25T08:16:36.029995,bybit,0.01861,0.01862,168132.0,63187.0
2025-07-25T08:16:36.041412,gateio,0.01859,0.018629,1902.0,215.0
2025-07-25T08:16:36.054899,gateio,0.018601,0.018629,6339.0,215.0
2025-07-25T08:16:36.061955,blofin,0.01858,0.0186,25026.0,4047.0
2025-07-25T08:16:36.066672,gateio,0.018602,0.01863,1902.0,1306.0
2025-07-25T08:16:36.091146,okx,0.01862,0.01864,130602.27,6759.8
2025-07-25T08:16:36.108946,gateio,0.018602,0.01863,1902.0,1995.0
2025-07-25T08:16:36.110520,bingx,0.01861,0.01865,175396.07,35939.61
2025-07-25T08:16:36.118257,huobi,0.018521,0.018606,35633.4432,5903.4
2025-07-25T08:16:36.129228,bybit,0.01861,0.0,210737.0,0.0
2025-07-25T08:16:36.136575,bitget,0.01861,0.01862,20722.0,498974.0
2025-07-25T08:16:36.204453,lbank,0.01862,0.01864,90667.7,38544.36
2025-07-25T08:16:36.231376,bybit,0.01861,0.01862,221481.0,41864.0
2025-07-25T08:16:36.256104,bitmart,0.01858,0.01865,151722.0,167560.0
2025-07-25T08:16:36.259542,mexc,0.0186,0.01861,25166640.0,25166640.0
2025-07-25T08:16:36.286198,bitget,0.01861,0.01862,60722.0,79452.0
2025-07-25T08:16:36.295426,okx,0.01863,0.01864,23629.86,3069.8
2025-07-25T08:16:36.397505,okx,0.01863,0.01864,23629.86,2788.82
2025-07-25T08:16:36.428920,bybit,0.0,0.01862,0.0,26750.0
2025-07-25T08:16:36.436397,bitget,0.01861,0.01862,124164.0,79452.0
2025-07-25T08:16:36.523716,okx,0.01863,0.01864,26410.64,10.36
2025-07-25T08:16:36.529940,bybit,0.01862,0.01863,62288.0,87461.0
2025-07-25T08:16:36.546602,blofin,0.01858,0.0186,25026.0,4047.0
2025-07-25T08:16:36.586316,bitget,0.01861,0.01862,124164.0,19452.0
2025-07-25T08:16:36.615213,huobi,0.018523,0.018606,35629.5957,5903.4
2025-07-25T08:16:36.629262,bybit,0.01862,0.01863,79359.0,101534.0
2025-07-25T08:16:36.666725,lbank,0.01862,0.01864,90667.7,38544.36
2025-07-25T08:16:36.697073,gateio,0.018602,0.01863,2607.0,1995.0
2025-07-25T08:16:36.709083,bingx,0.01862,0.01865,175396.07,35939.61
2025-07-25T08:16:36.737060,bitget,0.01861,0.01862,231772.0,19452.0
2025-07-25T08:16:36.887770,bitget,0.01861,0.01862,231772.0,19452.0
2025-07-25T08:16:36.937746,binance,0.01862,0.01862,0.0,0.0
2025-07-25T08:16:37.012685,gateio,0.018602,0.01863,2607.0,689.0
2025-07-25T08:16:37.029297,bybit,0.01862,0.01863,79735.0,102009.0
2025-07-25T08:16:37.043433,bitget,0.01861,0.01862,231772.0,11702.0
2025-07-25T08:16:37.060934,blofin,0.01859,0.01861,20549.0,66849.0
2025-07-25T08:16:37.113291,huobi,0.018525,0.018606,35625.749,5903.4
2025-07-25T08:16:37.130337,bybit,0.01862,0.0,79359.0,0.0
2025-07-25T08:16:37.141879,gateio,0.018602,0.01863,2607.0,16940.0
2025-07-25T08:16:37.187565,bitget,0.01861,0.01862,231772.0,11702.0
2025-07-25T08:16:37.196572,bitmart,0.01858,0.01865,147955.0,167560.0
2025-07-25T08:16:37.212969,huobi,0.018527,0.018606,35621.9032,5903.4
2025-07-25T08:16:37.312243,huobi,0.018529,0.018606,35618.0582,5903.4
2025-07-25T08:16:37.338115,bitget,0.01861,0.01862,231772.0,11702.0
2025-07-25T08:16:37.486434,bitget,0.01861,0.01862,231772.0,11702.0
2025-07-25T08:16:37.544393,blofin,0.01859,0.01861,20549.0,66849.0
2025-07-25T08:16:37.608933,bingx,0.01862,0.01865,175396.07,35939.61
2025-07-25T08:16:37.616742,huobi,0.01853,0.018606,155210.6592,5903.4
2025-07-25T08:16:37.629262,bybit,0.01862,0.0,19359.0,0.0
2025-07-25T08:16:37.637342,bitget,0.01861,0.01862,231772.0,11702.0
2025-07-25T08:16:37.711641,huobi,0.018531,0.018606,35614.2141,5903.4
2025-07-25T08:16:37.786766,bitget,0.01861,0.01862,229900.0,11702.0
2025-07-25T08:16:37.828992,bybit,0.0,0.01863,0.0,107381.0
2025-07-25T08:16:37.912773,huobi,0.018535,0.018606,35606.5282,5903.4
2025-07-25T08:16:37.937507,bitget,0.01861,0.01862,231772.0,11702.0
2025-07-25T08:16:37.939176,binance,0.01862,0.01862,0.0,0.0
2025-07-25T08:16:38.073283,blofin,0.0186,0.01861,66894.0,66409.0
2025-07-25T08:16:38.091364,bitget,0.01861,0.01862,231772.0,11702.0
2025-07-25T08:16:38.129487,bybit,0.0,0.01863,0.0,147757.0
2025-07-25T08:16:38.194973,gateio,0.018602,0.01863,3107.0,16940.0
2025-07-25T08:16:38.214725,gateio,0.018603,0.01863,500.0,16940.0
2025-07-25T08:16:38.229736,bybit,0.0,0.0,0.0,0.0
2025-07-25T08:16:38.238271,bitget,0.01861,0.01862,229900.0,11702.0
2025-07-25T08:16:38.245000,bitmart,0.01859,0.01864,170522.0,30024.0
2025-07-25T08:16:38.311962,huobi,0.018536,0.018606,155210.6592,5903.4
2025-07-25T08:16:38.330940,bybit,0.0,0.01863,0.0,108385.0
2025-07-25T08:16:38.387703,bitget,0.01861,0.01862,229900.0,11702.0
2025-07-25T08:16:38.414912,huobi,0.018537,0.018606,35602.6866,5903.4
2025-07-25T08:16:38.429135,bybit,0.01861,0.01862,231065.0,116942.0
2025-07-25T08:16:38.458719,gateio,0.018603,0.018622,500.0,6339.0
2025-07-25T08:16:38.475448,gateio,0.018603,0.018622,500.0,7028.0
2025-07-25T08:16:38.494542,gateio,0.018603,0.018622,500.0,689.0
2025-07-25T08:16:38.499872,okx,0.01862,0.01864,67782.28,15421.73
2025-07-25T08:16:38.516310,bingx,0.01862,0.01865,175396.07,35939.61
2025-07-25T08:16:38.529097,bybit,0.01861,0.01862,255867.0,42801.0
2025-07-25T08:16:38.543390,bitget,0.01861,0.01862,53119.0,135144.0
2025-07-25T08:16:38.565519,blofin,0.0186,0.01862,66900.0,15.0
2025-07-25T08:16:38.602110,okx,0.01863,0.01864,26410.64,10.36
2025-07-25T08:16:38.626241,mexc,0.0186,0.01861,25166640.0,25166640.0
2025-07-25T08:16:38.629344,bybit,0.01862,0.01863,95687.0,129394.0
2025-07-25T08:16:38.689047,bitget,0.01861,0.01862,53119.0,71702.0
2025-07-25T08:16:38.818129,bingx,0.01862,0.01865,175396.07,35939.61
2025-07-25T08:16:38.843672,bitget,0.01861,0.01862,222297.0,11702.0
2025-07-25T08:16:38.937659,binance,0.01862,0.01862,0.0,0.0
2025-07-25T08:16:38.987561,bitget,0.01861,0.01862,222297.0,11702.0
2025-07-25T08:16:39.045414,blofin,0.0186,0.01862,66900.0,15.0
2025-07-25T08:16:39.212857,huobi,0.018538,0.018606,155210.6592,5903.4
2025-07-25T08:16:39.250699,bitmart,0.01858,0.01864,58666.0,3755.0
2025-07-25T08:16:39.287876,bitget,0.01861,0.01862,222297.0,11702.0
2025-07-25T08:16:39.325412,huobi,0.018539,0.018606,36200.411,5903.4
2025-07-25T08:16:39.329466,bybit,0.01862,0.01863,31111.0,130398.0
2025-07-25T08:16:39.439018,bitget,0.01861,0.01862,222297.0,71702.0
2025-07-25T08:16:39.497542,okx,0.01863,0.01864,23629.86,2791.14
2025-07-25T08:16:39.530168,bybit,0.0,0.01863,0.0,135712.0
2025-07-25T08:16:39.559859,blofin,0.0186,0.01861,6.0,4.0
2025-07-25T08:16:39.588004,bitget,0.01861,0.01862,222297.0,71702.0
2025-07-25T08:16:39.724688,bingx,0.01862,0.01865,175396.07,35939.61
2025-07-25T08:16:39.732341,bybit,0.0,0.01863,0.0,135832.0
2025-07-25T08:16:39.742027,bitget,0.01861,0.01862,222297.0,71702.0
2025-07-25T08:16:39.937612,binance,0.01862,0.01862,0.0,0.0
2025-07-25T08:16:40.029547,bybit,0.0,0.01863,0.0,195832.0
2025-07-25T08:16:40.038967,bitget,0.01861,0.01862,222297.0,71702.0
2025-07-25T08:16:40.058713,blofin,0.0186,0.01861,6.0,4.0
2025-07-25T08:16:40.184651,bitmart,0.01859,0.01864,73318.0,58959.0
2025-07-25T08:16:40.188318,bitget,0.01861,0.01862,222297.0,71702.0
2025-07-25T08:16:40.192524,okx,0.01863,0.01864,13629.86,2791.14
2025-07-25T08:16:40.304613,okx,0.01863,0.01865,13629.86,42457.84
2025-07-25T08:16:40.329010,bingx,0.01862,0.01865,175396.07,35939.61
2025-07-25T08:16:40.329267,bybit,0.0,0.01863,0.0,134828.0
2025-07-25T08:16:40.338464,bitget,0.01861,0.01862,222297.0,71702.0
2025-07-25T08:16:40.387278,lbank,0.01862,0.01864,90667.7,38544.36
2025-07-25T08:16:40.419205,okx,0.01863,0.01865,16410.64,75173.98
2025-07-25T08:16:40.435312,bybit,0.0,0.01863,0.0,145942.0
2025-07-25T08:16:40.488268,bitget,0.01861,0.01862,222297.0,71702.0
2025-07-25T08:16:40.503545,okx,0.01863,0.01865,16410.64,75454.96
2025-07-25T08:16:40.542112,blofin,0.0186,0.01862,13808.0,41422.0
2025-07-25T08:16:40.621156,bingx,0.01862,0.01866,175396.07,35939.61
2025-07-25T08:16:40.629426,bybit,0.01862,0.0,31231.0,0.0
2025-07-25T08:16:40.638664,bitget,0.01861,0.01862,222297.0,71702.0
2025-07-25T08:16:40.647839,okx,0.01863,0.01865,26410.64,75454.96
2025-07-25T08:16:40.788467,bitget,0.01861,0.01862,222297.0,71702.0
2025-07-25T08:16:40.929333,bybit,0.0,0.01863,0.0,151939.0
2025-07-25T08:16:40.937413,binance,0.01862,0.01862,0.0,0.0
2025-07-25T08:16:40.988657,mexc,0.0186,0.01861,25166640.0,25166640.0
2025-07-25T08:16:41.029678,bybit,0.0,0.01863,0.0,211939.0
2025-07-25T08:16:41.056015,blofin,0.0186,0.01862,11.0,41421.0
2025-07-25T08:16:41.088821,bitget,0.01861,0.01862,222297.0,71702.0
2025-07-25T08:16:41.130955,bybit,0.0,0.0,0.0,0.0
2025-07-25T08:16:41.159208,gateio,0.018603,0.018622,500.0,16940.0
2025-07-25T08:16:41.164609,lbank,0.01862,0.01864,90667.7,38544.36
2025-07-25T08:16:41.229587,bybit,0.01862,0.0,120.0,0.0
2025-07-25T08:16:41.236300,bitmart,0.01859,0.01864,34211.0,35783.0
2025-07-25T08:16:41.238927,bitget,0.01861,0.01862,222297.0,71702.0
2025-07-25T08:16:41.329608,bybit,0.0,0.01863,0.0,217308.0
2025-07-25T08:16:41.389256,bitget,0.01861,0.01862,116561.0,71702.0
2025-07-25T08:16:41.526483,bingx,0.01862,0.01866,175396.07,35939.61
2025-07-25T08:16:41.539189,bitget,0.01861,0.01862,116561.0,71702.0
2025-07-25T08:16:41.556310,blofin,0.0186,0.01862,11.0,41421.0
2025-07-25T08:16:41.663888,lbank,0.01862,0.01864,90667.7,38544.36
2025-07-25T08:16:41.689312,bitget,0.01861,0.01862,116561.0,71702.0
2025-07-25T08:16:41.845766,bitget,0.01861,0.01862,116561.0,71702.0
2025-07-25T08:16:41.855554,gateio,0.018603,0.01862,500.0,500.0
2025-07-25T08:16:41.890944,gateio,0.0186,0.01862,500.0,500.0
2025-07-25T08:16:41.895687,okx,0.01862,0.01865,112424.85,119776.29
2025-07-25T08:16:41.912810,huobi,0.018542,0.018606,155210.6592,5903.4
2025-07-25T08:16:41.933575,bybit,0.0186,0.01861,179259.0,52632.0
2025-07-25T08:16:41.937868,binance,0.01862,0.01862,0.0,0.0
2025-07-25T08:16:41.952470,gateio,0.0186,0.01862,500.0,4726.0
2025-07-25T08:16:41.989479,bitget,0.0186,0.01861,126084.0,124141.0
2025-07-25T08:16:42.001194,okx,0.01862,0.01864,17618.42,6478.56
2025-07-25T08:16:42.012345,huobi,0.018483,0.018606,35706.7035,5903.4
2025-07-25T08:16:42.029947,bybit,0.0186,0.01861,93186.0,44970.0
2025-07-25T08:16:42.065072,blofin,0.0186,0.01862,4362.0,43270.0
2025-07-25T08:16:42.096089,okx,0.01861,0.01864,138268.86,114546.47
2025-07-25T08:16:42.111049,huobi,0.018524,0.018606,36229.2375,5903.4
2025-07-25T08:16:42.129633,bybit,0.0186,0.01861,107264.0,59089.0
2025-07-25T08:16:42.139855,bitget,0.01859,0.01861,328226.0,491695.0
2025-07-25T08:16:42.164443,lbank,0.01862,0.01864,90667.7,38544.36
2025-07-25T08:16:42.168326,gateio,0.018593,0.018619,500.0,500.0
2025-07-25T08:16:42.229446,bybit,0.0186,0.01861,171610.0,56801.0
2025-07-25T08:16:42.234893,gateio,0.018588,0.018619,3714.0,500.0
2025-07-25T08:16:42.257286,gateio,0.018589,0.018619,500.0,500.0
2025-07-25T08:16:42.259904,bitmart,0.01856,0.01863,56034.0,39158.0
2025-07-25T08:16:42.289887,bitget,0.01859,0.01861,202210.0,540864.0
2025-07-25T08:16:42.313553,huobi,0.018526,0.018606,35623.826,5903.4
2025-07-25T08:16:42.360958,okx,0.01862,0.01864,26422.6,91841.94
2025-07-25T08:16:42.411280,huobi,0.018528,0.018606,35619.9806,5903.4
2025-07-25T08:16:42.428689,bingx,0.01861,0.01864,175396.07,35939.61
2025-07-25T08:16:42.429252,bybit,0.0186,0.01861,107264.0,217230.0
2025-07-25T08:16:42.445415,bitget,0.0186,0.01861,60000.0,538992.0
2025-07-25T08:16:42.448615,gateio,0.018589,0.018618,500.0,1306.0
2025-07-25T08:16:42.517576,huobi,0.018526,0.018606,65690.2527,5903.4
2025-07-25T08:16:42.529547,bybit,0.0186,0.01861,89041.0,43059.0
2025-07-25T08:16:42.532627,gateio,0.018589,0.018609,500.0,6339.0
2025-07-25T08:16:42.554294,blofin,0.01858,0.0186,18339.0,26520.0
2025-07-25T08:16:42.556722,gateio,0.018589,0.018609,500.0,7868.0
2025-07-25T08:16:42.590368,bitget,0.01859,0.01861,219048.0,540864.0
2025-07-25T08:16:42.613038,okx,0.01861,0.01864,135868.86,11841.94
2025-07-25T08:16:42.629184,bybit,0.0186,0.01861,147250.0,42682.0
2025-07-25T08:16:42.639013,gateio,0.018589,0.018609,500.0,1529.0
2025-07-25T08:16:42.667150,lbank,0.01862,0.01864,90667.7,38544.36
2025-07-25T08:16:42.707181,okx,0.01861,0.01863,28345.45,32993.44
2025-07-25T08:16:42.721627,huobi,0.018526,0.018606,101314.0787,5903.4
2025-07-25T08:16:42.729888,bybit,0.0186,0.0,89041.0,0.0
2025-07-25T08:16:42.734164,bingx,0.01861,0.01865,175396.07,35939.61
2025-07-25T08:16:42.739970,bitget,0.01859,0.01861,262210.0,540864.0
2025-07-25T08:16:42.829443,bybit,0.0186,0.01861,105662.0,59621.0
2025-07-25T08:16:42.891316,bitget,0.01859,0.01861,262210.0,540864.0
2025-07-25T08:16:42.937255,binance,0.01862,0.01862,0.0,0.0
2025-07-25T08:16:43.029247,bybit,0.0,0.01861,0.0,60670.0
2025-07-25T08:16:43.040202,bingx,0.01861,0.01863,175396.07,35939.61
2025-07-25T08:16:43.040406,bitget,0.01859,0.01861,262210.0,540864.0
2025-07-25T08:16:43.057553,okx,0.01861,0.01863,28345.45,6761.48
2025-07-25T08:16:43.063614,blofin,0.01858,0.0186,18339.0,26520.0
2025-07-25T08:16:43.129043,bybit,0.0,0.01861,0.0,60293.0
2025-07-25T08:16:43.164368,lbank,0.01861,0.01863,193404.5,26703.36
2025-07-25T08:16:43.166847,okx,0.01861,0.01863,25566.99,6761.48
2025-07-25T08:16:43.190147,bitget,0.01859,0.01861,262210.0,543551.0
2025-07-25T08:16:43.259108,bitmart,0.01856,0.01863,69020.0,64105.0
2025-07-25T08:16:43.265847,okx,0.01861,0.01863,18535.93,6761.48
2025-07-25T08:16:43.340062,bitget,0.01859,0.01861,262210.0,543551.0
2025-07-25T08:16:43.381327,mexc,0.01859,0.0186,25166640.0,25166640.0
2025-07-25T08:16:43.490412,bitget,0.0186,0.01861,60000.0,543551.0
2025-07-25T08:16:43.529146,bybit,0.0,0.01861,0.0,59665.0
2025-07-25T08:16:43.553824,blofin,0.01858,0.0186,19432.0,18204.0
2025-07-25T08:16:43.596663,okx,0.01861,0.01863,28535.93,6761.48
2025-07-25T08:16:43.640600,bitget,0.0186,0.01861,60000.0,543551.0
2025-07-25T08:16:43.662896,gateio,0.01859,0.018609,6339.0,689.0
2025-07-25T08:16:43.664875,lbank,0.01861,0.01863,193404.5,26703.36
2025-07-25T08:16:43.674843,gateio,0.018591,0.018609,2402.0,689.0
2025-07-25T08:16:43.695047,gateio,0.018592,0.018609,500.0,689.0
2025-07-25T08:16:43.713641,huobi,0.018527,0.018606,601.5653,5903.4
2025-07-25T08:16:43.729299,bybit,0.0186,0.0,170008.0,0.0
2025-07-25T08:16:43.757125,gateio,0.018592,0.018618,500.0,1306.0
2025-07-25T08:16:43.790391,bitget,0.0186,0.01861,123442.0,475550.0
2025-07-25T08:16:43.812575,huobi,0.018528,0.018606,35619.9806,5903.4
2025-07-25T08:16:43.814726,gateio,0.018592,0.018618,500.0,1995.0
2025-07-25T08:16:43.830701,bybit,0.0186,0.01861,194194.0,59664.0
2025-07-25T08:16:43.855610,okx,0.01862,0.01863,26407.44,280.98
2025-07-25T08:16:43.913661,huobi,0.01853,0.018606,35616.136,5903.4
2025-07-25T08:16:43.934646,bingx,0.01861,0.01863,175396.07,35939.61
2025-07-25T08:16:43.938890,binance,0.01862,0.01862,0.0,0.0
2025-07-25T08:16:43.940490,bitget,0.0186,0.01861,123442.0,475550.0
2025-07-25T08:16:43.993979,okx,0.01862,0.01864,26407.44,11560.96
2025-07-25T08:16:44.057864,blofin,0.01858,0.0186,30225.0,12119.0
2025-07-25T08:16:44.090661,bitget,0.0186,0.01861,123442.0,236752.0
2025-07-25T08:16:44.095051,okx,0.01862,0.01864,26407.44,11841.94
2025-07-25T08:16:44.160737,gateio,0.018592,0.018618,500.0,2495.0
2025-07-25T08:16:44.164639,lbank,0.01861,0.01863,193404.5,26703.36
2025-07-25T08:16:44.188187,bitmart,0.01858,0.01863,62702.0,62427.0
2025-07-25T08:16:44.210995,huobi,0.018532,0.018606,35612.2923,5903.4
2025-07-25T08:16:44.228909,bybit,0.0,0.01861,0.0,32914.0
2025-07-25T08:16:44.234135,bingx,0.01861,0.01865,175396.07,35939.61
2025-07-25T08:16:44.240480,bitget,0.0186,0.01861,123442.0,236752.0
2025-07-25T08:16:44.310324,huobi,0.018532,0.018606,35612.2923,5903.4
2025-07-25T08:16:44.329176,bybit,0.0,0.01861,0.0,15975.0
2025-07-25T08:16:44.391182,bitget,0.0186,0.01861,123442.0,236752.0
2025-07-25T08:16:44.429059,bybit,0.01861,0.01862,26750.0,112713.0
2025-07-25T08:16:44.440864,gateio,0.018592,0.018618,4726.0,2495.0
2025-07-25T08:16:44.451014,gateio,0.018593,0.018618,1418.0,2495.0
2025-07-25T08:16:44.462719,gateio,0.018593,0.018618,2123.0,1189.0
2025-07-25T08:16:44.511230,huobi,0.018535,0.018606,601.5653,5903.4
2025-07-25T08:16:44.529603,bybit,0.01861,0.01862,42824.0,128976.0
2025-07-25T08:16:44.541768,bitget,0.0186,0.01862,125314.0,1320708.0
2025-07-25T08:16:44.548767,gateio,0.018593,0.018618,2123.0,2029.0
2025-07-25T08:16:44.560933,blofin,0.01858,0.0186,49997.0,3.0
2025-07-25T08:16:44.578973,okx,0.01862,0.01864,10432.44,11841.94
2025-07-25T08:16:44.610701,huobi,0.018525,0.018606,35625.749,5903.4
2025-07-25T08:16:44.628982,bybit,0.01861,0.01862,16074.0,129980.0
2025-07-25T08:16:44.664949,lbank,0.01861,0.01863,193404.5,26703.36
2025-07-25T08:16:44.682918,okx,0.01862,0.01864,12777.58,11841.94
2025-07-25T08:16:44.691087,bitget,0.0186,0.01862,135973.0,1203777.0
2025-07-25T08:16:44.713686,huobi,0.018529,0.018606,35618.0582,5903.4
2025-07-25T08:16:44.829263,bybit,0.0,0.0,0.0,0.0
2025-07-25T08:16:44.841560,bitget,0.0186,0.01862,135973.0,1206463.0
2025-07-25T08:16:44.937690,binance,0.01862,0.01862,0.0,0.0
2025-07-25T08:16:44.991525,bitget,0.0186,0.01862,135973.0,1206463.0
2025-07-25T08:16:45.060984,blofin,0.01858,0.0186,49997.0,3.0
2025-07-25T08:16:45.112170,huobi,0.018529,0.018606,35618.0582,5903.4
2025-07-25T08:16:45.134875,gateio,0.018594,0.018618,500.0,2029.0
2025-07-25T08:16:45.141138,bitget,0.0186,0.01862,135973.0,1206463.0
2025-07-25T08:16:45.143496,bingx,0.01861,0.01865,175396.07,35939.61
2025-07-25T08:16:45.162006,lbank,0.01861,0.01863,193404.5,26703.36
2025-07-25T08:16:45.180219,gateio,0.018594,0.018618,1232.0,18280.0
2025-07-25T08:16:45.223935,bitmart,0.01857,0.01864,55843.0,63358.0
2025-07-25T08:16:45.291496,bitget,0.0186,0.01862,135973.0,1206463.0
2025-07-25T08:16:45.443140,bitget,0.0186,0.01861,135973.0,60000.0
2025-07-25T08:16:45.455056,gateio,0.018594,0.018618,1232.0,17780.0
2025-07-25T08:16:45.561402,blofin,0.01858,0.0186,49997.0,7.0
2025-07-25T08:16:45.591776,bitget,0.0186,0.01861,135973.0,60000.0
2025-07-25T08:16:45.605463,okx,0.01862,0.01865,12777.58,163339.23
2025-07-25T08:16:45.742706,bitget,0.0186,0.01861,135973.0,11702.0
2025-07-25T08:16:45.759235,okx,0.01862,0.01864,76118.83,6471.94
2025-07-25T08:16:45.760397,mexc,0.0186,0.01861,25166640.0,25166640.0
2025-07-25T08:16:45.829851,bybit,0.01861,0.01862,42824.0,69980.0
2025-07-25T08:16:45.891197,bitget,0.0186,0.01861,135973.0,11702.0
2025-07-25T08:16:45.912026,huobi,0.018531,0.018606,35614.2141,5903.4
2025-07-25T08:16:45.937297,binance,0.01862,0.01862,0.0,0.0
2025-07-25T08:16:46.030332,bybit,0.01861,0.01862,102824.0,68976.0
2025-07-25T08:16:46.041442,bitget,0.0186,0.01861,135973.0,11702.0
2025-07-25T08:16:46.043740,bingx,0.01862,0.01864,23766.69,10657.74
2025-07-25T08:16:46.069928,blofin,0.01858,0.0186,63539.0,7.0
2025-07-25T08:16:46.129001,bybit,0.01861,0.0,42824.0,0.0
2025-07-25T08:16:46.164471,lbank,0.01861,0.01863,193404.5,26703.36
2025-07-25T08:16:46.192956,bitget,0.0186,0.01861,135973.0,11702.0
2025-07-25T08:16:46.211346,huobi,0.018532,0.018606,86610.2527,5903.4
2025-07-25T08:16:46.229222,bybit,0.0,0.01862,0.0,69980.0
2025-07-25T08:16:46.239882,bitmart,0.01857,0.01863,55843.0,31025.0
2025-07-25T08:16:46.320198,huobi,0.018533,0.018606,35610.3707,5903.4
2025-07-25T08:16:46.329179,bybit,0.0,0.01862,0.0,68976.0
2025-07-25T08:16:46.342154,bitget,0.0186,0.01861,135973.0,11702.0
2025-07-25T08:16:46.429089,bybit,0.01861,0.0,43201.0,0.0
2025-07-25T08:16:46.454337,okx,0.01863,0.01864,12774.52,6464.52
2025-07-25T08:16:46.492372,bitget,0.0186,0.01861,243581.0,11702.0
2025-07-25T08:16:46.555648,blofin,0.01858,0.0186,63539.0,7.0
2025-07-25T08:16:46.629876,bybit,0.01861,0.0,42824.0,0.0
2025-07-25T08:16:46.642981,bitget,0.0186,0.01861,241709.0,11702.0
2025-07-25T08:16:46.665022,lbank,0.01861,0.01863,193404.5,26703.36
2025-07-25T08:16:46.692825,gateio,0.018596,0.018618,4377.0,17780.0
2025-07-25T08:16:46.699334,okx,0.01863,0.01864,2774.52,6464.52
2025-07-25T08:16:46.795161,bitget,0.0186,0.01861,241709.0,11702.0
2025-07-25T08:16:46.914472,huobi,0.018535,0.018606,35606.5282,5903.4
2025-07-25T08:16:46.941543,binance,0.01862,0.01862,0.0,0.0
2025-07-25T08:16:46.946490,bitget,0.0186,0.01861,241709.0,11702.0
2025-07-25T08:16:46.952200,bingx,0.01862,0.01865,23766.69,10657.74
2025-07-25T08:16:47.012697,gateio,0.018597,0.018618,500.0,17780.0
2025-07-25T08:16:47.030152,bybit,0.01861,0.0,82824.0,0.0
2025-07-25T08:16:47.069036,blofin,0.01859,0.0186,59879.0,5.0
2025-07-25T08:16:47.118922,huobi,0.018537,0.018606,35602.6866,5903.4
2025-07-25T08:16:47.131387,bybit,0.01861,0.0,83201.0,0.0
2025-07-25T08:16:47.164660,lbank,0.01861,0.01863,193404.5,26703.36
2025-07-25T08:16:47.196122,okx,0.01863,0.01864,2774.52,2774.52
2025-07-25T08:16:47.246050,bitget,0.0186,0.01862,241709.0,550313.0
2025-07-25T08:16:47.251189,bitmart,0.01858,0.01863,58288.0,19406.0
2025-07-25T08:16:47.329503,bybit,0.01861,0.0,83829.0,0.0
2025-07-25T08:16:47.393776,bitget,0.01861,0.01862,5069.0,431478.0
2025-07-25T08:16:47.543731,bitget,0.01861,0.01862,45069.0,431478.0
2025-07-25T08:16:47.547066,blofin,0.01859,0.01861,59883.0,89.0
2025-07-25T08:16:47.554606,okx,0.01863,0.01864,12774.52,2774.52
2025-07-25T08:16:47.665525,lbank,0.01861,0.01863,193404.5,26703.36
2025-07-25T08:16:47.692444,bitget,0.01861,0.01862,45069.0,431478.0
2025-07-25T08:16:47.843187,bitget,0.01861,0.01862,45069.0,431478.0
2025-07-25T08:16:47.846653,bingx,0.01862,0.01865,23766.69,10657.74
2025-07-25T08:16:47.929347,bybit,0.01861,0.0,103829.0,0.0
2025-07-25T08:16:47.937705,binance,0.01862,0.01862,0.0,0.0
2025-07-25T08:16:47.992504,bitget,0.01861,0.01862,45069.0,431478.0
2025-07-25T08:16:48.034810,gateio,0.018615,0.018618,17.0,17780.0
2025-07-25T08:16:48.046747,blofin,0.01859,0.01861,59883.0,89.0
2025-07-25T08:16:48.113758,huobi,0.018538,0.018606,601.5653,5903.4
2025-07-25T08:16:48.117652,okx,0.01863,0.01864,12774.52,5456.92
2025-07-25T08:16:48.136738,mexc,0.0186,0.01861,25166640.0,25166640.0
2025-07-25T08:16:48.142971,bitget,0.01861,0.01862,45069.0,431478.0
2025-07-25T08:16:48.191563,bitmart,0.01858,0.01863,63347.0,9453.0
2025-07-25T08:16:48.212889,gateio,0.018597,0.018618,500.0,17780.0
2025-07-25T08:16:48.226992,gateio,0.018597,0.018618,1205.0,17780.0
2025-07-25T08:16:48.274162,okx,0.01863,0.01864,12774.52,2774.52
2025-07-25T08:16:48.292859,bitget,0.01861,0.01862,45069.0,431478.0
2025-07-25T08:16:48.294660,gateio,0.018604,0.018618,6339.0,16251.0
2025-07-25T08:16:48.309489,gateio,0.018604,0.018618,7776.0,16251.0
2025-07-25T08:16:48.313060,huobi,0.018539,0.018606,154745.2478,5903.4
2025-07-25T08:16:48.329605,bybit,0.01861,0.01862,156801.0,32760.0
2025-07-25T08:16:48.417599,huobi,0.01854,0.018606,35596.9256,5903.4
2025-07-25T08:16:48.418996,gateio,0.018604,0.018618,1437.0,16251.0
2025-07-25T08:16:48.429085,bybit,0.01861,0.0,207835.0,0.0
2025-07-25T08:16:48.443280,bitget,0.01861,0.01862,108511.0,365350.0
2025-07-25T08:16:48.505049,okx,0.01863,0.01865,12774.52,44959.02
2025-07-25T08:16:48.530145,bybit,0.01861,0.0,172089.0,0.0
2025-07-25T08:16:48.539737,blofin,0.01859,0.01861,17299.0,13853.0
2025-07-25T08:16:48.593861,bitget,0.01861,0.01862,45069.0,428792.0
2025-07-25T08:16:48.743380,bitget,0.01861,0.01862,45069.0,428792.0
2025-07-25T08:16:48.752801,bingx,0.01862,0.01865,23766.69,10657.74
2025-07-25T08:16:48.893355,bitget,0.01861,0.01862,45069.0,428792.0
2025-07-25T08:16:48.937196,binance,0.01862,0.01862,0.0,0.0
2025-07-25T08:16:49.029205,bybit,0.0,0.01862,0.0,16497.0
2025-07-25T08:16:49.043506,bitget,0.01861,0.01862,45069.0,428792.0
2025-07-25T08:16:49.059942,bingx,0.01862,0.01866,23766.69,10657.74
2025-07-25T08:16:49.081644,blofin,0.01859,0.01861,16374.0,12.0
2025-07-25T08:16:49.194338,bitget,0.01861,0.01862,45069.0,421205.0
2025-07-25T08:16:49.203367,gateio,0.018606,0.018618,6339.0,16251.0
2025-07-25T08:16:49.215801,gateio,0.018606,0.018618,6839.0,16251.0
2025-07-25T08:16:49.229676,bybit,0.01861,0.01862,231181.0,565.0
2025-07-25T08:16:49.249965,bitmart,0.01859,0.01864,68370.0,60569.0
2025-07-25T08:16:49.315093,gateio,0.018607,0.018618,2052.0,16251.0
2025-07-25T08:16:49.317235,huobi,0.018542,0.018606,35593.086,5903.4
2025-07-25T08:16:49.323876,okx,0.01863,0.01865,12774.52,12744.75
2025-07-25T08:16:49.329378,bybit,0.01862,0.01863,19517.0,103336.0
2025-07-25T08:16:49.345092,bitget,0.01861,0.01862,128511.0,357763.0
2025-07-25T08:16:49.429266,bybit,0.01862,0.01863,80521.0,103067.0
2025-07-25T08:16:49.444205,okx,0.01863,0.01865,15899.52,12744.75
2025-07-25T08:16:49.495304,bitget,0.01861,0.01862,236119.0,54086.0
2025-07-25T08:16:49.529289,bybit,0.01862,0.0,79517.0,0.0
2025-07-25T08:16:49.560631,okx,0.01863,0.01865,15899.52,12744.75
2025-07-25T08:16:49.564994,blofin,0.01859,0.01861,16374.0,12.0
2025-07-25T08:16:49.644147,bitget,0.01861,0.01862,236119.0,54086.0
2025-07-25T08:16:49.668261,lbank,0.01861,0.01863,193404.5,26703.36
2025-07-25T08:16:49.729034,bybit,0.01862,0.01863,80521.0,103252.0
2025-07-25T08:16:49.793753,bitget,0.01861,0.01862,236119.0,54086.0
2025-07-25T08:16:49.829617,bybit,0.01862,0.0,19517.0,0.0
2025-07-25T08:16:49.929818,bybit,0.0,0.0,0.0,0.0
2025-07-25T08:16:49.937663,binance,0.01862,0.01862,0.0,0.0
2025-07-25T08:16:49.943883,bitget,0.01861,0.01862,236119.0,54086.0
2025-07-25T08:16:49.962491,bingx,0.01862,0.01866,23766.69,10657.74
2025-07-25T08:16:50.056573,blofin,0.0186,0.01861,48300.0,3.0
2025-07-25T08:16:50.107095,bitget,0.01861,0.01862,236119.0,54086.0
2025-07-25T08:16:50.116836,huobi,0.018543,0.018606,601.5653,5903.4
2025-07-25T08:16:50.196939,bitmart,0.01859,0.01864,57289.0,31521.0
2025-07-25T08:16:50.222111,huobi,0.018546,0.018606,35585.4093,5903.4
2025-07-25T08:16:50.228854,bybit,0.01862,0.0,20145.0,0.0
2025-07-25T08:16:50.243941,bitget,0.01862,0.01863,7603.0,547100.0
2025-07-25T08:16:50.245547,okx,0.01864,0.01865,21678.65,6654.75
2025-07-25T08:16:50.278765,lbank,0.01861,0.01863,193404.5,26703.36
2025-07-25T08:16:50.292853,gateio,0.018607,0.018618,16621.0,16251.0
2025-07-25T08:16:50.313244,huobi,0.018548,0.018606,93155.2478,5903.4
2025-07-25T08:16:50.314686,gateio,0.018608,0.018618,4371.0,16251.0
2025-07-25T08:16:50.329373,bybit,0.01862,0.0,19517.0,0.0
2025-07-25T08:16:50.332492,gateio,0.018608,0.018618,4871.0,16251.0
2025-07-25T08:16:50.349880,okx,0.01864,0.01865,11678.65,6654.75
2025-07-25T08:16:50.394316,bitget,0.01862,0.01863,47603.0,440355.0
2025-07-25T08:16:50.429159,bybit,0.01862,0.0,20521.0,0.0
2025-07-25T08:16:50.468906,okx,0.01864,0.01865,2775.36,5454.75
2025-07-25T08:16:50.508493,mexc,0.0186,0.01861,25166640.0,25166640.0
2025-07-25T08:16:50.529179,bybit,0.0,0.0,0.0,0.0
2025-07-25T08:16:50.544244,bitget,0.01862,0.01863,47603.0,440355.0
2025-07-25T08:16:50.547755,blofin,0.0186,0.01862,48300.0,17.0
2025-07-25T08:16:50.662262,lbank,0.01863,0.01865,45048.14,86337.96
2025-07-25T08:16:50.694514,bitget,0.01862,0.01863,47603.0,440355.0
2025-07-25T08:16:50.829594,bybit,0.01862,0.0,32476.0,0.0
2025-07-25T08:16:50.844399,bitget,0.01862,0.01863,47603.0,440355.0
2025-07-25T08:16:50.856040,bingx,0.01863,0.01866,23766.69,10657.74
2025-07-25T08:16:50.916418,huobi,0.018549,0.018606,5946.8,5903.4
2025-07-25T08:16:50.929103,bybit,0.01862,0.0,92476.0,0.0
2025-07-25T08:16:50.937263,binance,0.01863,0.01863,0.0,0.0
2025-07-25T08:16:50.952241,okx,0.01864,0.01865,11678.65,5454.75
2025-07-25T08:16:50.995095,bitget,0.01862,0.01863,47603.0,437671.0
2025-07-25T08:16:51.056432,blofin,0.0186,0.01862,48300.0,17.0
2025-07-25T08:16:51.129330,bybit,0.01862,0.0,122476.0,0.0
2025-07-25T08:16:51.145589,bitget,0.01862,0.01863,47603.0,437671.0
2025-07-25T08:16:51.164681,lbank,0.01863,0.01865,45048.14,86337.96
2025-07-25T08:16:51.209297,bitmart,0.01859,0.01864,60732.0,384.0
2025-07-25T08:16:51.289802,gateio,0.018609,0.018618,1937.0,16251.0
2025-07-25T08:16:51.294398,bitget,0.01862,0.01863,47603.0,437671.0
2025-07-25T08:16:51.295475,okx,0.01864,0.01865,2775.36,5454.75
2025-07-25T08:16:51.310931,huobi,0.018551,0.018606,155210.6592,5903.4
2025-07-25T08:16:51.329474,bybit,0.01862,0.01863,185817.0,76502.0
2025-07-25T08:16:51.416963,huobi,0.018552,0.018606,35573.9004,5903.4
2025-07-25T08:16:51.429035,bybit,0.01862,0.01863,61472.0,103252.0
2025-07-25T08:16:51.444534,bitget,0.01862,0.01863,47603.0,383772.0
2025-07-25T08:16:51.460293,bingx,0.01863,0.01866,23766.69,10657.74
2025-07-25T08:16:51.506999,okx,0.01864,0.01865,11678.65,5454.75
2025-07-25T08:16:51.514100,huobi,0.01855,0.018606,29504.4619,5903.4
2025-07-25T08:16:51.529353,bybit,0.01862,0.0,49517.0,0.0
2025-07-25T08:16:51.554581,blofin,0.0186,0.01862,17590.0,8289.0
2025-07-25T08:16:51.594878,bitget,0.01862,0.01863,47603.0,385644.0
2025-07-25T08:16:51.660027,okx,0.01864,0.01865,2775.36,5454.75
2025-07-25T08:16:51.667336,lbank,0.01863,0.01865,45048.14,86337.96
2025-07-25T08:16:51.744996,bitget,0.01862,0.01863,40000.0,385644.0
2025-07-25T08:16:51.894908,bitget,0.01862,0.01863,40000.0,383772.0
2025-07-25T08:16:51.929069,bybit,0.01862,0.0,89517.0,0.0
2025-07-25T08:16:51.937662,binance,0.01863,0.01863,0.0,0.0
2025-07-25T08:16:52.048305,bitget,0.01862,0.01863,40000.0,383772.0
2025-07-25T08:16:52.055020,blofin,0.0186,0.01862,32456.0,1732.0
2025-07-25T08:16:52.164038,lbank,0.01863,0.01865,45048.14,86337.96
2025-07-25T08:16:52.176695,gateio,0.018609,0.018633,1937.0,500.0
2025-07-25T08:16:52.195142,bitget,0.01862,0.01863,40000.0,383772.0
2025-07-25T08:16:52.229111,bybit,0.01862,0.0,153862.0,0.0
2025-07-25T08:16:52.248540,bitmart,0.0186,0.01865,559.0,34638.0
2025-07-25T08:16:52.253031,okx,0.01864,0.01866,11678.65,289171.6
2025-07-25T08:16:52.311843,huobi,0.01855,0.018606,36179.3012,5903.4
2025-07-25T08:16:52.345225,bitget,0.01862,0.01863,60000.0,383772.0
2025-07-25T08:16:52.357706,okx,0.01864,0.01866,11678.65,291851.13
2025-07-25T08:16:52.361144,bingx,0.01863,0.01866,23766.69,10657.74
2025-07-25T08:16:52.429320,bybit,0.0,0.01863,0.0,16087.0
2025-07-25T08:16:52.493869,okx,0.01864,0.01866,21678.65,188398.76
2025-07-25T08:16:52.494984,bitget,0.01862,0.01863,61872.0,312613.0
2025-07-25T08:16:52.559373,blofin,0.0186,0.01862,32456.0,1732.0
2025-07-25T08:16:52.629801,bybit,0.01863,0.01864,16921.0,287341.0
2025-07-25T08:16:52.645109,bitget,0.01862,0.01863,60000.0,376055.0
2025-07-25T08:16:52.665517,lbank,0.01863,0.01865,45048.14,86337.96
2025-07-25T08:16:52.685532,bingx,0.01863,0.01867,23766.69,10657.74
2025-07-25T08:16:52.705257,okx,0.01864,0.01866,5591.65,183994.26
2025-07-25T08:16:52.729854,bybit,0.0,0.01864,0.0,327735.0
2025-07-25T08:16:52.795991,bitget,0.01862,0.01863,60000.0,376055.0
2025-07-25T08:16:52.801632,okx,0.01864,0.01865,5591.65,2775.62
2025-07-25T08:16:52.875811,mexc,0.0186,0.01861,25166640.0,25166640.0
2025-07-25T08:16:52.904726,okx,0.01864,0.01865,8368.99,8367.27
2025-07-25T08:16:52.929433,bybit,0.0,0.01864,0.0,292654.0
2025-07-25T08:16:52.937325,binance,0.01863,0.01863,0.0,0.0
2025-07-25T08:16:52.945889,bitget,0.01862,0.01863,60000.0,376055.0
2025-07-25T08:16:53.052143,blofin,0.0186,0.01862,32456.0,1730.0
2025-07-25T08:16:53.095394,bitget,0.01862,0.01863,123442.0,9406.0
2025-07-25T08:16:53.096163,gateio,0.018609,0.018634,1937.0,500.0
2025-07-25T08:16:53.163541,lbank,0.01863,0.01865,187716.02,24654.12
2025-07-25T08:16:53.229760,bybit,0.0,0.01864,0.0,293282.0
2025-07-25T08:16:53.237522,bitmart,0.0186,0.01865,27325.0,30670.0
2025-07-25T08:16:53.245527,bitget,0.01862,0.01863,123442.0,372380.0
2025-07-25T08:16:53.268317,bingx,0.01863,0.01866,23766.69,10657.74
2025-07-25T08:16:53.329052,bybit,0.0,0.01864,0.0,292654.0
2025-07-25T08:16:53.394627,okx,0.01864,0.01865,8368.99,2775.62
2025-07-25T08:16:53.395530,bitget,0.01862,0.01863,123442.0,312380.0
2025-07-25T08:16:53.429045,bybit,0.0,0.01864,0.0,298648.0
2025-07-25T08:16:53.502186,okx,0.01864,0.01865,12777.34,2775.62
2025-07-25T08:16:53.529234,bybit,0.0,0.01864,0.0,298020.0
2025-07-25T08:16:53.545642,bitget,0.01862,0.01863,123442.0,312380.0
2025-07-25T08:16:53.553008,blofin,0.0186,0.01862,18724.0,4797.0
2025-07-25T08:16:53.603891,okx,0.01864,0.01865,12777.34,2775.62
2025-07-25T08:16:53.629270,bybit,0.01863,0.01864,32805.0,181890.0
2025-07-25T08:16:53.697289,bitget,0.01862,0.01863,123442.0,312380.0
2025-07-25T08:16:53.755499,okx,0.01864,0.01866,12777.34,183994.26
2025-07-25T08:16:53.846019,bitget,0.01862,0.01863,123442.0,312380.0
2025-07-25T08:16:53.915494,huobi,0.01855,0.018606,36179.3012,5903.4
2025-07-25T08:16:53.996227,bitget,0.01862,0.01863,123442.0,312380.0
2025-07-25T08:16:54.073832,blofin,0.0186,0.01862,18724.0,4797.0
2025-07-25T08:16:54.095770,okx,0.01864,0.01866,12777.34,185194.26
2025-07-25T08:16:54.148136,bitget,0.01862,0.01863,123442.0,312380.0
2025-07-25T08:16:54.163677,bingx,0.01863,0.01867,23766.69,10657.74
2025-07-25T08:16:54.165393,lbank,0.01863,0.01865,187716.02,24654.12
2025-07-25T08:16:54.229157,bybit,0.0,0.01864,0.0,182518.0
2025-07-25T08:16:54.249639,bitmart,0.0186,0.01865,62110.0,68150.0
2025-07-25T08:16:54.296562,bitget,0.01862,0.01863,123442.0,312380.0
2025-07-25T08:16:54.429139,bybit,0.0,0.01864,0.0,181890.0
2025-07-25T08:16:54.447667,bitget,0.01862,0.01863,123442.0,312380.0
2025-07-25T08:16:54.542848,blofin,0.0186,0.01862,41519.0,436.0
2025-07-25T08:16:54.596416,bitget,0.01862,0.01863,123442.0,312380.0
2025-07-25T08:16:54.666507,lbank,0.01863,0.01865,187716.02,24654.12
2025-07-25T08:16:54.746268,bitget,0.01862,0.01863,123442.0,312380.0
2025-07-25T08:16:54.896247,bitget,0.01862,0.01863,123442.0,312380.0
2025-07-25T08:16:54.911641,okx,0.01864,0.01866,2777.34,185194.26
2025-07-25T08:16:54.929327,bybit,0.0,0.01864,0.0,187203.0
2025-07-25T08:16:54.937553,binance,0.01863,0.01863,0.0,0.0
2025-07-25T08:16:55.046689,bitget,0.01862,0.01863,123442.0,312380.0
2025-07-25T08:16:55.058426,blofin,0.0186,0.01862,53325.0,432.0
2025-07-25T08:16:55.069927,bingx,0.01863,0.01867,23766.69,10657.74
2025-07-25T08:16:55.129071,bybit,0.0,0.01864,0.0,181890.0
2025-07-25T08:16:55.170765,lbank,0.01863,0.01865,187716.02,24654.12
2025-07-25T08:16:55.197464,bitget,0.01862,0.01863,123442.0,312380.0
2025-07-25T08:16:55.225816,bitmart,0.0186,0.01865,58185.0,59303.0
2025-07-25T08:16:55.292464,mexc,0.0186,0.01861,25166640.0,25166640.0
2025-07-25T08:16:55.346722,bitget,0.01862,0.01863,123442.0,352380.0
2025-07-25T08:16:55.402748,okx,0.01864,0.01866,12777.34,185194.26
2025-07-25T08:16:55.497068,bitget,0.01862,0.01863,123442.0,312380.0
2025-07-25T08:16:55.563673,blofin,0.0186,0.01862,52258.0,401.0
2025-07-25T08:16:55.651400,bitget,0.01862,0.01863,123442.0,312380.0
2025-07-25T08:16:55.665314,lbank,0.01863,0.01865,187716.02,24654.12
2025-07-25T08:16:55.796916,bitget,0.01862,0.01863,123442.0,312380.0
2025-07-25T08:16:55.928927,bybit,0.0,0.01864,0.0,187203.0
2025-07-25T08:16:55.937267,binance,0.01863,0.01863,0.0,0.0
2025-07-25T08:16:55.972920,bingx,0.01863,0.01867,23766.69,10657.74
2025-07-25T08:16:56.062468,blofin,0.0186,0.01862,52258.0,401.0
2025-07-25T08:16:56.097678,bitget,0.01862,0.01863,123442.0,312380.0
2025-07-25T08:16:56.164437,lbank,0.01863,0.01865,187716.02,24654.12
2025-07-25T08:16:56.248327,bitget,0.01862,0.01863,123442.0,312380.0
2025-07-25T08:16:56.251085,bitmart,0.0186,0.01865,58562.0,64503.0
2025-07-25T08:16:56.291640,okx,0.01864,0.01865,12777.34,1384.95
2025-07-25T08:16:56.399554,bitget,0.01862,0.01863,123442.0,312380.0
2025-07-25T08:16:56.428994,bybit,0.0,0.01864,0.0,181890.0
2025-07-25T08:16:56.528942,bybit,0.0,0.0,0.0,0.0
2025-07-25T08:16:56.547400,bitget,0.01862,0.01863,123442.0,312380.0
2025-07-25T08:16:56.547610,blofin,0.0186,0.01862,52254.0,401.0
2025-07-25T08:16:56.659406,okx,0.01864,0.01866,12777.34,166054.83
2025-07-25T08:16:56.697412,bitget,0.01862,0.01863,123442.0,312380.0
2025-07-25T08:16:56.848044,bitget,0.01862,0.01863,123442.0,312380.0
2025-07-25T08:16:56.881429,bingx,0.01863,0.01866,11499.6,166674.82
2025-07-25T08:16:56.897116,okx,0.01864,0.01866,11392.39,166054.83
2025-07-25T08:16:56.998358,bitget,0.01862,0.01863,123442.0,312380.0
2025-07-25T08:16:57.030222,bybit,0.0,0.01864,0.0,181514.0
2025-07-25T08:16:57.052690,blofin,0.0186,0.01862,52254.0,401.0
2025-07-25T08:16:57.053013,okx,0.01864,0.01866,11392.39,166054.83
2025-07-25T08:16:57.147491,bitget,0.01862,0.01863,123442.0,312380.0
2025-07-25T08:16:57.189052,bingx,0.01864,0.01866,11499.6,166674.82
2025-07-25T08:16:57.213215,bitmart,0.0186,0.01865,65067.0,66005.0
2025-07-25T08:16:57.230344,bybit,0.01863,0.0,59931.0,0.0
2025-07-25T08:16:57.286920,gateio,0.018618,0.018634,6339.0,500.0
2025-07-25T08:16:57.298739,bitget,0.01862,0.01863,125314.0,9406.0
2025-07-25T08:16:57.329136,bybit,0.0,0.01864,0.0,116148.0
2025-07-25T08:16:57.338376,gateio,0.018618,0.018634,732.0,500.0
2025-07-25T08:16:57.391564,okx,0.01865,0.01866,2775.84,85079.53
2025-07-25T08:16:57.448480,bitget,0.01862,0.01863,229178.0,9406.0
2025-07-25T08:16:57.478210,bingx,0.01864,0.01866,11499.6,166674.82
2025-07-25T08:16:57.494666,okx,0.01864,0.01866,22249.38,87855.37
2025-07-25T08:16:57.553521,blofin,0.0186,0.01862,51991.0,308.0
2025-07-25T08:16:57.598265,bitget,0.01862,0.01864,231050.0,482964.0
2025-07-25T08:16:57.716954,gateio,0.018616,0.018634,14514.0,1189.0
2025-07-25T08:16:57.722554,mexc,0.0186,0.01861,25166640.0,25166640.0
2025-07-25T08:16:57.729644,bybit,0.01863,0.01864,59555.0,116524.0
2025-07-25T08:16:57.748587,bitget,0.01862,0.01864,229178.0,535815.0
2025-07-25T08:16:57.782206,bingx,0.01864,0.01867,11499.6,166674.82
2025-07-25T08:16:57.901920,bitget,0.01862,0.01864,229178.0,535815.0
2025-07-25T08:16:57.937236,binance,0.01863,0.01863,0.0,0.0
2025-07-25T08:16:57.994867,gateio,0.018617,0.018634,4574.0,1189.0
2025-07-25T08:16:58.029279,bybit,0.0,0.01864,0.0,116148.0
2025-07-25T08:16:58.048273,bitget,0.01862,0.01864,229178.0,535815.0
2025-07-25T08:16:58.064197,blofin,0.01861,0.01862,52570.0,6.0
2025-07-25T08:16:58.077800,bingx,0.01864,0.01866,11499.6,166674.82
2025-07-25T08:16:58.111235,huobi,0.018552,0.018606,35573.189,5903.4
2025-07-25T08:16:58.168710,lbank,0.01863,0.01865,187716.02,24654.12
2025-07-25T08:16:58.198269,bitget,0.01862,0.01864,229178.0,435792.0
2025-07-25T08:16:58.202834,gateio,0.018617,0.018634,5279.0,1189.0
2025-07-25T08:16:58.235432,bitmart,0.0186,0.01865,109517.0,141520.0
2025-07-25T08:16:58.349349,bitget,0.01862,0.01864,231050.0,493920.0
2025-07-25T08:16:58.497447,okx,0.01864,0.01866,22249.38,110866.04
2025-07-25T08:16:58.498589,bitget,0.01862,0.01864,229178.0,493920.0
2025-07-25T08:16:58.561299,blofin,0.01861,0.01862,52570.0,6.0
2025-07-25T08:16:58.648689,bitget,0.01862,0.01864,229178.0,493920.0
2025-07-25T08:16:58.666616,lbank,0.01863,0.01865,187716.02,24654.12
2025-07-25T08:16:58.804360,bitget,0.01862,0.01864,229178.0,493920.0
2025-07-25T08:16:58.981344,bingx,0.01864,0.01866,11499.6,166674.82
2025-07-25T08:16:59.043831,okx,0.01864,0.01866,22249.38,122695.88
2025-07-25T08:16:59.054727,blofin,0.01861,0.01862,11266.0,6.0
2025-07-25T08:16:59.168362,lbank,0.01863,0.01865,187716.02,24654.12
2025-07-25T08:16:59.216493,huobi,0.018554,0.018606,35569.3544,5903.4
2025-07-25T08:16:59.229005,bybit,0.0,0.01864,0.0,117152.0
2025-07-25T08:16:59.239144,bitmart,0.0186,0.01865,30551.0,35174.0
2025-07-25T08:16:59.248900,bitget,0.01862,0.01863,229178.0,40000.0
2025-07-25T08:16:59.340862,gateio,0.018617,0.018634,4574.0,1189.0
2025-07-25T08:16:59.399758,bitget,0.01862,0.01863,229178.0,83767.0
2025-07-25T08:16:59.429388,bybit,0.01863,0.0,32805.0,0.0
2025-07-25T08:16:59.527067,gateio,0.018617,0.018634,5279.0,1189.0
2025-07-25T08:16:59.528894,bybit,0.01863,0.01864,59931.0,116148.0
2025-07-25T08:16:59.531384,blofin,0.01861,0.01862,11265.0,5.0
2025-07-25T08:16:59.548864,bitget,0.01862,0.01863,229178.0,83767.0
2025-07-25T08:16:59.628892,bybit,0.01863,0.0,59555.0,0.0
2025-07-25T08:16:59.699007,bitget,0.01862,0.01863,229178.0,83767.0
2025-07-25T08:16:59.851336,bitget,0.01862,0.01863,229178.0,83767.0
2025-07-25T08:16:59.885987,bingx,0.01864,0.01866,11499.6,166674.82
2025-07-25T08:16:59.928828,bybit,0.0,0.01864,0.0,116524.0
2025-07-25T08:16:59.929743,huobi,0.018557,0.018606,150770.2478,5903.4
2025-07-25T08:16:59.999855,bitget,0.01862,0.01863,229178.0,83767.0
2025-07-25T08:17:00.026493,okx,0.01864,0.01866,22249.38,122695.88
2025-07-25T08:17:00.030372,bybit,0.01863,0.01864,16921.0,117152.0
2025-07-25T08:17:00.079716,blofin,0.01861,0.01862,10107.0,5.0
2025-07-25T08:17:00.092414,mexc,0.0186,0.01861,25166640.0,25166640.0
2025-07-25T08:17:00.130835,bybit,0.0,0.01864,0.0,91308.0
2025-07-25T08:17:00.142751,huobi,0.018557,0.018606,150770.2478,5903.4
2025-07-25T08:17:00.151573,bitget,0.01862,0.01863,123442.0,83767.0
2025-07-25T08:17:00.155124,gateio,0.018616,0.018634,15246.0,1189.0
2025-07-25T08:17:00.157737,okx,0.01864,0.01866,12249.38,122695.88
2025-07-25T08:17:00.216392,huobi,0.018558,0.018606,601.5653,5903.4
2025-07-25T08:17:00.252356,bitmart,0.0186,0.01865,282.0,3753.0
2025-07-25T08:17:00.299702,bitget,0.01862,0.01863,123442.0,83767.0
2025-07-25T08:17:00.429361,bybit,0.0,0.0,0.0,0.0
2025-07-25T08:17:00.451588,bitget,0.01862,0.01863,123442.0,83767.0
2025-07-25T08:17:00.487514,gateio,0.018616,0.018634,14514.0,1189.0
2025-07-25T08:17:00.529509,bybit,0.01862,0.01863,130415.0,126383.0
2025-07-25T08:17:00.543915,blofin,0.01861,0.01862,10107.0,5.0
2025-07-25T08:17:00.546638,gateio,0.018616,0.018633,14514.0,6339.0
2025-07-25T08:17:00.580848,gateio,0.018611,0.018633,1268.0,6339.0
2025-07-25T08:17:00.594895,gateio,0.018611,0.018633,5457.0,6339.0
2025-07-25T08:17:00.600837,bitget,0.01862,0.01863,60000.0,149081.0
2025-07-25T08:17:00.628774,bybit,0.01862,0.01863,119595.0,66383.0
2025-07-25T08:17:00.667478,lbank,0.01863,0.01865,187716.02,24654.12
2025-07-25T08:17:00.694627,okx,0.01864,0.01865,7166.99,21954.71
2025-07-25T08:17:00.750092,bitget,0.01862,0.01863,40000.0,149081.0
2025-07-25T08:17:00.828952,bybit,0.01862,0.01863,130631.0,126383.0
2025-07-25T08:17:00.899973,bitget,0.01862,0.01863,40000.0,149081.0
2025-07-25T08:17:00.927562,bingx,0.01864,0.01866,11499.6,166674.82
2025-07-25T08:17:00.928950,bybit,0.01862,0.01863,193972.0,66383.0
2025-07-25T08:17:00.937310,binance,0.01863,0.01863,0.0,0.0
2025-07-25T08:17:01.029411,bybit,0.01862,0.01863,194600.0,64121.0
2025-07-25T08:17:01.050183,bitget,0.01862,0.01863,40000.0,147209.0
2025-07-25T08:17:01.067714,okx,0.01864,0.01865,9944.33,21954.71
2025-07-25T08:17:01.075033,blofin,0.01861,0.01862,10109.0,5.0
2025-07-25T08:17:01.091178,bingx,0.01863,0.01866,11499.6,166674.82
2025-07-25T08:17:01.128951,bybit,0.01862,0.0,193972.0,0.0
2025-07-25T08:17:01.172254,lbank,0.01863,0.01865,187716.02,24654.12
2025-07-25T08:17:01.201383,bitget,0.01862,0.01863,40000.0,167209.0
2025-07-25T08:17:01.210351,huobi,0.018558,0.018606,601.5653,5903.4
2025-07-25T08:17:01.229856,bybit,0.01862,0.0,194600.0,0.0
2025-07-25T08:17:01.236751,bitmart,0.0186,0.01865,56951.0,145040.0
2025-07-25T08:17:01.358257,bitget,0.01862,0.01863,40000.0,167209.0
2025-07-25T08:17:01.413289,huobi,0.01856,0.018606,601.5653,5903.4
2025-07-25T08:17:01.429158,bybit,0.01862,0.0,131259.0,0.0
2025-07-25T08:17:01.503540,bitget,0.01862,0.01863,40000.0,167209.0
2025-07-25T08:17:01.503902,okx,0.01864,0.01865,9944.33,30901.3
2025-07-25T08:17:01.529311,bybit,0.01862,0.01863,199969.0,37371.0
2025-07-25T08:17:01.566350,blofin,0.01861,0.01862,3.0,32368.0
2025-07-25T08:17:01.583026,gateio,0.018611,0.018634,5457.0,1189.0
2025-07-25T08:17:01.609804,okx,0.01864,0.01866,9944.33,138766.41
2025-07-25T08:17:01.613602,huobi,0.01856,0.018583,601.5653,2027.919
2025-07-25T08:17:01.629258,bybit,0.0,0.01863,0.0,21320.0
2025-07-25T08:17:01.650589,bitget,0.01862,0.01863,40000.0,147209.0
2025-07-25T08:17:01.664526,lbank,0.01863,0.01865,187716.02,24654.12
2025-07-25T08:17:01.703981,okx,0.01864,0.01866,9944.33,222647.86
2025-07-25T08:17:01.714733,huobi,0.01856,0.018606,601.5653,5903.4
2025-07-25T08:17:01.800251,bitget,0.01862,0.01863,40000.0,147209.0
2025-07-25T08:17:01.829598,bybit,0.01862,0.0,239969.0,0.0
2025-07-25T08:17:01.937044,binance,0.01863,0.01863,0.0,0.0
2025-07-25T08:17:01.951881,bitget,0.01862,0.01863,40000.0,147209.0
2025-07-25T08:17:02.004184,bingx,0.01864,0.01866,11499.6,166674.82
2025-07-25T08:17:02.062190,blofin,0.01861,0.01862,3.0,32368.0
2025-07-25T08:17:02.100536,bitget,0.01862,0.01863,40000.0,147209.0
2025-07-25T08:17:02.165420,lbank,0.01863,0.01865,187716.02,24654.12
2025-07-25T08:17:02.224401,bitmart,0.0186,0.01865,282.0,3753.0
2025-07-25T08:17:02.229578,bybit,0.0,0.01863,0.0,15932.0
2025-07-25T08:17:02.251117,bitget,0.01862,0.01863,60000.0,147209.0
2025-07-25T08:17:02.329135,bybit,0.01862,0.0,199969.0,0.0
2025-07-25T08:17:02.398043,okx,0.01864,0.01866,19944.33,222647.86
2025-07-25T08:17:02.401072,bitget,0.01862,0.01863,60000.0,147209.0
2025-07-25T08:17:02.428920,bybit,0.01863,0.01864,55493.0,95158.0
2025-07-25T08:17:02.479752,mexc,0.0186,0.01861,25166640.0,25166640.0
2025-07-25T08:17:02.514633,huobi,0.018556,0.018606,601.5653,5903.4
2025-07-25T08:17:02.528994,bybit,0.01863,0.01864,50127.0,95534.0
2025-07-25T08:17:02.547633,blofin,0.01861,0.01862,3.0,5.0
2025-07-25T08:17:02.551167,bitget,0.01862,0.01863,229178.0,83767.0
2025-07-25T08:17:02.607150,okx,0.01864,0.01866,4012.33,222647.86
2025-07-25T08:17:02.672640,lbank,0.01863,0.01865,187716.02,24654.12
2025-07-25T08:17:02.702458,bitget,0.01862,0.01863,229178.0,83767.0
2025-07-25T08:17:02.754081,okx,0.01864,0.01866,4012.33,222647.86
2025-07-25T08:17:02.829134,bybit,0.0,0.01864,0.0,156162.0
2025-07-25T08:17:02.850967,bitget,0.01862,0.01863,229178.0,83767.0
2025-07-25T08:17:02.894436,bingx,0.01864,0.01866,11499.6,166674.82
2025-07-25T08:17:02.937101,binance,0.01863,0.01863,0.0,0.0
2025-07-25T08:17:02.994286,okx,0.01864,0.01866,6788.93,222647.86
2025-07-25T08:17:03.001969,bitget,0.01862,0.01863,229178.0,83767.0
2025-07-25T08:17:03.074758,blofin,0.01861,0.01862,3.0,5.0
2025-07-25T08:17:03.150064,okx,0.01864,0.01866,2776.6,222647.86
2025-07-25T08:17:03.151846,bitget,0.01862,0.01863,229178.0,83767.0
2025-07-25T08:17:03.161242,gateio,0.018611,0.018634,5457.0,500.0
2025-07-25T08:17:03.165552,lbank,0.01863,0.01865,163716.02,1114.32
2025-07-25T08:17:03.209169,bitmart,0.0186,0.01865,282.0,3753.0
2025-07-25T08:17:03.219367,huobi,0.018556,0.018606,36167.086,5903.4
2025-07-25T08:17:03.229120,bybit,0.0,0.01864,0.0,95158.0
2025-07-25T08:17:03.268840,okx,0.01864,0.01866,66117.85,222647.86
2025-07-25T08:17:03.301221,bitget,0.01862,0.01863,231050.0,103767.0
2025-07-25T08:17:03.329126,bybit,0.0,0.01864,0.0,95195.0
2025-07-25T08:17:03.395188,okx,0.01864,0.01866,76117.85,222647.86
2025-07-25T08:17:03.429298,bybit,0.0,0.01864,0.0,95571.0
2025-07-25T08:17:03.453380,bitget,0.01862,0.01863,229178.0,103767.0
2025-07-25T08:17:03.557770,blofin,0.01861,0.01862,51719.0,5.0
2025-07-25T08:17:03.613972,bitget,0.01862,0.01863,229178.0,103767.0
2025-07-25T08:17:03.665875,lbank,0.01863,0.01865,163716.02,1114.32
2025-07-25T08:17:03.729519,bybit,0.0,0.01864,0.0,95195.0
2025-07-25T08:17:03.751433,bitget,0.01862,0.01863,229178.0,103767.0
2025-07-25T08:17:03.796630,bingx,0.01864,0.01866,11499.6,166674.82
2025-07-25T08:17:03.901506,bitget,0.01862,0.01863,229178.0,83767.0
2025-07-25T08:17:03.913957,huobi,0.018556,0.018606,36167.086,5903.4
2025-07-25T08:17:03.937427,binance,0.01863,0.01863,0.0,0.0
2025-07-25T08:17:04.010750,huobi,0.018556,0.018606,601.5653,5903.4
2025-07-25T08:17:04.052664,bitget,0.01862,0.01863,229178.0,83767.0
2025-07-25T08:17:04.061133,blofin,0.01861,0.01862,4507.0,5.0
2025-07-25T08:17:04.113713,huobi,0.018557,0.018606,151135.2478,5903.4
2025-07-25T08:17:04.129263,bybit,0.0,0.01864,0.0,96199.0
2025-07-25T08:17:04.165121,lbank,0.01863,0.01865,163716.02,1114.32
2025-07-25T08:17:04.195122,bitmart,0.0186,0.01865,282.0,3753.0
2025-07-25T08:17:04.355003,bitget,0.01862,0.01863,229178.0,83767.0
2025-07-25T08:17:04.501936,bitget,0.01862,0.01863,229178.0,83767.0
2025-07-25T08:17:04.529177,bybit,0.01863,0.01864,16921.0,101323.0
2025-07-25T08:17:04.549635,blofin,0.01861,0.01862,4507.0,5.0
2025-07-25T08:17:04.629102,bybit,0.01862,0.01863,185174.0,12963.0
2025-07-25T08:17:04.652619,bitget,0.01862,0.01863,123442.0,83767.0
2025-07-25T08:17:04.664683,lbank,0.01863,0.01865,163716.02,1114.32
2025-07-25T08:17:04.700340,bingx,0.01864,0.01866,11499.6,166674.82
2025-07-25T08:17:04.728749,bybit,0.01862,0.0,200467.0,0.0
2025-07-25T08:17:04.794254,okx,0.01864,0.01866,12776.6,222647.86
2025-07-25T08:17:04.803262,bitget,0.01862,0.01863,123442.0,83767.0
2025-07-25T08:17:04.828999,bybit,0.0,0.01863,0.0,10701.0
2025-07-25T08:17:04.854991,mexc,0.0186,0.01861,25166640.0,25166640.0
2025-07-25T08:17:04.937377,binance,0.01863,0.01863,0.0,0.0
2025-07-25T08:17:04.952981,bitget,0.01862,0.01863,60000.0,83767.0
2025-07-25T08:17:05.008960,huobi,0.018558,0.018606,30930.008,5903.4
2025-07-25T08:17:05.029386,bybit,0.01863,0.01864,103656.0,100319.0
2025-07-25T08:17:05.053370,okx,0.01864,0.01866,12776.6,209786.13
2025-07-25T08:17:05.060627,blofin,0.01861,0.01862,16286.0,5.0
2025-07-25T08:17:05.102513,bitget,0.01862,0.01863,123442.0,83767.0
2025-07-25T08:17:05.129394,bybit,0.01863,0.0,98290.0,0.0
2025-07-25T08:17:05.157343,okx,0.01864,0.01866,76117.85,209786.13
2025-07-25T08:17:05.231511,bitmart,0.0186,0.01865,282.0,3753.0
2025-07-25T08:17:05.253567,bitget,0.01862,0.01863,229178.0,83767.0
2025-07-25T08:17:05.402545,bitget,0.01862,0.01863,229178.0,83767.0
2025-07-25T08:17:05.429152,bybit,0.0,0.01864,0.0,100695.0
2025-07-25T08:17:05.529089,bybit,0.0,0.01864,0.0,101323.0
2025-07-25T08:17:05.546928,blofin,0.01861,0.01862,16285.0,5.0
2025-07-25T08:17:05.562317,bitget,0.01862,0.01863,229178.0,83767.0
2025-07-25T08:17:05.608085,huobi,0.018558,0.018606,601.5653,5903.4
2025-07-25T08:17:05.613550,bingx,0.01864,0.01866,11499.6,166674.82
2025-07-25T08:17:05.629184,bybit,0.0,0.01864,0.0,166872.0
2025-07-25T08:17:05.663583,lbank,0.01863,0.01865,163716.02,1114.32
2025-07-25T08:17:05.702681,bitget,0.01862,0.01863,229178.0,83767.0
2025-07-25T08:17:05.855042,bitget,0.01862,0.01863,229178.0,83767.0
2025-07-25T08:17:05.913963,bingx,0.01864,0.01866,11499.6,166674.82
2025-07-25T08:17:05.937348,binance,0.01863,0.01863,0.0,0.0
2025-07-25T08:17:06.059497,blofin,0.01861,0.01862,16285.0,5.0
2025-07-25T08:17:06.153496,bitget,0.01862,0.01863,229178.0,83767.0
2025-07-25T08:17:06.167976,lbank,0.01863,0.01865,163716.02,1114.32
2025-07-25T08:17:06.191704,bitmart,0.0186,0.01865,282.0,3753.0
2025-07-25T08:17:06.329243,bybit,0.01863,0.0,71827.0,0.0
2025-07-25T08:17:06.412166,huobi,0.018556,0.018606,601.5653,5903.4
2025-07-25T08:17:06.429012,bybit,0.01863,0.0,61205.0,0.0
2025-07-25T08:17:06.452949,bitget,0.01862,0.01863,123442.0,85639.0
2025-07-25T08:17:06.548607,blofin,0.01861,0.01862,7622.0,5.0
2025-07-25T08:17:06.557158,okx,0.01864,0.01866,76117.85,182763.53
2025-07-25T08:17:06.603094,bitget,0.01862,0.01863,123442.0,85639.0
2025-07-25T08:17:06.664082,lbank,0.01863,0.01865,163716.02,1114.32
2025-07-25T08:17:06.729889,bybit,0.0,0.01864,0.0,206872.0
2025-07-25T08:17:06.752999,bitget,0.01862,0.01863,123442.0,83767.0
2025-07-25T08:17:06.811854,bingx,0.01864,0.01866,11499.6,166674.82
2025-07-25T08:17:06.812189,huobi,0.018557,0.018606,151135.2478,5903.4
2025-07-25T08:17:06.903156,bitget,0.01862,0.01863,123442.0,83767.0
2025-07-25T08:17:06.912749,huobi,0.018558,0.018606,23304.8417,5903.4
2025-07-25T08:17:06.937528,binance,0.01863,0.01863,0.0,0.0
2025-07-25T08:17:07.029450,bybit,0.01863,0.0,2262.0,0.0
2025-07-25T08:17:07.054062,bitget,0.01862,0.01863,123442.0,83767.0
2025-07-25T08:17:07.059163,blofin,0.01861,0.01862,9272.0,5.0
2025-07-25T08:17:07.113680,bingx,0.01864,0.01866,11499.6,166674.82
2025-07-25T08:17:07.129867,bybit,0.0,0.01864,0.0,172238.0
2025-07-25T08:17:07.166920,lbank,0.01863,0.01865,163716.02,1114.32
2025-07-25T08:17:07.183126,bitmart,0.0186,0.01865,101093.0,155917.0
2025-07-25T08:17:07.203398,bitget,0.01862,0.01863,123442.0,103767.0
2025-07-25T08:17:07.224219,mexc,0.0186,0.01861,25166640.0,25166640.0
2025-07-25T08:17:07.228996,bybit,0.0,0.01864,0.0,177551.0
2025-07-25T08:17:07.329147,bybit,0.01863,0.01864,61205.0,176547.0
2025-07-25T08:17:07.353420,bitget,0.01862,0.01863,123442.0,103767.0
2025-07-25T08:17:07.415309,huobi,0.018556,0.018606,601.5653,5903.4
2025-07-25T08:17:07.429078,bybit,0.0,0.01864,0.0,176600.0
2025-07-25T08:17:07.503545,bitget,0.01862,0.01863,123442.0,83767.0
2025-07-25T08:17:07.528941,bybit,0.0,0.01864,0.0,176976.0
2025-07-25T08:17:07.552038,blofin,0.01861,0.01862,9272.0,5.0
2025-07-25T08:17:07.629045,bybit,0.0,0.01864,0.0,177604.0
2025-07-25T08:17:07.653329,bitget,0.01862,0.01863,123442.0,83767.0
2025-07-25T08:17:07.671345,lbank,0.01863,0.01865,163716.02,1114.32
2025-07-25T08:17:07.803318,bitget,0.01862,0.01863,123442.0,83767.0
2025-07-25T08:17:07.937216,binance,0.01863,0.01863,0.0,0.0
2025-07-25T08:17:08.015398,bingx,0.01864,0.01866,11499.6,166674.82
2025-07-25T08:17:08.029816,bybit,0.01863,0.01864,76579.0,176600.0
2025-07-25T08:17:08.050819,blofin,0.01861,0.01863,9277.0,22965.0
2025-07-25T08:17:08.103845,bitget,0.01862,0.01863,123442.0,43767.0
2025-07-25T08:17:08.112738,huobi,0.018556,0.018606,601.5653,5903.4
2025-07-25T08:17:08.130040,bybit,0.0,0.01864,0.0,177604.0
2025-07-25T08:17:08.199913,bitmart,0.0186,0.01865,90020.0,3753.0
2025-07-25T08:17:08.254058,bitget,0.01862,0.01863,123442.0,43767.0
2025-07-25T08:17:08.404167,bitget,0.01862,0.01863,123442.0,43767.0
2025-07-25T08:17:08.428707,bybit,0.0,0.01864,0.0,165868.0
2025-07-25T08:17:08.554757,bitget,0.01862,0.01863,123442.0,43767.0
2025-07-25T08:17:08.557993,blofin,0.01861,0.01863,5498.0,23325.0
2025-07-25T08:17:08.703874,bitget,0.01862,0.01863,123442.0,43767.0
2025-07-25T08:17:08.855124,bitget,0.01862,0.01863,125314.0,43767.0
2025-07-25T08:17:08.917303,bingx,0.01864,0.01866,11499.6,166674.82
2025-07-25T08:17:08.937453,binance,0.01863,0.01863,0.0,0.0
2025-07-25T08:17:09.004521,bitget,0.01862,0.01863,123442.0,43767.0
2025-07-25T08:17:09.009766,huobi,0.018556,0.018606,601.5653,5903.4
2025-07-25T08:17:09.045996,blofin,0.01861,0.01863,5498.0,23325.0
2025-07-25T08:17:09.129255,bybit,0.01863,0.0,61205.0,0.0
2025-07-25T08:17:09.154153,bitget,0.01862,0.01863,123442.0,103767.0
2025-07-25T08:17:09.209767,okx,0.01864,0.01866,76117.85,162245.66
2025-07-25T08:17:09.243202,bitmart,0.0186,0.01865,263830.0,104725.0
2025-07-25T08:17:09.304965,bitget,0.01862,0.01863,125314.0,43767.0
2025-07-25T08:17:09.358396,okx,0.01864,0.01866,76117.85,177028.68
2025-07-25T08:17:09.429086,bybit,0.01863,0.0,77988.0,0.0
2025-07-25T08:17:09.450759,gateio,0.018618,0.018634,6339.0,500.0
2025-07-25T08:17:09.454671,bitget,0.01862,0.01863,125314.0,43767.0
2025-07-25T08:17:09.514907,gateio,0.018618,0.018634,7233.0,500.0
2025-07-25T08:17:09.521846,huobi,0.018558,0.018606,23019.7393,5903.4
2025-07-25T08:17:09.552117,blofin,0.01861,0.01863,9322.0,23322.0
2025-07-25T08:17:09.607427,bitget,0.01862,0.01863,231050.0,43767.0
2025-07-25T08:17:09.607448,mexc,0.0186,0.01861,25166640.0,25166640.0
2025-07-25T08:17:09.710887,huobi,0.018556,0.018606,601.5653,5903.4
2025-07-25T08:17:09.742861,gateio,0.018618,0.018634,894.0,500.0
2025-07-25T08:17:09.754677,bitget,0.01862,0.01863,231050.0,43767.0
2025-07-25T08:17:09.827049,bingx,0.01864,0.01866,11499.6,166674.82
2025-07-25T08:17:09.839448,huobi,0.018558,0.018606,601.5653,5903.4
2025-07-25T08:17:09.905340,bitget,0.01862,0.01863,231050.0,43767.0
2025-07-25T08:17:09.929313,bybit,0.01863,0.0,78616.0,0.0
2025-07-25T08:17:09.937421,binance,0.01864,0.01864,0.0,0.0
2025-07-25T08:17:09.960813,gateio,0.018618,0.018634,1788.0,500.0
2025-07-25T08:17:09.973073,gateio,0.018623,0.01864,6339.0,500.0
2025-07-25T08:17:09.988731,gateio,0.018623,0.01864,7233.0,500.0
2025-07-25T08:17:10.000703,okx,0.01864,0.01866,76117.85,126726.16
2025-07-25T08:17:10.016804,gateio,0.018623,0.01864,8127.0,500.0
2025-07-25T08:17:10.022336,huobi,0.018556,0.018628,35565.5207,5883.7
2025-07-25T08:17:10.028835,gateio,0.018623,0.01864,894.0,500.0
2025-07-25T08:17:10.029510,bybit,0.01863,0.01864,120844.0,77611.0
2025-07-25T08:17:10.056119,bitget,0.01862,0.01863,231050.0,43767.0
2025-07-25T08:17:10.074774,blofin,0.01861,0.01863,16621.0,23322.0
2025-07-25T08:17:10.099432,okx,0.01864,0.01866,76117.85,124326.16
2025-07-25T08:17:10.115883,huobi,0.018559,0.018628,155210.6592,5883.7
2025-07-25T08:17:10.176638,gateio,0.018615,0.01864,14418.0,500.0
2025-07-25T08:17:10.204818,bitget,0.01862,0.01864,97880.0,636285.0
2025-07-25T08:17:10.209776,lbank,0.01863,0.01865,163716.02,1114.32
2025-07-25T08:17:10.210319,huobi,0.018558,0.018628,155210.6592,5883.7
2025-07-25T08:17:10.222991,bitmart,0.01861,0.01866,244399.0,76352.0
2025-07-25T08:17:10.228745,bybit,0.01863,0.01864,58943.0,110255.0
2025-07-25T08:17:10.260519,okx,0.01864,0.01866,12776.6,77336.15
2025-07-25T08:17:10.295742,gateio,0.018616,0.01864,4325.0,500.0
2025-07-25T08:17:10.328707,bybit,0.01862,0.01863,379690.0,2262.0
2025-07-25T08:17:10.351560,gateio,0.01861,0.01864,7226.0,500.0
2025-07-25T08:17:10.355925,bitget,0.01862,0.01864,123442.0,416365.0
2025-07-25T08:17:10.394735,gateio,0.018611,0.01864,2168.0,500.0
2025-07-25T08:17:10.409824,huobi,0.018517,0.018628,35640.4278,5883.7
2025-07-25T08:17:10.423345,bingx,0.01864,0.01866,11499.6,166674.82
2025-07-25T08:17:10.429540,bybit,0.01863,0.01864,21903.0,128115.0
2025-07-25T08:17:10.446420,gateio,0.018612,0.01864,14449.0,500.0
2025-07-25T08:17:10.505535,bitget,0.01862,0.01863,63442.0,65054.0
2025-07-25T08:17:10.508506,huobi,0.018559,0.018628,5897.5,5883.7
2025-07-25T08:17:10.516003,gateio,0.018613,0.01864,4335.0,500.0
2025-07-25T08:17:10.529212,bybit,0.01863,0.0,38647.0,0.0
2025-07-25T08:17:10.560236,blofin,0.01861,0.01863,16621.0,23322.0
2025-07-25T08:17:10.610576,huobi,0.01856,0.018628,601.5653,5883.7
2025-07-25T08:17:10.656401,bitget,0.01862,0.01863,123442.0,108821.0
2025-07-25T08:17:10.664233,lbank,0.01863,0.01865,163716.02,1114.32
2025-07-25T08:17:10.705114,okx,0.01864,0.01866,12776.6,74549.45
2025-07-25T08:17:10.728912,bybit,0.01863,0.01864,98647.0,132424.0
2025-07-25T08:17:10.805336,bitget,0.01862,0.01863,123442.0,108821.0
2025-07-25T08:17:10.828941,bybit,0.01863,0.0,38647.0,0.0
2025-07-25T08:17:10.865386,okx,0.01864,0.01866,12776.6,74549.45
2025-07-25T08:17:10.929260,bybit,0.0,0.0,0.0,0.0
2025-07-25T08:17:10.937248,binance,0.01864,0.01864,0.0,0.0
2025-07-25T08:17:10.955435,bitget,0.01862,0.01863,123442.0,108821.0
2025-07-25T08:17:11.024010,bingx,0.01864,0.01866,11499.6,166674.82
2025-07-25T08:17:11.056519,blofin,0.01861,0.01863,40651.0,1244.0
2025-07-25T08:17:11.105634,bitget,0.01862,0.01863,123442.0,108821.0
2025-07-25T08:17:11.128869,bybit,0.01863,0.01864,28025.0,133428.0
2025-07-25T08:17:11.229269,bybit,0.01863,0.0,11281.0,0.0
2025-07-25T08:17:11.247706,bitmart,0.01859,0.01866,58096.0,66291.0
2025-07-25T08:17:11.255246,bitget,0.01862,0.01863,123442.0,108821.0
2025-07-25T08:17:11.317316,okx,0.01864,0.01866,2776.6,75749.45
2025-07-25T08:17:11.333616,bingx,0.01864,0.01866,11499.6,166674.82
2025-07-25T08:17:11.406318,bitget,0.01862,0.01863,63442.0,108821.0
2025-07-25T08:17:11.416434,huobi,0.018551,0.018628,35575.1066,5883.7
2025-07-25T08:17:11.428925,bybit,0.0,0.01864,0.0,144160.0
2025-07-25T08:17:11.453580,okx,0.01864,0.01866,2776.6,76949.45
2025-07-25T08:17:11.510496,huobi,0.018589,0.018628,2057.3263,5883.7
2025-07-25T08:17:11.528663,bybit,0.0,0.0,0.0,0.0
2025-07-25T08:17:11.555426,bitget,0.01862,0.01863,63442.0,110693.0
2025-07-25T08:17:11.559314,blofin,0.01861,0.01863,40651.0,1244.0
2025-07-25T08:17:11.610925,huobi,0.018551,0.018628,601.5653,5883.7
2025-07-25T08:17:11.706220,bitget,0.01862,0.01863,63442.0,108821.0
2025-07-25T08:17:11.721283,huobi,0.018551,0.018628,36176.6719,5883.7
2025-07-25T08:17:11.729031,bybit,0.0,0.01864,0.0,78611.0
2025-07-25T08:17:11.828898,bybit,0.0,0.01864,0.0,144140.0
2025-07-25T08:17:11.855546,bitget,0.01862,0.01863,63442.0,108821.0
2025-07-25T08:17:11.911647,huobi,0.018551,0.018628,601.5653,5883.7
2025-07-25T08:17:11.937024,binance,0.01864,0.01864,0.0,0.0
2025-07-25T08:17:11.980857,mexc,0.0186,0.01861,25166640.0,25166640.0
2025-07-25T08:17:12.006199,bitget,0.01862,0.01863,123442.0,108821.0
2025-07-25T08:17:12.047282,blofin,0.01861,0.01863,40651.0,1244.0
2025-07-25T08:17:12.112224,huobi,0.018551,0.018628,36176.6719,5883.7
2025-07-25T08:17:12.129187,bybit,0.0,0.01864,0.0,138146.0
2025-07-25T08:17:12.153866,okx,0.01864,0.01866,66117.85,76949.45
2025-07-25T08:17:12.155979,bitget,0.01862,0.01863,63442.0,108821.0
2025-07-25T08:17:12.225976,bingx,0.01864,0.01866,11499.6,166674.82
2025-07-25T08:17:12.229163,bybit,0.0,0.01864,0.0,138774.0
2025-07-25T08:17:12.238110,bitmart,0.0186,0.01865,37741.0,36354.0
2025-07-25T08:17:12.281814,okx,0.01864,0.01866,76117.85,76949.45
2025-07-25T08:17:12.306161,bitget,0.01862,0.01863,63442.0,108821.0
2025-07-25T08:17:12.401299,lbank,0.01863,0.01865,163716.02,1114.32
2025-07-25T08:17:12.429857,bybit,0.0,0.01864,0.0,149506.0
2025-07-25T08:17:12.456903,bitget,0.01862,0.01863,63442.0,108821.0
2025-07-25T08:17:12.529676,bybit,0.01862,0.01863,484782.0,4524.0
2025-07-25T08:17:12.543930,blofin,0.01861,0.01863,8992.0,17864.0
2025-07-25T08:17:12.606072,bitget,0.01862,0.01863,63442.0,110693.0
2025-07-25T08:17:12.613979,huobi,0.018551,0.018628,601.5653,5883.7
2025-07-25T08:17:12.629306,bybit,0.01862,0.01863,110308.0,50142.0
2025-07-25T08:17:12.663519,lbank,0.01863,0.01865,163716.02,1114.32
2025-07-25T08:17:12.673560,okx,0.01864,0.01866,12776.6,76949.45
2025-07-25T08:17:12.729071,bybit,0.01862,0.01863,234025.0,44773.0
2025-07-25T08:17:12.756499,bitget,0.01861,0.01863,673847.0,174135.0
2025-07-25T08:17:12.828997,bybit,0.01862,0.01863,234653.0,5060.0
2025-07-25T08:17:12.831768,bingx,0.01864,0.01866,11499.6,166674.82
2025-07-25T08:17:12.906169,bitget,0.01861,0.01863,552900.0,172263.0
2025-07-25T08:17:12.911472,huobi,0.018551,0.018628,36176.6719,5883.7
2025-07-25T08:17:12.929165,bybit,0.0,0.01863,0.0,10714.0
2025-07-25T08:17:12.937639,binance,0.01864,0.01864,0.0,0.0
2025-07-25T08:17:13.029233,bybit,0.01862,0.0,235782.0,0.0
2025-07-25T08:17:13.057607,bitget,0.01862,0.01863,123442.0,108821.0
2025-07-25T08:17:13.059964,blofin,0.01861,0.01863,8991.0,17868.0
2025-07-25T08:17:13.146376,okx,0.01864,0.01866,12776.6,105731.43
2025-07-25T08:17:13.165393,lbank,0.01863,0.01865,135873.38,35233.8
2025-07-25T08:17:13.202455,bitmart,0.0186,0.01865,3763.0,3753.0
2025-07-25T08:17:13.206959,bitget,0.01862,0.01863,123442.0,48821.0
2025-07-25T08:17:13.328937,bybit,0.01862,0.01863,257258.0,10916.0
2025-07-25T08:17:13.363128,bitget,0.01862,0.01863,123442.0,48821.0
2025-07-25T08:17:13.429330,bybit,0.01862,0.01863,262627.0,5856.0
2025-07-25T08:17:13.434693,bingx,0.01864,0.01866,11499.6,166674.82
2025-07-25T08:17:13.453246,gateio,0.018613,0.01864,4385.0,500.0
2025-07-25T08:17:13.472755,gateio,0.018619,0.01864,6339.0,500.0
2025-07-25T08:17:13.494681,gateio,0.01862,0.01864,2170.0,500.0
2025-07-25T08:17:13.504620,gateio,0.01862,0.01864,3064.0,500.0
2025-07-25T08:17:13.506903,bitget,0.01862,0.01863,123442.0,48821.0
2025-07-25T08:17:13.514322,huobi,0.018552,0.018628,35573.189,5883.7
2025-07-25T08:17:13.529305,bybit,0.01863,0.01864,149734.0,93246.0
2025-07-25T08:17:13.549930,blofin,0.01861,0.01863,8991.0,17868.0
2025-07-25T08:17:13.568873,gateio,0.018621,0.01864,14548.0,500.0
2025-07-25T08:17:13.594757,gateio,0.018622,0.01864,4364.0,500.0
2025-07-25T08:17:13.603571,okx,0.01865,0.01866,12776.6,64351.57
2025-07-25T08:17:13.617012,huobi,0.018554,0.018628,35569.3544,5883.7
2025-07-25T08:17:13.629070,bybit,0.01863,0.01864,103809.0,103396.0
2025-07-25T08:17:13.635036,gateio,0.018621,0.018638,14548.0,6339.0
2025-07-25T08:17:13.655733,gateio,0.018621,0.018638,14548.0,6995.0
2025-07-25T08:17:13.656767,bitget,0.01863,0.01864,48821.0,230477.0
2025-07-25T08:17:13.666156,lbank,0.01863,0.01865,135873.38,35233.8
2025-07-25T08:17:13.668679,gateio,0.018621,0.018638,14548.0,656.0
2025-07-25T08:17:13.698067,okx,0.01864,0.01866,114599.42,93096.35
2025-07-25T08:17:13.729471,bybit,0.0,0.01864,0.0,164024.0
2025-07-25T08:17:13.738135,huobi,0.018554,0.018628,36170.9197,5883.7
2025-07-25T08:17:13.765148,gateio,0.01861,0.018637,7226.0,6339.0
2025-07-25T08:17:13.807056,bitget,0.01862,0.01863,37880.0,92588.0
2025-07-25T08:17:13.814347,okx,0.01864,0.01866,79807.85,93096.35
2025-07-25T08:17:13.820052,huobi,0.018554,0.018628,601.5653,5883.7
2025-07-25T08:17:13.829571,bybit,0.01862,0.01863,106830.0,89011.0
2025-07-25T08:17:13.838825,gateio,0.018611,0.018637,14548.0,6339.0
2025-07-25T08:17:13.914698,gateio,0.018612,0.018637,4364.0,6339.0
2025-07-25T08:17:13.929211,bybit,0.01862,0.0,183678.0,0.0
2025-07-25T08:17:13.938002,binance,0.01864,0.01864,0.0,0.0
2025-07-25T08:17:13.956578,okx,0.01864,0.01866,2776.6,93096.35
2025-07-25T08:17:13.957545,bitget,0.01862,0.01863,37880.0,177902.0
2025-07-25T08:17:14.017409,huobi,0.018555,0.018628,155210.6592,5883.7
2025-07-25T08:17:14.029240,bybit,0.01862,0.01863,200241.0,100513.0
2025-07-25T08:17:14.055655,bingx,0.01864,0.01866,68506.06,200383.07
2025-07-25T08:17:14.066290,blofin,0.01861,0.01863,8905.0,19175.0
2025-07-25T08:17:14.107369,bitget,0.01862,0.01863,97880.0,176030.0
2025-07-25T08:17:14.167129,lbank,0.01863,0.01865,135873.38,35233.8
2025-07-25T08:17:14.229031,bybit,0.01862,0.01863,200869.0,40513.0
2025-07-25T08:17:14.255625,bitmart,0.0186,0.01867,3763.0,62025.0
2025-07-25T08:17:14.257288,bitget,0.01862,0.01863,97880.0,479166.0
2025-07-25T08:17:14.301922,okx,0.01864,0.01866,12776.6,93096.35
2025-07-25T08:17:14.329190,bybit,0.0,0.01863,0.0,13763.0
2025-07-25T08:17:14.337074,bingx,0.01864,0.01866,68506.06,200383.07
2025-07-25T08:17:14.396668,mexc,0.0186,0.01861,25166640.0,25166640.0
2025-07-25T08:17:14.412120,huobi,0.018555,0.018628,155210.6592,5883.7
2025-07-25T08:17:14.536495,blofin,0.01861,0.01863,8905.0,19175.0
2025-07-25T08:17:14.557638,bitget,0.01862,0.01863,97880.0,479166.0
2025-07-25T08:17:14.667259,lbank,0.01863,0.01865,135873.38,35233.8
2025-07-25T08:17:14.707653,bitget,0.01862,0.01863,97880.0,176030.0
2025-07-25T08:17:14.729442,bybit,0.01862,0.01863,195527.0,40513.0
2025-07-25T08:17:14.857524,bitget,0.01862,0.01863,161322.0,112588.0
2025-07-25T08:17:14.871610,okx,0.01864,0.01866,13111.86,129712.18
2025-07-25T08:17:14.937140,binance,0.01864,0.01864,0.0,0.0
2025-07-25T08:17:14.944893,bingx,0.01864,0.01866,68506.06,200383.07
2025-07-25T08:17:14.987734,okx,0.01864,0.01866,13111.86,130912.18
2025-07-25T08:17:15.007833,bitget,0.01862,0.01863,97880.0,176030.0
2025-07-25T08:17:15.030706,bybit,0.01862,0.0,194899.0,0.0
2025-07-25T08:17:15.048285,blofin,0.01861,0.01863,66019.0,18991.0
2025-07-25T08:17:15.101055,okx,0.01864,0.01866,3111.86,132112.18
2025-07-25T08:17:15.159137,bitget,0.01862,0.01863,37880.0,176030.0
2025-07-25T08:17:15.165069,lbank,0.01863,0.01865,135873.38,35233.8
2025-07-25T08:17:15.264826,bitmart,0.0186,0.01865,64408.0,68579.0
2025-07-25T08:17:15.308090,bitget,0.01862,0.01863,37880.0,176030.0
2025-07-25T08:17:15.460893,bitget,0.01862,0.01863,37880.0,176030.0
2025-07-25T08:17:15.529122,bybit,0.0,0.01863,0.0,40675.0
2025-07-25T08:17:15.542100,blofin,0.01861,0.01863,9020.0,22191.0
2025-07-25T08:17:15.607930,bitget,0.01862,0.01863,37880.0,176030.0
2025-07-25T08:17:15.611550,huobi,0.018556,0.018628,601.5653,5883.7
2025-07-25T08:17:15.664845,lbank,0.01863,0.01865,135873.38,35233.8
2025-07-25T08:17:15.758201,bitget,0.01862,0.01863,37880.0,176030.0
2025-07-25T08:17:15.828927,bybit,0.01862,0.0,195527.0,0.0
2025-07-25T08:17:15.837303,bingx,0.01864,0.01866,68506.06,200383.07
2025-07-25T08:17:15.908180,bitget,0.01862,0.01863,37880.0,176030.0
2025-07-25T08:17:16.011211,huobi,0.018556,0.018628,601.5653,5883.7
2025-07-25T08:17:16.030096,bybit,0.01862,0.0,194398.0,0.0
2025-07-25T08:17:16.049993,blofin,0.01861,0.01863,9020.0,22191.0
2025-07-25T08:17:16.058067,bitget,0.01862,0.01863,97880.0,176030.0
2025-07-25T08:17:16.165705,lbank,0.01863,0.01865,135873.38,35233.8
2025-07-25T08:17:16.182706,bitmart,0.0186,0.01865,65806.0,67828.0
2025-07-25T08:17:16.207958,bitget,0.01862,0.01863,37880.0,176030.0
2025-07-25T08:17:16.229012,bybit,0.01862,0.0,193770.0,0.0
2025-07-25T08:17:16.328662,bybit,0.0,0.01863,0.0,40673.0
2025-07-25T08:17:16.358311,bitget,0.01862,0.01863,37880.0,176030.0
2025-07-25T08:17:16.395698,okx,0.01864,0.01866,3111.86,132084.69
2025-07-25T08:17:16.508454,bitget,0.01862,0.01863,37880.0,176030.0
2025-07-25T08:17:16.537396,gateio,0.018611,0.018637,16716.0,6339.0
2025-07-25T08:17:16.546385,blofin,0.01861,0.01863,5201.0,28502.0
2025-07-25T08:17:16.603264,gateio,0.018611,0.018637,14548.0,6339.0
2025-07-25T08:17:16.614500,huobi,0.018551,0.018628,601.5653,5883.7
2025-07-25T08:17:16.629235,bybit,0.01862,0.01863,68696.0,106567.0
2025-07-25T08:17:16.658075,okx,0.01864,0.01866,3111.86,228065.11
2025-07-25T08:17:16.660287,bitget,0.01861,0.01862,267203.0,7580.0
2025-07-25T08:17:16.729190,bybit,0.01862,0.0,63327.0,0.0
2025-07-25T08:17:16.745631,mexc,0.0186,0.01861,25166640.0,25166640.0
2025-07-25T08:17:16.746599,bingx,0.01864,0.01866,68506.06,200383.07
2025-07-25T08:17:16.808226,bitget,0.01861,0.01862,141322.0,67580.0
2025-07-25T08:17:16.913020,huobi,0.018541,0.018628,35594.2939,5883.7
2025-07-25T08:17:16.937196,binance,0.01864,0.01864,0.0,0.0
2025-07-25T08:17:16.959385,bitget,0.01861,0.01862,141322.0,67580.0
2025-07-25T08:17:16.998808,gateio,0.018611,0.018637,14548.0,20877.0
2025-07-25T08:17:17.046863,bingx,0.01864,0.01866,68506.06,200383.07
2025-07-25T08:17:17.055343,blofin,0.01861,0.01863,5115.0,29160.0
2025-07-25T08:17:17.108775,bitget,0.01861,0.01862,161322.0,67580.0
2025-07-25T08:17:17.113777,huobi,0.018541,0.018628,36195.8592,5883.7
2025-07-25T08:17:17.166450,lbank,0.01863,0.01865,135873.38,35233.8
2025-07-25T08:17:17.254552,bitmart,0.01859,0.01864,31737.0,31116.0
2025-07-25T08:17:17.258649,bitget,0.01861,0.01862,161322.0,7580.0
2025-07-25T08:17:17.409307,bitget,0.01861,0.01862,161322.0,7580.0
2025-07-25T08:17:17.511813,huobi,0.018543,0.018628,35590.4547,5883.7
2025-07-25T08:17:17.551443,blofin,0.01861,0.01863,8.0,29059.0
2025-07-25T08:17:17.558980,bitget,0.01861,0.01862,161322.0,7580.0
2025-07-25T08:17:17.664995,lbank,0.01863,0.01865,135873.38,35233.8
2025-07-25T08:17:17.713607,bitget,0.01861,0.01862,161322.0,7580.0
2025-07-25T08:17:17.828874,bybit,0.0,0.01863,0.0,106935.0
2025-07-25T08:17:17.929297,bybit,0.0,0.01863,0.0,106559.0
2025-07-25T08:17:17.987256,bingx,0.01864,0.01866,68506.06,200383.07
2025-07-25T08:17:18.009227,bitget,0.01861,0.01862,161322.0,7580.0
2025-07-25T08:17:18.046905,blofin,0.01861,0.01863,8.0,29059.0
2025-07-25T08:17:18.109407,huobi,0.018545,0.018628,35586.6165,5883.7
2025-07-25T08:17:18.128857,bybit,0.0,0.01863,0.0,106935.0
2025-07-25T08:17:18.159192,bitget,0.01861,0.01862,161322.0,7580.0
2025-07-25T08:17:18.168119,lbank,0.01863,0.01865,135873.38,35233.8
2025-07-25T08:17:18.229295,bybit,0.01862,0.0,63346.0,0.0
2025-07-25T08:17:18.251484,bitmart,0.01859,0.01864,58419.0,59818.0
2025-07-25T08:17:18.317451,bitget,0.01861,0.01862,161322.0,51347.0
2025-07-25T08:17:18.428950,bybit,0.0,0.0,0.0,0.0
2025-07-25T08:17:18.459378,bitget,0.01861,0.01862,161322.0,7580.0
2025-07-25T08:17:18.492723,okx,0.01864,0.01866,3111.86,164723.86
2025-07-25T08:17:18.529184,bybit,0.0,0.01863,0.0,106642.0
2025-07-25T08:17:18.568320,blofin,0.01861,0.01862,5.0,18279.0
2025-07-25T08:17:18.598186,okx,0.01864,0.01866,3111.86,165923.86
2025-07-25T08:17:18.609394,bitget,0.01861,0.01863,161322.0,294769.0
2025-07-25T08:17:18.664125,lbank,0.01863,0.01865,135873.38,35233.8
2025-07-25T08:17:18.699585,okx,0.01864,0.01866,3111.86,229265.11
2025-07-25T08:17:18.710359,huobi,0.018545,0.018628,35586.6165,5883.7
2025-07-25T08:17:18.759584,bitget,0.01861,0.01863,161322.0,180586.0
2025-07-25T08:17:18.835045,bybit,0.01862,0.0,58336.0,0.0
2025-07-25T08:17:18.853122,bingx,0.01864,0.01866,68506.06,200383.07
2025-07-25T08:17:18.929039,bybit,0.01862,0.0,41773.0,0.0
2025-07-25T08:17:18.937135,binance,0.01864,0.01864,0.0,0.0
2025-07-25T08:17:19.028772,bybit,0.0,0.0,0.0,0.0
2025-07-25T08:17:19.051618,blofin,0.01861,0.01862,5.0,10726.0
2025-07-25T08:17:19.060278,bitget,0.01861,0.01863,161322.0,180586.0
2025-07-25T08:17:19.076482,gateio,0.01861,0.018637,3000.0,20877.0
2025-07-25T08:17:19.110546,huobi,0.018546,0.018628,601.5653,5883.7
2025-07-25T08:17:19.128764,bybit,0.01862,0.0,56633.0,0.0
2025-07-25T08:17:19.146219,mexc,0.0186,0.01861,25166640.0,25166640.0
2025-07-25T08:17:19.171679,lbank,0.01863,0.01865,135873.38,35233.8
2025-07-25T08:17:19.194672,okx,0.01864,0.01866,3111.86,165923.86
2025-07-25T08:17:19.211009,bitget,0.01861,0.01863,267058.0,180586.0
2025-07-25T08:17:19.268918,bitmart,0.01859,0.01864,31468.0,27146.0
2025-07-25T08:17:19.305143,okx,0.01864,0.01866,3111.86,229265.11
2025-07-25T08:17:19.329074,bybit,0.01862,0.01863,57009.0,45638.0
2025-07-25T08:17:19.360380,bitget,0.01861,0.01863,267058.0,180586.0
2025-07-25T08:17:19.458386,bingx,0.01864,0.01866,68506.06,200383.07
2025-07-25T08:17:19.512823,bitget,0.01861,0.01863,267058.0,180586.0
2025-07-25T08:17:19.551509,okx,0.01864,0.01866,3111.86,172040.16
2025-07-25T08:17:19.553822,blofin,0.01861,0.01862,5.0,10726.0
2025-07-25T08:17:19.629017,bybit,0.01862,0.01863,56633.0,85638.0
2025-07-25T08:17:19.660726,bitget,0.01861,0.01863,267058.0,180586.0
2025-07-25T08:17:19.663201,lbank,0.01863,0.01865,135873.38,35233.8
2025-07-25T08:17:19.728940,bybit,0.01862,0.01863,56614.0,85649.0
2025-07-25T08:17:19.811514,bitget,0.01861,0.01863,267058.0,180586.0
2025-07-25T08:17:19.937088,binance,0.01864,0.01864,0.0,0.0
2025-07-25T08:17:19.960695,bitget,0.01861,0.01863,267058.0,180586.0
2025-07-25T08:17:20.029715,bybit,0.01862,0.01863,56990.0,45649.0
2025-07-25T08:17:20.054903,bingx,0.01864,0.01866,68506.06,200383.07
2025-07-25T08:17:20.062579,blofin,0.01861,0.01862,5.0,10725.0
2025-07-25T08:17:20.111449,bitget,0.01861,0.01863,267058.0,180586.0
2025-07-25T08:17:20.128871,bybit,0.01862,0.0,84368.0,0.0
2025-07-25T08:17:20.164989,lbank,0.01863,0.01865,135873.38,35233.8
2025-07-25T08:17:20.165356,okx,0.01864,0.01866,3111.86,108698.91
2025-07-25T08:17:20.212287,huobi,0.018547,0.018628,35582.779,5883.7
2025-07-25T08:17:20.213887,bitmart,0.01859,0.01864,38246.0,29560.0
2025-07-25T08:17:20.260678,bitget,0.01861,0.01863,268930.0,176030.0
2025-07-25T08:17:20.410901,bitget,0.01861,0.01863,268930.0,176030.0
2025-07-25T08:17:20.559849,blofin,0.01861,0.01862,5.0,11679.0
2025-07-25T08:17:20.560968,bitget,0.01861,0.01863,268930.0,176030.0
2025-07-25T08:17:20.629296,bybit,0.01862,0.01863,56614.0,106025.0
2025-07-25T08:17:20.667655,lbank,0.01863,0.01865,135873.38,35233.8
2025-07-25T08:17:20.716699,bitget,0.01861,0.01863,161322.0,180586.0
2025-07-25T08:17:20.728741,huobi,0.018544,0.018627,35588.5355,25121.3914
2025-07-25T08:17:20.729253,bybit,0.0,0.01863,0.0,106653.0
2025-07-25T08:17:20.815718,okx,0.01864,0.01866,3111.86,172040.16
2025-07-25T08:17:20.860929,bitget,0.01861,0.01863,161322.0,180586.0
2025-07-25T08:17:20.937185,binance,0.01862,0.01862,0.0,0.0
2025-07-25T08:17:20.954034,okx,0.01864,0.01866,3111.86,175690.76
2025-07-25T08:17:20.959250,bingx,0.01864,0.01866,68506.06,200383.07
2025-07-25T08:17:21.011665,bitget,0.01861,0.01862,161322.0,5054.0
2025-07-25T08:17:21.012117,huobi,0.018545,0.018627,155210.6592,25121.3914
2025-07-25T08:17:21.059363,blofin,0.01861,0.01862,5.0,11679.0
2025-07-25T08:17:21.109835,huobi,0.018542,0.018627,35592.3742,25121.3914
2025-07-25T08:17:21.162338,bitget,0.01861,0.01862,161322.0,65054.0
2025-07-25T08:17:21.172132,lbank,0.01863,0.01865,135873.38,35233.8
2025-07-25T08:17:21.199776,okx,0.01864,0.01866,3111.86,178988.79
2025-07-25T08:17:21.208078,bitmart,0.01859,0.01864,37009.0,28058.0
2025-07-25T08:17:21.262272,bingx,0.01864,0.01866,68506.06,200383.07
2025-07-25T08:17:21.313687,bitget,0.01861,0.01862,161322.0,65054.0
2025-07-25T08:17:21.323806,huobi,0.018542,0.018627,35592.3742,25121.3914
2025-07-25T08:17:21.329007,bybit,0.01862,0.0,44860.0,0.0
2025-07-25T08:17:21.413634,huobi,0.018543,0.018627,601.5653,25121.3914
2025-07-25T08:17:21.428907,bybit,0.0,0.01863,0.0,112022.0
2025-07-25T08:17:21.462287,bitget,0.01861,0.01862,161322.0,65054.0
2025-07-25T08:17:21.511730,okx,0.01864,0.01866,3111.86,228969.42
2025-07-25T08:17:21.550503,blofin,0.01861,0.01862,5.0,5052.0
2025-07-25T08:17:21.581044,mexc,0.0186,0.01861,25166640.0,25166640.0
2025-07-25T08:17:21.611590,bitget,0.01861,0.01862,161322.0,65054.0
2025-07-25T08:17:21.666319,lbank,0.01863,0.01865,135873.38,35233.8
2025-07-25T08:17:21.760836,okx,0.01864,0.01866,3111.86,202165.0
2025-07-25T08:17:21.763180,bitget,0.01861,0.01862,161322.0,65054.0
2025-07-25T08:17:21.864019,bingx,0.01864,0.01866,68506.06,200383.07
2025-07-25T08:17:21.895425,okx,0.01864,0.01866,3111.86,208755.66
2025-07-25T08:17:21.911384,bitget,0.01861,0.01862,161322.0,65054.0
2025-07-25T08:17:21.937504,binance,0.01862,0.01862,0.0,0.0
2025-07-25T08:17:22.061370,bitget,0.01861,0.01862,161322.0,65054.0
2025-07-25T08:17:22.064063,blofin,0.01861,0.01862,5.0,8700.0
2025-07-25T08:17:22.165629,lbank,0.01863,0.01865,135873.38,35233.8
2025-07-25T08:17:22.212519,bitget,0.01861,0.01862,161322.0,65054.0
2025-07-25T08:17:22.221716,bitmart,0.01859,0.01865,3765.0,63807.0
2025-07-25T08:17:22.363704,bitget,0.01861,0.01862,161322.0,65054.0
2025-07-25T08:17:22.428705,bybit,0.0,0.01863,0.0,112155.0
2025-07-25T08:17:22.465294,bingx,0.01864,0.01866,68506.06,200383.07
2025-07-25T08:17:22.511921,bitget,0.01861,0.01862,161322.0,65054.0
2025-07-25T08:17:22.547749,blofin,0.01861,0.01862,5.0,8700.0
2025-07-25T08:17:22.629001,bybit,0.0,0.01863,0.0,180066.0
2025-07-25T08:17:22.662075,bitget,0.01861,0.01862,161322.0,65054.0
2025-07-25T08:17:22.664352,lbank,0.01863,0.01865,135873.38,35233.8
2025-07-25T08:17:22.710292,huobi,0.018544,0.018627,155210.6592,25121.3914
2025-07-25T08:17:22.728960,bybit,0.0,0.01863,0.0,185435.0
2025-07-25T08:17:22.813671,bitget,0.01861,0.01862,161322.0,65054.0
2025-07-25T08:17:22.972174,bitget,0.01861,0.01862,161322.0,65054.0
2025-07-25T08:17:23.029253,bybit,0.0,0.01863,0.0,186564.0
2025-07-25T08:17:23.055521,blofin,0.01861,0.01862,5.0,8697.0
2025-07-25T08:17:23.116050,bitget,0.01861,0.01862,161322.0,65054.0
2025-07-25T08:17:23.128947,bybit,0.0,0.01863,0.0,226890.0
2025-07-25T08:17:23.166673,lbank,0.01862,0.01864,223914.86,24300.0
2025-07-25T08:17:23.204572,bitmart,0.01859,0.01865,3765.0,63807.0
2025-07-25T08:17:23.234684,gateio,0.01861,0.018636,3000.0,1316.0
2025-07-25T08:17:23.262671,bitget,0.01861,0.01862,161322.0,65054.0
2025-07-25T08:17:23.267003,gateio,0.01861,0.018636,3000.0,5542.0
2025-07-25T08:17:23.329435,bybit,0.01862,0.01863,30000.0,232259.0
2025-07-25T08:17:23.368923,bingx,0.01864,0.01866,68506.06,200383.07
2025-07-25T08:17:23.412139,bitget,0.01861,0.01862,161322.0,65054.0
2025-07-25T08:17:23.432467,bybit,0.0,0.01863,0.0,237593.0
2025-07-25T08:17:23.470453,gateio,0.01861,0.018625,3000.0,6339.0
2025-07-25T08:17:23.492519,gateio,0.01861,0.018625,3000.0,7130.0
2025-07-25T08:17:23.510841,huobi,0.018545,0.018627,601.5653,25121.3914
2025-07-25T08:17:23.514569,gateio,0.01861,0.018625,3000.0,7786.0
2025-07-25T08:17:23.558799,blofin,0.01861,0.01862,5.0,8697.0
2025-07-25T08:17:23.562175,bitget,0.01861,0.01862,97880.0,65054.0
2025-07-25T08:17:23.630587,gateio,0.0186,0.018625,4358.0,7786.0
2025-07-25T08:17:23.654727,gateio,0.018604,0.018625,1902.0,7786.0
2025-07-25T08:17:23.665627,lbank,0.01862,0.01864,223914.86,24300.0
2025-07-25T08:17:23.712747,bitget,0.01861,0.01862,161322.0,65054.0
2025-07-25T08:17:23.728960,bybit,0.0,0.01863,0.0,242962.0
2025-07-25T08:17:23.751065,okx,0.01864,0.01866,3111.86,221577.91
2025-07-25T08:17:23.768657,gateio,0.018604,0.018625,1902.0,1447.0
2025-07-25T08:17:23.808596,huobi,0.018545,0.018585,601.5653,2657.0219
2025-07-25T08:17:23.828769,bybit,0.01861,0.01862,178366.0,117820.0
2025-07-25T08:17:23.861371,gateio,0.0186,0.018624,4358.0,6339.0
2025-07-25T08:17:23.862221,bitget,0.01861,0.01862,161322.0,65054.0
2025-07-25T08:17:23.910019,huobi,0.018545,0.018627,601.5653,25121.3914
2025-07-25T08:17:23.927282,mexc,0.0186,0.01861,25166640.0,25166640.0
2025-07-25T08:17:23.929696,bybit,0.01861,0.01862,339874.0,7524.0
2025-07-25T08:17:23.937207,binance,0.01862,0.01862,0.0,0.0
2025-07-25T08:17:23.968195,bingx,0.01864,0.01866,68506.06,200383.07
2025-07-25T08:17:23.982622,gateio,0.018602,0.018624,6339.0,6339.0
2025-07-25T08:17:23.992118,okx,0.01864,0.01865,335.26,128655.54
2025-07-25T08:17:24.012373,bitget,0.01861,0.01862,97880.0,128496.0
2025-07-25T08:17:24.029520,bybit,0.01861,0.01862,341632.0,9155.0
2025-07-25T08:17:24.039504,blofin,0.01861,0.01862,5.0,8701.0
2025-07-25T08:17:24.051040,gateio,0.018603,0.018624,2796.0,6339.0
2025-07-25T08:17:24.078809,gateio,0.018603,0.018624,894.0,6339.0
2025-07-25T08:17:24.097068,okx,0.01863,0.01864,4476.7,13629.86
2025-07-25T08:17:24.131738,bybit,0.01861,0.01862,256830.0,35905.0
2025-07-25T08:17:24.162404,bitget,0.01861,0.01862,77880.0,130368.0
2025-07-25T08:17:24.165034,lbank,0.01862,0.01864,223914.86,24300.0
2025-07-25T08:17:24.199124,bitmart,0.01859,0.01864,30855.0,64914.0
2025-07-25T08:17:24.205625,okx,0.01862,0.01864,227774.45,32640.21
2025-07-25T08:17:24.274730,bingx,0.01863,0.01866,2800.67,118900.96
2025-07-25T08:17:24.316634,bitget,0.01861,0.01862,37880.0,130368.0
2025-07-25T08:17:24.346360,okx,0.01862,0.01864,218174.45,63484.49
2025-07-25T08:17:24.428998,bybit,0.01861,0.01862,49090.0,36533.0
2025-07-25T08:17:24.432723,gateio,0.018603,0.018624,1788.0,6339.0
2025-07-25T08:17:24.463021,bitget,0.01861,0.01862,37880.0,130368.0
2025-07-25T08:17:24.508582,gateio,0.018603,0.018624,894.0,6339.0
2025-07-25T08:17:24.511949,huobi,0.018546,0.018627,101395.2478,25121.3914
2025-07-25T08:17:24.529675,bybit,0.01861,0.01862,34306.0,96909.0
2025-07-25T08:17:24.556912,blofin,0.01861,0.01862,5.0,16724.0
2025-07-25T08:17:24.561057,okx,0.01862,0.01864,190809.23,66243.07
2025-07-25T08:17:24.567862,bingx,0.01862,0.01864,2800.67,118900.96
2025-07-25T08:17:24.609352,huobi,0.018547,0.018627,601.5653,25121.3914
2025-07-25T08:17:24.613858,bitget,0.0186,0.01861,340901.0,7580.0
2025-07-25T08:17:24.652847,gateio,0.018603,0.018624,894.0,20850.0
2025-07-25T08:17:24.663607,lbank,0.01862,0.01864,223914.86,24300.0
2025-07-25T08:17:24.691988,okx,0.01862,0.01864,83285.82,66243.07
2025-07-25T08:17:24.729249,bybit,0.0,0.0,0.0,0.0
2025-07-25T08:17:24.762858,bitget,0.0186,0.01861,207058.0,7580.0
2025-07-25T08:17:24.807547,okx,0.01862,0.01864,83285.82,112516.37
2025-07-25T08:17:24.909424,huobi,0.018533,0.018627,35609.6586,25121.3914
2025-07-25T08:17:24.914077,bitget,0.0186,0.01861,207058.0,7580.0
2025-07-25T08:17:24.936986,binance,0.01862,0.01862,0.0,0.0
2025-07-25T08:17:24.956657,okx,0.01862,0.01864,83285.82,144432.92
2025-07-25T08:17:25.028884,bybit,0.01861,0.0,33176.0,0.0
2025-07-25T08:17:25.049181,blofin,0.01861,0.01862,5.0,16724.0
2025-07-25T08:17:25.063190,bitget,0.0186,0.01861,267058.0,47580.0
2025-07-25T08:17:25.212353,lbank,0.01862,0.01864,223914.86,24300.0
2025-07-25T08:17:25.213445,bitget,0.0186,0.01861,267058.0,47580.0
2025-07-25T08:17:25.246069,bitmart,0.01858,0.01863,33800.0,32850.0
