timestamp,exchange,bid,ask,bid_vol,ask_vol
2025-07-25T07:43:54.965739,huobi,115193.87,115193.88,0.26043,0.060266
2025-07-25T07:43:55.157771,bitrue,115170.78,115170.79,0.6253,17.9594
2025-07-25T07:43:55.320655,huobi,115194.14,115194.15,0.379112,0.0021
2025-07-25T07:43:55.419580,huobi,115194.14,115194.15,0.587135,0.0021
2025-07-25T07:43:55.521671,huobi,115194.14,115194.15,0.733243,0.0021
2025-07-25T07:43:55.655585,phemex,1151336000,1151337000,104304,839735
2025-07-25T07:43:55.655631,phemex,0.0,1151337000,0.0,654898
2025-07-25T07:43:55.655657,phemex,1151336000,1151337000,104304,195254
2025-07-25T07:43:55.655682,phemex,1151336000,1151337000,196049,180254
2025-07-25T07:43:55.655710,phemex,1151336000,1151354000,178451,8000
2025-07-25T07:43:55.655738,phemex,1151336000,1151578000,104651,0
2025-07-25T07:43:55.655768,phemex,0.0,1151414000,0.0,25881
2025-07-25T07:43:55.655818,phemex,1151114000,1151337000,353,274162
2025-07-25T07:43:55.820766,phemex,1151336000,0.0,122249,0.0
2025-07-25T07:43:56.000830,phemex,0.0,1151337000,0.0,180254
2025-07-25T07:43:56.100629,phemex,0.0,1151337000,0.0,274173
2025-07-25T07:43:56.101722,bitrue,115170.78,115170.79,0.6253,17.9594
2025-07-25T07:43:56.260952,phemex,1151336000,0.0,104651,0.0
2025-07-25T07:43:56.301114,phemex,1151181000,1151413000,73800,73800
2025-07-25T07:43:56.318602,huobi,115194.14,115194.15,0.733243,0.002010000210948213
2025-07-25T07:43:56.421373,phemex,0.0,1151337000,0.0,180254
2025-07-25T07:43:56.441044,phemex,1151336000,0.0,122249,0.0
2025-07-25T07:43:56.521065,phemex,0.0,1151337000,0.0,274165
2025-07-25T07:43:56.741553,phemex,1151336000,0.0,104651,0.0
2025-07-25T07:43:56.782498,phemex,0.0,1151337000,0.0,281273
2025-07-25T07:43:56.821536,phemex,0.0,1151453000,0.0,0
2025-07-25T07:43:56.918309,huobi,115194.14,115194.15,0.681653,0.002010000210948213
2025-07-25T07:43:57.147598,bitrue,115170.78,115170.81,0.6253,0.0001
2025-07-25T07:43:57.303572,phemex,0.0,1151374000,0.0,73800
2025-07-25T07:43:57.417597,huobi,115194.14,115194.15,0.532137,0.002010000210948213
2025-07-25T07:43:57.503113,phemex,1151330000,0.0,85073,0.0
2025-07-25T07:43:57.603021,phemex,1151336000,0.0,122249,0.0
2025-07-25T07:43:57.617918,huobi,115194.14,115194.15,0.733243,0.002010000210948213
2025-07-25T07:43:57.622937,phemex,0.0,1151374000,0.0,0
2025-07-25T07:43:57.663110,phemex,0.0,1151337000,0.0,187362
2025-07-25T07:43:57.783411,phemex,0.0,1151337000,0.0,281273
2025-07-25T07:43:57.823521,phemex,1151336000,0.0,104651,0.0
2025-07-25T07:43:58.196405,bitrue,115170.78,115170.79,0.6253,2.7003
2025-07-25T07:43:58.482691,phemex,1151250000,1151374000,73800,73800
2025-07-25T07:43:59.285986,phemex,1151256000,0.0,73800,0.0
2025-07-25T07:43:59.521307,huobi,115194.14,115194.15,0.583727,0.002010000210948213
2025-07-25T07:43:59.819140,huobi,115194.14,115194.15,0.375704,0.002010000210948213
2025-07-25T07:44:00.024744,huobi,115194.14,115194.15,0.375704,0.002010000210948213
2025-07-25T07:44:00.187050,phemex,0.0,1151374000,0.0,0
2025-07-25T07:44:00.206866,phemex,0.0,1151647000,0.0,17598
2025-07-25T07:44:00.267344,phemex,1151336000,1151389000,104651,73800
2025-07-25T07:44:00.291630,bitrue,115170.78,115170.79,0.6253,2.6979
2025-07-25T07:44:00.318458,huobi,115194.14,115194.15,0.733243,0.002010000210948213
2025-07-25T07:44:00.418977,huobi,115194.14,115194.15,0.544974,2.10948213e-10
2025-07-25T07:44:00.845617,phemex,1151336000,0.0,122249,0.0
2025-07-25T07:44:01.208666,phemex,0.0,1151608000,0.0,0
2025-07-25T07:44:01.230220,phemex,0.0,1151337000,0.0,180254
2025-07-25T07:44:01.250073,phemex,1151331000,1151375000,73800,0
2025-07-25T07:44:01.318303,phemex,1151336000,1151354000,196049,0
2025-07-25T07:44:01.352522,phemex,1151124000,1151338000,0,7108
2025-07-25T07:44:01.372939,phemex,1151296000,0.0,24944,0.0
2025-07-25T07:44:02.380506,bitrue,115170.78,115170.79,0.6253,2.6979
2025-07-25T07:44:02.411838,phemex,0.0,1151413000,0.0,0
2025-07-25T07:44:02.517686,huobi,115194.14,115194.15,0.799396,2.10948213e-10
2025-07-25T07:44:02.828475,phemex,0.0,1151337000,0.0,0
2025-07-25T07:44:02.834163,phemex,1151337000,1151531000,127691,0
2025-07-25T07:44:02.836068,phemex,1151337000,0.0,190758,0.0
2025-07-25T07:44:02.836896,phemex,1151337000,0.0,264558,0.0
2025-07-25T07:44:02.837398,phemex,1151337000,0.0,296909,0.0
2025-07-25T07:44:02.838283,phemex,0.0,1151414000,0.0,0
2025-07-25T07:44:02.838935,phemex,1151337000,0.0,242224,0.0
2025-07-25T07:44:02.839597,phemex,1151337000,0.0,242607,0.0
2025-07-25T07:44:02.839637,phemex,0.0,1151495000,0.0,23974
2025-07-25T07:44:02.840465,phemex,1151098000,0.0,93780,0.0
2025-07-25T07:44:02.851599,phemex,0.0,1151338000,0.0,0
2025-07-25T07:44:02.911830,phemex,1151341000,0.0,113016,0.0
2025-07-25T07:44:02.951486,phemex,1151341000,0.0,195702,0.0
2025-07-25T07:44:03.052382,phemex,0.0,1151342000,0.0,93825
2025-07-25T07:44:03.092223,phemex,1151114000,1151342000,0,0
2025-07-25T07:44:03.111985,phemex,1151414000,1151456000,127691,0
2025-07-25T07:44:03.119960,huobi,115194.99,115195.0,0.38098,2.000087503798e-05
2025-07-25T07:44:03.132937,phemex,1151414000,0.0,160042,0.0
2025-07-25T07:44:03.172186,phemex,1151414000,0.0,303072,0.0
2025-07-25T07:44:03.239302,phemex,1151414000,0.0,312341,0.0
2025-07-25T07:44:03.272298,phemex,1151337000,1151415000,73800,5099
2025-07-25T07:44:03.312156,phemex,1151268000,1151415000,353,5098
2025-07-25T07:44:03.418941,huobi,115194.99,115195.0,0.530496,2.000087503798e-05
2025-07-25T07:44:03.619200,huobi,115194.99,115195.0,0.738519,2.000087503798e-05
2025-07-25T07:44:03.652866,phemex,0.0,1151421000,0.0,7108
2025-07-25T07:44:03.793064,phemex,1151414000,1151421000,166258,0
2025-07-25T07:44:03.812967,phemex,1151414000,0.0,110850,0.0
2025-07-25T07:44:03.833157,phemex,1151414000,0.0,128448,0.0
2025-07-25T07:44:03.853048,phemex,0.0,1151415000,0.0,12206
2025-07-25T07:44:03.873196,phemex,1151414000,1151531000,110850,17598
2025-07-25T07:44:04.013311,phemex,1151098000,0.0,0,0.0
2025-07-25T07:44:04.018880,huobi,115194.99,115195.0,0.589003,2.000087503798e-05
2025-07-25T07:44:04.053662,phemex,1151414000,0.0,110467,0.0
2025-07-25T07:44:04.113594,phemex,1151268000,0.0,0,0.0
2025-07-25T07:44:04.154277,phemex,1151376000,0.0,1,0.0
2025-07-25T07:44:04.193735,phemex,0.0,1151415000,0.0,12586
2025-07-25T07:44:04.213846,phemex,1151331000,0.0,0,0.0
2025-07-25T07:44:04.254099,phemex,1151323000,1151415000,73800,86386
2025-07-25T07:44:04.313887,phemex,0.0,1151418000,0.0,23974
2025-07-25T07:44:04.334126,phemex,1151096000,0.0,353,0.0
2025-07-25T07:44:04.454696,phemex,1151337000,0.0,0,0.0
2025-07-25T07:44:04.471594,bitrue,115170.78,115170.79,0.6253,2.6979
2025-07-25T07:44:04.494282,phemex,1151323000,1151415000,0,103984
2025-07-25T07:44:04.518105,huobi,115194.99,115195.0,0.32939,2.000087503798e-05
2025-07-25T07:44:04.594602,phemex,1151296000,1151415000,0,86386
2025-07-25T07:44:04.774980,phemex,0.0,1151419000,0.0,0
2025-07-25T07:44:04.815001,phemex,1151221000,1151415000,24523,86386
2025-07-25T07:44:04.874925,phemex,0.0,1151415000,0.0,180178
2025-07-25T07:44:05.215763,phemex,1151331000,1151417000,73800,73800
2025-07-25T07:44:05.519431,bitrue,115175.48,115175.49,16.1287,0.0374
2025-07-25T07:44:05.619181,huobi,115194.99,115195.0,0.589003,2.000087503798e-05
2025-07-25T07:44:05.718400,huobi,115194.99,115195.0,0.738519,2.000087503798e-05
2025-07-25T07:44:05.916848,phemex,0.0,1151415000,0.0,86386
2025-07-25T07:44:06.016779,phemex,0.0,1151415000,0.0,180182
2025-07-25T07:44:06.177155,phemex,1151414000,1151415000,101581,173074
2025-07-25T07:44:06.218251,huobi,115194.99,115195.0,0.589003,2.000087503798e-05
2025-07-25T07:44:06.222681,phemex,1151404000,1151415000,8887,99274
2025-07-25T07:44:06.418650,huobi,115194.99,115195.0,0.738519,2.000087503798e-05
2025-07-25T07:44:06.617693,phemex,0.0,1151415000,0.0,98894
2025-07-25T07:44:06.637860,phemex,1151414000,1151575000,110468,24906
2025-07-25T07:44:06.657707,phemex,1151414000,0.0,110851,0.0
2025-07-25T07:44:06.678259,phemex,1151414000,1151531000,127930,0
2025-07-25T07:44:06.878586,phemex,1151414000,1151531000,110851,17079
2025-07-25T07:44:07.159385,phemex,1151309000,0.0,125176,0.0
2025-07-25T07:44:07.179593,phemex,0.0,1151415000,0.0,172694
2025-07-25T07:44:07.218084,huobi,115207.43,115207.44,0.29377,0.001931375043833976
2025-07-25T07:44:07.238733,phemex,1151414000,0.0,110468,0.0
2025-07-25T07:44:07.318130,huobi,115207.43,115207.44,0.2947,0.001931375043833976
2025-07-25T07:44:07.701675,phemex,0.0,1151415000,0.0,179803
2025-07-25T07:44:08.122329,phemex,0.0,1151415000,0.0,106003
2025-07-25T07:44:08.125394,phemex,1151414000,1151415000,110468,106003
2025-07-25T07:44:08.125929,phemex,1151414000,0.0,127547,0.0
2025-07-25T07:44:08.160505,phemex,1151414000,1151531000,127930,0
2025-07-25T07:44:08.181045,phemex,1151414000,0.0,201730,0.0
2025-07-25T07:44:08.321025,phemex,0.0,1151443000,0.0,0
2025-07-25T07:44:08.341062,phemex,0.0,1151535000,0.0,25473
2025-07-25T07:44:08.741853,phemex,1151414000,0.0,127930,0.0
2025-07-25T07:44:08.771907,bitrue,115175.48,115175.49,16.1287,0.0374
2025-07-25T07:44:09.468527,phemex,1151414000,1151443000,201730,73800
2025-07-25T07:44:09.471646,phemex,1151377000,0.0,24592,0.0
2025-07-25T07:44:09.472724,phemex,0.0,1151443000,0.0,0
2025-07-25T07:44:09.473192,phemex,0.0,1151450000,0.0,0
2025-07-25T07:44:09.819425,bitrue,115175.48,115175.49,16.1287,0.0374
2025-07-25T07:44:09.883663,phemex,1151096000,1151415000,0,98894
2025-07-25T07:44:09.918479,huobi,115207.43,115207.44,0.34629,0.001931375043833976
2025-07-25T07:44:10.018769,huobi,115207.43,115207.44,0.554313,0.001931375043833976
2025-07-25T07:44:10.124429,phemex,1151257000,0.0,353,0.0
2025-07-25T07:44:10.218371,huobi,115207.43,115207.44,0.34629,0.001931375043833976
2025-07-25T07:44:10.444494,phemex,0.0,1151634000,0.0,2868
2025-07-25T07:44:10.684972,phemex,0.0,1151634000,0.0,0
2025-07-25T07:44:10.818424,huobi,115207.43,115207.44,0.34789,0.001931375043833976
2025-07-25T07:44:11.146007,phemex,1151414000,0.0,127930,0.0
2025-07-25T07:44:11.186021,phemex,1151414000,1151443000,127929,7108
2025-07-25T07:44:11.519120,huobi,115207.43,115207.44,0.345286,0.001931375043833976
2025-07-25T07:44:11.910834,bitrue,115175.48,115176.14,16.1287,0.0001
2025-07-25T07:44:11.987179,phemex,0.0,1151535000,0.0,0
2025-07-25T07:44:12.007183,phemex,0.0,1151647000,0.0,42362
2025-07-25T07:44:12.020129,huobi,115207.78,115207.79,0.32909,0.002886
2025-07-25T07:44:12.127426,phemex,1151414000,0.0,201729,0.0
2025-07-25T07:44:12.958718,bitrue,115184.75,115184.76,29.0657,5.7536
2025-07-25T07:44:13.088831,phemex,1151414000,1151415000,184650,106002
2025-07-25T07:44:13.128615,phemex,0.0,1151450000,0.0,73800
2025-07-25T07:44:13.489287,phemex,0.0,1151450000,0.0,0
2025-07-25T07:44:14.005721,bitrue,115184.75,115184.76,29.0657,5.7536
2025-07-25T07:44:14.111318,phemex,1151414000,1151450000,110850,73800
2025-07-25T07:44:14.131007,phemex,0.0,1151450000,0.0,0
2025-07-25T07:44:14.251246,phemex,1151414000,1151531000,127929,0
2025-07-25T07:44:14.319117,huobi,115207.78,115207.79,0.32749,0.002886
2025-07-25T07:44:15.092111,phemex,1151414000,1151450000,201729,73800
2025-07-25T07:44:15.112356,phemex,0.0,1151450000,0.0,0
2025-07-25T07:44:16.095761,bitrue,115184.75,115184.76,29.0657,5.7536
2025-07-25T07:44:16.518847,huobi,115207.78,115207.79,0.535513,0.002886
2025-07-25T07:44:16.618213,huobi,115207.78,115207.79,0.685029,0.002886
2025-07-25T07:44:16.715291,phemex,1151276000,1151647000,93684,24764
2025-07-25T07:44:16.734914,phemex,0.0,1151647000,0.0,42217
2025-07-25T07:44:17.075222,phemex,1151414000,0.0,127929,0.0
2025-07-25T07:44:17.119582,huobi,115207.78,115207.79,0.32749,0.002886
2025-07-25T07:44:17.716764,phemex,0.0,1151415000,0.0,12206
2025-07-25T07:44:17.737590,phemex,0.0,1151415000,0.0,0
2025-07-25T07:44:17.756574,phemex,1151431000,1151432000,136432,0
2025-07-25T07:44:17.776574,phemex,1151434000,1151664000,222964,17453
2025-07-25T07:44:17.816552,phemex,1151434000,1151457000,305650,88582
2025-07-25T07:44:17.819839,huobi,115207.78,115207.79,0.685029,0.002886
2025-07-25T07:44:17.856562,phemex,0.0,1151488000,0.0,93672
2025-07-25T07:44:18.018740,huobi,115207.78,115207.79,0.53735,0.002886
2025-07-25T07:44:18.077100,phemex,1151434000,0.0,306033,0.0
2025-07-25T07:44:18.187615,bitrue,115184.75,115184.76,29.0657,5.7536
2025-07-25T07:44:18.237310,phemex,0.0,1151435000,0.0,0
2025-07-25T07:44:18.278054,phemex,1151440000,1151441000,81747,1972
2025-07-25T07:44:18.317553,phemex,1151440000,1151502000,146617,136787
2025-07-25T07:44:18.357718,phemex,1151440000,1151626000,177165,0
2025-07-25T07:44:18.417822,phemex,0.0,1151441000,0.0,939
2025-07-25T07:44:18.437847,phemex,0.0,1151664000,0.0,0
2025-07-25T07:44:18.458671,phemex,1151403000,1151441000,711,0
2025-07-25T07:44:18.478056,phemex,1151483000,1151696000,127546,24480
2025-07-25T07:44:18.498553,phemex,1151483000,1151496000,190445,20000
2025-07-25T07:44:18.518490,huobi,115207.78,115207.79,0.686866,0.002886
2025-07-25T07:44:18.881581,phemex,1151483000,1151539000,231850,7108
2025-07-25T07:44:18.885368,phemex,1151483000,1151534000,232233,93672
2025-07-25T07:44:19.235648,bitrue,115184.75,115184.76,29.0657,5.7536
2025-07-25T07:44:19.314249,phemex,1151483000,1151484000,306033,27108
2025-07-25T07:44:19.317755,phemex,1151483000,0.0,232233,0.0
2025-07-25T07:44:19.439331,phemex,0.0,1151533000,0.0,0
2025-07-25T07:44:19.499430,phemex,1151483000,0.0,214780,0.0
2025-07-25T07:44:19.519828,phemex,1151483000,1151600000,104687,17453
2025-07-25T07:44:19.520695,huobi,115207.78,115207.79,0.53735,0.002886
2025-07-25T07:44:19.620391,huobi,115207.78,115207.79,0.329327,0.002886
2025-07-25T07:44:20.040372,phemex,1151378000,1151525000,73800,73800
2025-07-25T07:44:20.286505,bitrue,115184.75,115184.76,29.0657,5.7536
2025-07-25T07:44:20.380890,phemex,1151483000,0.0,122140,0.0
2025-07-25T07:44:20.400913,phemex,0.0,1151600000,0.0,0
2025-07-25T07:44:20.418990,huobi,115207.78,115207.79,0.686866,0.002886
2025-07-25T07:44:20.500965,phemex,0.0,1151525000,0.0,0
2025-07-25T07:44:20.941873,phemex,1151276000,0.0,0,0.0
2025-07-25T07:44:21.004522,phemex,1151483000,1151600000,104687,17453
2025-07-25T07:44:21.021809,phemex,0.0,1151501000,0.0,73800
2025-07-25T07:44:21.042019,phemex,1151315000,0.0,93672,0.0
2025-07-25T07:44:21.102088,phemex,0.0,1151501000,0.0,0
2025-07-25T07:44:21.117842,huobi,115207.78,115207.79,0.940963,0.002886
2025-07-25T07:44:21.218280,huobi,115207.78,115207.79,0.53735,0.002886
2025-07-25T07:44:21.222281,phemex,1151315000,0.0,0,0.0
2025-07-25T07:44:21.242504,phemex,0.0,1151533000,0.0,24038
2025-07-25T07:44:21.318826,huobi,115207.78,115207.79,0.583424,0.002886
2025-07-25T07:44:21.322300,phemex,1151284000,0.0,93671,0.0
2025-07-25T07:44:22.023849,phemex,0.0,1151495000,0.0,73800
2025-07-25T07:44:22.283923,phemex,0.0,1151495000,0.0,0
2025-07-25T07:44:22.323921,phemex,0.0,1151501000,0.0,0
2025-07-25T07:44:22.380519,bitrue,115184.75,115184.76,29.0657,5.7536
2025-07-25T07:44:22.419375,huobi,115207.78,115207.79,0.486005,0.002886
2025-07-25T07:44:22.718405,huobi,115207.78,115207.79,0.486005,0.002796
2025-07-25T07:44:23.005410,phemex,0.0,1151532000,0.0,73800
2025-07-25T07:44:23.285742,phemex,0.0,1151512000,0.0,0
2025-07-25T07:44:23.420667,huobi,115207.78,115207.79,0.843544,0.002796
2025-07-25T07:44:23.434185,bitrue,115184.75,115184.76,29.0657,5.7536
2025-07-25T07:44:23.776833,phemex,1151483000,1151532000,122140,0
2025-07-25T07:44:23.782887,phemex,0.0,1151733000,0.0,71473
2025-07-25T07:44:24.007032,phemex,0.0,1151525000,0.0,0
2025-07-25T07:44:24.227202,phemex,1151483000,1151600000,104687,17453
2025-07-25T07:44:24.422663,huobi,115207.78,115207.79,0.486005,0.002796
2025-07-25T07:44:24.427688,phemex,1151483000,1151484000,104304,27488
2025-07-25T07:44:24.447687,phemex,1151104000,0.0,17453,0.0
2025-07-25T07:44:24.517617,huobi,115207.78,115207.79,0.068928,0.004382
2025-07-25T07:44:24.527590,phemex,1151293000,0.0,93670,0.0
2025-07-25T07:44:24.617542,huobi,115207.78,115207.79,0.583416,0.002796
2025-07-25T07:44:24.668147,phemex,0.0,1151633000,0.0,360
2025-07-25T07:44:24.988732,phemex,1151404000,1151501000,73800,73800
2025-07-25T07:44:25.117514,huobi,115207.78,115207.79,0.635006,0.002796
2025-07-25T07:44:25.468979,phemex,1151340000,0.0,69735,0.0
2025-07-25T07:44:25.489056,phemex,1151474000,0.0,0,0.0
2025-07-25T07:44:25.518009,huobi,115207.78,115207.79,0.37908,0.002796
2025-07-25T07:44:25.593142,phemex,1151284000,0.0,93670,0.0
2025-07-25T07:44:25.617515,huobi,115207.78,115207.79,0.633165,0.002796
2025-07-25T07:44:25.729673,phemex,1151448000,1151484000,0,156008
2025-07-25T07:44:25.769740,phemex,1151377000,1151484000,0,306008
2025-07-25T07:44:25.819614,huobi,115207.78,115207.79,0.321009,0.002796
2025-07-25T07:44:25.829945,phemex,1151277000,1151484000,93669,326282
2025-07-25T07:44:25.917823,huobi,115207.78,115207.79,0.575093,0.004382
2025-07-25T07:44:25.970236,phemex,0.0,1151512000,0.0,0
2025-07-25T07:44:26.010450,phemex,1151310000,1151484000,73800,400082
2025-07-25T07:44:26.018330,huobi,115207.78,115207.79,0.583506,0.004382
2025-07-25T07:44:26.110355,phemex,1151277000,0.0,0,0.0
2025-07-25T07:44:26.118087,huobi,115207.78,115207.79,0.575093,0.004382
2025-07-25T07:44:26.170268,phemex,0.0,1151622000,0.0,57266
2025-07-25T07:44:26.210405,phemex,1151229000,0.0,93669,0.0
2025-07-25T07:44:26.218829,huobi,115207.78,115207.79,0.321009,0.004382
2025-07-25T07:44:26.470980,phemex,1151310000,0.0,0,0.0
2025-07-25T07:44:26.573465,bitrue,115184.75,115184.76,29.0657,5.7536
2025-07-25T07:44:26.971690,phemex,1151310000,0.0,73800,0.0
2025-07-25T07:44:27.517642,huobi,115207.78,115207.79,0.321009,0.004292
2025-07-25T07:44:27.621162,bitrue,115184.75,115184.76,29.0657,5.7536
2025-07-25T07:44:27.954199,phemex,0.0,1151484000,0.0,326282
2025-07-25T07:44:28.235438,phemex,1151367000,1151484000,17704,308578
2025-07-25T07:44:28.274862,phemex,0.0,1151484000,0.0,197762
2025-07-25T07:44:28.319576,huobi,115207.78,115207.79,0.329422,0.002706
2025-07-25T07:44:28.334741,phemex,0.0,1151484000,0.0,291429
2025-07-25T07:44:28.354964,phemex,0.0,1151495000,0.0,0
2025-07-25T07:44:28.454945,phemex,0.0,1151669000,0.0,305972
2025-07-25T07:44:28.495164,phemex,1151229000,0.0,0,0.0
2025-07-25T07:44:28.535386,phemex,0.0,1151642000,0.0,2813
2025-07-25T07:44:28.595346,phemex,1151227000,0.0,93667,0.0
2025-07-25T07:44:28.620559,huobi,115207.78,115207.79,0.321009,0.004292
2025-07-25T07:44:28.717190,huobi,115207.78,115207.79,0.329422,0.004292
2025-07-25T07:44:28.819302,huobi,115207.78,115207.79,0.329422,0.002706
2025-07-25T07:44:28.895480,phemex,0.0,1151642000,0.0,0
2025-07-25T07:44:28.917020,huobi,115207.78,115207.79,0.321009,0.004292
2025-07-25T07:44:28.935668,phemex,1151381000,1151484000,73800,365229
2025-07-25T07:44:29.017490,huobi,115207.78,115207.79,0.329422,0.002706
2025-07-25T07:44:29.196063,phemex,0.0,1151663000,0.0,44823
2025-07-25T07:44:29.556929,phemex,1151483000,1151484000,122008,291429
2025-07-25T07:44:29.576916,phemex,0.0,1151484000,0.0,284321
2025-07-25T07:44:29.596768,phemex,1151483000,1151663000,104304,41959
2025-07-25T07:44:29.618372,huobi,115207.78,115207.79,0.381012,0.002706
2025-07-25T07:44:29.937207,phemex,1151415000,0.0,73800,0.0
2025-07-25T07:44:30.017444,huobi,115209.99,115210.0,0.32749,0.00021
2025-07-25T07:44:30.117722,huobi,115209.99,115210.0,0.32749,0.001804
2025-07-25T07:44:30.197541,phemex,1151483000,0.0,122008,0.0
2025-07-25T07:44:30.438152,phemex,1151483000,0.0,104304,0.0
2025-07-25T07:44:30.768688,bitrue,115184.75,115184.76,29.0657,5.7536
2025-07-25T07:44:30.858590,phemex,0.0,1151485000,0.0,7108
2025-07-25T07:44:30.919265,phemex,1151417000,0.0,73800,0.0
2025-07-25T07:44:31.058821,phemex,1151417000,1151484000,0,291429
2025-07-25T07:44:31.079170,phemex,1151367000,0.0,17704,0.0
2025-07-25T07:44:31.098763,phemex,0.0,1151484000,0.0,271429
2025-07-25T07:44:31.138837,phemex,0.0,1151545000,0.0,0
2025-07-25T07:44:31.178938,phemex,0.0,1151669000,0.0,325972
2025-07-25T07:44:31.199971,phemex,0.0,1151671000,0.0,0
2025-07-25T07:44:31.279507,phemex,0.0,1151683000,0.0,0
2025-07-25T07:44:31.319207,phemex,0.0,1151799000,0.0,20000
2025-07-25T07:44:31.321601,huobi,115209.99,115210.0,0.32749,0.00339
2025-07-25T07:44:31.379306,phemex,0.0,1151669000,0.0,305972
2025-07-25T07:44:31.419405,huobi,115209.99,115210.0,0.32749,0.001804
2025-07-25T07:44:31.420038,phemex,0.0,1151547000,0.0,20000
2025-07-25T07:44:31.853565,bitrue,115184.75,115184.76,29.0657,5.7536
2025-07-25T07:44:31.900221,phemex,1151310000,1151564000,73800,20000
2025-07-25T07:44:31.920431,phemex,1151381000,1151484000,73800,345229
2025-07-25T07:44:32.360692,phemex,1151234000,0.0,93665,0.0
2025-07-25T07:44:32.901572,phemex,1151337000,0.0,73800,0.0
2025-07-25T07:44:33.118478,huobi,115209.99,115210.0,0.32749,0.001714001726412638
2025-07-25T07:44:33.702718,phemex,0.0,1151484000,0.0,271429
2025-07-25T07:44:33.823308,phemex,0.0,1151547000,0.0,0
2025-07-25T07:44:33.883037,phemex,1151377000,0.0,73800,0.0
2025-07-25T07:44:33.923133,phemex,1151483000,1151501000,122008,0
2025-07-25T07:44:33.949310,bitrue,115184.75,115184.76,29.0657,5.7536
2025-07-25T07:44:33.963397,phemex,0.0,1151584000,0.0,24000
2025-07-25T07:44:34.043506,phemex,0.0,1151600000,0.0,37704
2025-07-25T07:44:34.083582,phemex,1151483000,0.0,104304,0.0
2025-07-25T07:44:34.484174,phemex,1151234000,0.0,0,0.0
2025-07-25T07:44:34.505136,phemex,1151104000,0.0,17704,0.0
2025-07-25T07:44:34.584423,phemex,1151255000,0.0,93665,0.0
2025-07-25T07:44:34.644443,phemex,1151255000,0.0,1,0.0
2025-07-25T07:44:34.745604,phemex,1151249000,0.0,93662,0.0
2025-07-25T07:44:34.885189,phemex,1151415000,1151484000,0,345229
2025-07-25T07:44:34.905107,phemex,1151104000,0.0,17537,0.0
2025-07-25T07:44:35.245608,phemex,1151367000,0.0,0,0.0
2025-07-25T07:44:35.345626,phemex,1151367000,0.0,17537,0.0
2025-07-25T07:44:36.038681,bitrue,115184.75,115184.76,29.0657,5.7536
2025-07-25T07:44:36.707678,phemex,0.0,1151484000,0.0,271429
2025-07-25T07:44:36.720033,huobi,115209.99,115210.0,0.477006,0.001714001726412638
2025-07-25T07:44:36.727710,phemex,0.0,1151501000,0.0,0
2025-07-25T07:44:36.818951,huobi,115209.99,115210.0,0.37908,0.001714001726412638
2025-07-25T07:44:36.848185,phemex,1151415000,1151501000,73800,73800
2025-07-25T07:44:37.118068,huobi,115209.99,115210.0,0.32749,0.001714001726412638
2025-07-25T07:44:37.619980,huobi,115209.99,115210.0,0.32749,0.001245001726412638
2025-07-25T07:44:37.629155,phemex,0.0,1151653000,0.0,2857
2025-07-25T07:44:37.720857,huobi,115209.99,115210.0,0.32749,0.001155001726412638
2025-07-25T07:44:37.849266,phemex,0.0,1151484000,0.0,345229
2025-07-25T07:44:37.889492,phemex,1151415000,0.0,0,0.0
2025-07-25T07:44:37.909276,phemex,1151104000,0.0,17537,0.0
2025-07-25T07:44:38.129685,phemex,1151381000,0.0,0,0.0
2025-07-25T07:44:38.140170,bitrue,115184.75,115184.76,29.0657,5.7536
2025-07-25T07:44:38.149742,phemex,0.0,1151600000,0.0,17704
2025-07-25T07:44:38.170304,phemex,0.0,1151484000,0.0,365229
2025-07-25T07:44:38.219988,huobi,115209.99,115210.0,0.319077,0.15225700172641263
2025-07-25T07:44:38.229824,phemex,1151256000,0.0,93661,0.0
2025-07-25T07:44:38.249914,phemex,1151367000,1151484000,17537,271562
2025-07-25T07:44:38.319044,huobi,115209.99,115210.0,0.319077,0.20274100172641263
2025-07-25T07:44:38.350098,phemex,1151367000,1151484000,0,365221
2025-07-25T07:44:38.831854,phemex,1151337000,0.0,73800,0.0
2025-07-25T07:44:39.111321,phemex,1151256000,1151653000,0,0
2025-07-25T07:44:39.211246,phemex,1151239000,0.0,93659,0.0
2025-07-25T07:44:39.772322,phemex,1151367000,1151484000,17537,197762
2025-07-25T07:44:39.812508,phemex,1151381000,1151501000,73800,73800
2025-07-25T07:44:39.818041,huobi,115209.99,115210.0,0.32749,0.20115500172641262
2025-07-25T07:44:39.872920,phemex,0.0,1151490000,0.0,93658
2025-07-25T07:44:40.232243,bitrue,115184.75,115184.76,29.0657,5.7536
2025-07-25T07:44:40.618324,phemex,0.0,1151501000,0.0,0
2025-07-25T07:44:40.814134,phemex,1151415000,1151501000,73800,73800
2025-07-25T07:44:40.854233,phemex,0.0,1151501000,0.0,0
2025-07-25T07:44:40.874247,phemex,0.0,1151647000,0.0,0
2025-07-25T07:44:40.894276,phemex,1151483000,1151600000,121841,0
2025-07-25T07:44:40.919712,huobi,115209.99,115210.0,0.528596,0.20115500172641262
2025-07-25T07:44:40.954298,phemex,1151483000,1151484000,122212,197382
2025-07-25T07:44:41.018626,huobi,115209.99,115210.0,0.736619,0.20115500172641262
2025-07-25T07:44:41.034712,phemex,1151483000,1151600000,104675,17537
2025-07-25T07:44:41.118699,huobi,115209.99,115210.0,0.587103,0.20115500172641262
2025-07-25T07:44:41.134377,phemex,1151222000,0.0,357,0.0
2025-07-25T07:44:41.194862,phemex,1151483000,0.0,122212,0.0
2025-07-25T07:44:41.254733,phemex,0.0,1151600000,0.0,0
2025-07-25T07:44:41.536895,huobi,115209.99,115210.0,0.736619,0.20115500172641262
2025-07-25T07:44:41.718915,huobi,115209.99,115210.0,0.587103,0.20115500172641262
2025-07-25T07:44:41.817900,huobi,115209.99,115210.0,0.37908,0.20115500172641262
2025-07-25T07:44:42.051934,phemex,1151417000,0.0,73800,0.0
2025-07-25T07:44:42.317946,huobi,115209.99,115210.0,0.37908,0.20106500172641265
2025-07-25T07:44:42.323820,bitrue,115184.75,115184.76,29.0657,5.7536
2025-07-25T07:44:42.417811,huobi,115209.99,115210.0,0.343207,0.20106500172641265
2025-07-25T07:44:42.828297,phemex,1151483000,1151600000,104675,17537
2025-07-25T07:44:42.831599,phemex,0.0,1151501000,0.0,73800
2025-07-25T07:44:42.857554,phemex,1151483000,0.0,104304,0.0
2025-07-25T07:44:42.918342,huobi,115209.99,115210.0,0.291617,0.20265100172641265
2025-07-25T07:44:43.166625,huobi,115209.99,115210.0,0.283204,0.20265100172641265
2025-07-25T07:44:43.378598,phemex,0.0,1151489000,0.0,73800
2025-07-25T07:44:43.539071,phemex,0.0,1151489000,0.0,0
2025-07-25T07:44:43.578302,phemex,0.0,1151501000,0.0,0
2025-07-25T07:44:43.778572,phemex,0.0,1151501000,0.0,73800
2025-07-25T07:44:43.859110,phemex,0.0,1151484000,0.0,197733
2025-07-25T07:44:43.898697,phemex,1151417000,0.0,0,0.0
2025-07-25T07:44:43.918657,phemex,1151104000,0.0,17537,0.0
2025-07-25T07:44:44.179107,phemex,1151381000,0.0,74739,0.0
2025-07-25T07:44:44.217975,huobi,115209.99,115210.0,0.283204,0.21359300172641263
2025-07-25T07:44:44.219610,phemex,1151367000,1151484000,0,215270
2025-07-25T07:44:44.239141,phemex,0.0,1151629000,0.0,55420
2025-07-25T07:44:44.262878,phemex,1151381000,0.0,939,0.0
2025-07-25T07:44:44.279623,phemex,1151483000,1151484000,8886,249685
2025-07-25T07:44:44.299491,phemex,1151483000,1151417000,0,7108
2025-07-25T07:44:44.320060,huobi,115207.79,115207.8,0.021258,0.058678
2025-07-25T07:44:44.322849,phemex,1151309000,1151417000,0,505805
2025-07-25T07:44:44.339524,phemex,1151265000,1151417000,102384,647832
2025-07-25T07:44:44.359582,phemex,1151186000,1151417000,0,757661
2025-07-25T07:44:44.419718,huobi,115207.79,115207.8,0.021258,0.713712
2025-07-25T07:44:44.420010,phemex,1151122000,1151417000,93652,740124
2025-07-25T07:44:44.420542,bitrue,115184.75,115184.76,29.0657,5.7536
2025-07-25T07:44:44.459690,phemex,1151184000,0.0,25145,0.0
2025-07-25T07:44:44.539766,phemex,1151122000,0.0,0,0.0
2025-07-25T07:44:44.660497,phemex,1151284000,0.0,0,0.0
2025-07-25T07:44:44.700035,phemex,0.0,1151633000,0.0,0
2025-07-25T07:44:44.718652,huobi,115207.79,115207.8,0.021258,0.874438
2025-07-25T07:44:44.900430,phemex,0.0,1151481000,0.0,360
2025-07-25T07:44:44.920302,phemex,0.0,1151630000,0.0,0
2025-07-25T07:44:45.464718,bitrue,115184.75,115184.76,29.0657,5.7536
2025-07-25T07:44:45.518237,huobi,115207.79,115207.8,0.021258,0.724922
2025-07-25T07:44:45.619282,huobi,115207.79,115207.8,0.021258,0.874438
2025-07-25T07:44:45.669932,phemex,0.0,1151510000,0.0,2870
2025-07-25T07:44:45.673646,phemex,1151220000,0.0,0,0.0
2025-07-25T07:44:45.674130,phemex,1151082000,0.0,0,0.0
2025-07-25T07:44:45.674764,phemex,1151366000,0.0,0,0.0
2025-07-25T07:44:45.675378,phemex,1151414000,0.0,0,0.0
2025-07-25T07:44:45.701629,phemex,1151266000,1151456000,6163,1
2025-07-25T07:44:45.728722,huobi,115207.79,115207.8,0.021258,1.186369
2025-07-25T07:44:45.741878,phemex,1151265000,0.0,0,0.0
2025-07-25T07:44:45.783403,phemex,1151123000,1151417000,0,666324
2025-07-25T07:44:45.857569,huobi,115207.43,115207.8,0.00093,1.036853
2025-07-25T07:44:45.862360,phemex,1151220000,0.0,806,0.0
2025-07-25T07:44:45.902734,phemex,1151202000,1151510000,895,0
2025-07-25T07:44:45.919015,huobi,115200.0,115200.01,0.00011,0.662146
2025-07-25T07:44:45.962044,phemex,0.0,1151716000,0.0,17379
2025-07-25T07:44:46.002323,phemex,1151025000,0.0,93650,0.0
2025-07-25T07:44:46.019112,huobi,115200.0,115200.01,0.260526,0.666346
2025-07-25T07:44:46.082420,phemex,0.0,1151643000,0.0,2870
2025-07-25T07:44:46.162504,phemex,1151025000,0.0,0,0.0
2025-07-25T07:44:46.202561,phemex,1151287000,1151417000,8887,666325
2025-07-25T07:44:46.243321,phemex,1151019000,1151484000,93650,20000
2025-07-25T07:44:46.263994,phemex,1151221000,1151417000,0,876279
2025-07-25T07:44:46.302747,phemex,0.0,1151417000,0.0,878078
2025-07-25T07:44:46.321994,huobi,115200.0,115200.01,0.00011,0.827072
2025-07-25T07:44:46.419830,huobi,115200.0,115200.01,0.00011,1.081097
2025-07-25T07:44:46.517428,bitrue,115183.2,115183.21,0.4287,55.512
2025-07-25T07:44:46.543251,phemex,0.0,1151417000,0.0,881388
2025-07-25T07:44:46.563535,phemex,1151150000,0.0,25145,0.0
2025-07-25T07:44:46.743495,phemex,0.0,1151417000,0.0,955188
2025-07-25T07:44:47.569969,bitrue,115170.78,115170.79,0.1113,19.6355
2025-07-25T07:44:48.017821,huobi,115200.0,115200.01,0.260526,1.081097
2025-07-25T07:44:48.219992,huobi,115200.0,115200.01,0.00011,1.081097
2025-07-25T07:44:48.222195,phemex,0.0,1151465000,0.0,0
2025-07-25T07:44:48.222552,phemex,0.0,1151417000,0.0,1045188
2025-07-25T07:44:48.726449,phemex,0.0,1151417000,0.0,971388
2025-07-25T07:44:48.917775,huobi,115200.0,115200.01,0.260526,1.081097
2025-07-25T07:44:49.188351,phemex,0.0,1151447000,0.0,132708
2025-07-25T07:44:49.321227,huobi,115200.0,115200.01,0.00011,1.081097
2025-07-25T07:44:49.420081,huobi,115200.0,115200.01,0.260526,1.081097
2025-07-25T07:44:49.662316,bitrue,115170.78,115170.79,0.1113,19.6355
2025-07-25T07:44:49.708774,phemex,1151181000,1151417000,73800,1045188
2025-07-25T07:44:49.729046,phemex,0.0,1151716000,0.0,17379
2025-07-25T07:44:49.768771,phemex,1151181000,0.0,0,0.0
2025-07-25T07:44:49.788956,phemex,1150988000,0.0,17379,0.0
2025-07-25T07:44:49.818893,huobi,115200.0,115200.01,0.00011,1.081097
2025-07-25T07:44:50.330363,phemex,0.0,1151417000,0.0,1060188
2025-07-25T07:44:50.510117,phemex,0.0,1151417000,0.0,1037718
2025-07-25T07:44:50.530186,phemex,0.0,1151417000,0.0,1060188
2025-07-25T07:44:50.690623,phemex,1151181000,0.0,73800,0.0
2025-07-25T07:44:50.711399,bitrue,115170.78,115170.79,0.1113,19.6355
2025-07-25T07:44:50.817845,huobi,115200.0,115200.01,0.260526,0.931581
2025-07-25T07:44:51.218143,huobi,115200.0,115200.01,0.260526,1.081097
2025-07-25T07:44:51.418495,huobi,115200.0,115200.01,0.260526,0.9314909921953132
2025-07-25T07:44:51.757623,bitrue,115170.78,115170.79,0.1113,19.6355
2025-07-25T07:44:52.020474,huobi,115200.0,115200.01,0.260526,1.0810069921953132
2025-07-25T07:44:52.518445,huobi,115200.0,115200.01,0.260526,0.9314909921953132
2025-07-25T07:44:52.620002,huobi,115200.0,115200.01,0.260526,0.7802439921953132
2025-07-25T07:44:53.714829,phemex,0.0,1151417000,0.0,966536
2025-07-25T07:44:53.724556,huobi,115200.0,115200.01,0.260526,0.5262189921953132
2025-07-25T07:44:53.814960,phemex,0.0,1151417000,0.0,1060176
2025-07-25T07:44:53.818650,huobi,115200.0,115200.01,0.260526,0.7802369921953132
2025-07-25T07:44:53.849698,bitrue,115170.78,115170.79,0.1113,19.6355
2025-07-25T07:44:55.299661,bitrue,115170.78,115170.79,0.1113,19.6355
2025-07-25T07:44:55.417421,phemex,0.0,1151417000,0.0,1054978
2025-07-25T07:44:55.457724,phemex,0.0,1151417000,0.0,1060175
2025-07-25T07:44:55.718047,huobi,115200.0,115200.01,0.260526,0.7801469921953131
2025-07-25T07:44:55.898179,phemex,0.0,1151417000,0.0,966535
2025-07-25T07:44:55.918436,huobi,115200.0,115200.01,0.260526,0.5261289921953132
2025-07-25T07:44:55.978476,phemex,0.0,1151417000,0.0,855719
2025-07-25T07:44:55.992839,bitrue,115170.78,115170.79,0.1113,19.6355
2025-07-25T07:44:55.998379,phemex,1151416000,1151417000,113059,659730
2025-07-25T07:44:56.018774,phemex,1151416000,1151417000,214770,569730
2025-07-25T07:44:56.019949,huobi,115200.0,115200.01,0.320529,0.212879
2025-07-25T07:44:56.039175,phemex,1151416000,1151417000,232410,160363
2025-07-25T07:44:56.098487,phemex,0.0,1151576000,0.0,7110
2025-07-25T07:44:56.119060,huobi,115200.0,115200.01,0.528552,0.212879
2025-07-25T07:44:56.139081,phemex,0.0,1151483000,0.0,0
2025-07-25T07:44:56.219294,phemex,1151416000,1151417000,223523,253996
2025-07-25T07:44:56.219548,huobi,115200.0,115200.01,0.531984,0.208679
2025-07-25T07:44:56.258992,phemex,1151416000,0.0,232409,0.0
2025-07-25T07:44:56.339439,phemex,1151416000,0.0,177723,0.0
2025-07-25T07:44:56.399126,phemex,1151416000,0.0,160083,0.0
2025-07-25T07:44:56.640123,phemex,1151416000,1151480000,233883,73800
2025-07-25T07:44:56.679575,phemex,1151416000,0.0,251523,0.0
2025-07-25T07:44:56.818125,huobi,115200.0,115200.01,0.6815,0.208679
2025-07-25T07:44:57.261031,phemex,1151416000,1151417000,104675,261104
2025-07-25T07:44:57.461230,phemex,0.0,1151643000,0.0,0
2025-07-25T07:44:57.621531,phemex,1151338000,1151446000,73800,73800
2025-07-25T07:44:58.002058,phemex,0.0,1151417000,0.0,167471
2025-07-25T07:44:58.095114,bitrue,115181.05,115181.06,28.8594,1.1784
2025-07-25T07:44:58.102025,phemex,0.0,1151417000,0.0,261104
2025-07-25T07:44:58.162221,phemex,1151416000,1151446000,122315,0
2025-07-25T07:44:58.483027,phemex,1151416000,0.0,104675,0.0
2025-07-25T07:44:58.602894,phemex,1151416000,0.0,178475,0.0
2025-07-25T07:44:59.604760,phemex,1151391000,0.0,73800,0.0
2025-07-25T07:44:59.717237,huobi,115200.0,115200.01,0.6799,0.208679
2025-07-25T07:44:59.744715,phemex,1151416000,0.0,104675,0.0
2025-07-25T07:45:00.029476,huobi,115200.0,115200.01,0.6799,0.208679
2025-07-25T07:45:00.165643,phemex,0.0,1151483000,0.0,0
2025-07-25T07:45:00.201234,bitrue,115181.05,115181.06,28.8594,1.1784
2025-07-25T07:45:00.221992,phemex,0.0,1151716000,0.0,17640
2025-07-25T07:45:00.286043,phemex,1151416000,0.0,122315,0.0
2025-07-25T07:45:00.586808,phemex,1151416000,1151483000,196115,73800
2025-07-25T07:45:00.620620,huobi,115200.0,115200.01,0.6799,0.142349
2025-07-25T07:45:00.666702,phemex,0.0,1151483000,0.0,0
2025-07-25T07:45:00.686711,phemex,0.0,1151716000,0.0,17640
2025-07-25T07:45:00.786905,phemex,0.0,1151417000,0.0,167471
2025-07-25T07:45:00.867121,phemex,0.0,1151417000,0.0,261094
2025-07-25T07:45:01.254402,bitrue,115181.05,115181.06,28.8594,1.1784
2025-07-25T07:45:01.568129,phemex,1151390000,1151483000,79963,73800
2025-07-25T07:45:01.808739,phemex,0.0,1151483000,0.0,0
2025-07-25T07:45:02.894839,phemex,1151416000,1151483000,122315,73800
2025-07-25T07:45:03.030444,phemex,0.0,1151483000,0.0,0
2025-07-25T07:45:03.418027,huobi,115200.0,115200.01,0.679448,0.142349
2025-07-25T07:45:04.030259,phemex,1151416000,1151483000,196115,73800
2025-07-25T07:45:04.035249,phemex,0.0,1151483000,0.0,0
2025-07-25T07:45:04.401575,bitrue,115181.05,115181.06,28.8594,1.1784
2025-07-25T07:45:04.533426,phemex,0.0,1151483000,0.0,73800
2025-07-25T07:45:04.833539,phemex,1151416000,0.0,122315,0.0
2025-07-25T07:45:04.933691,phemex,1151416000,1151533000,104675,41799
2025-07-25T07:45:04.953699,phemex,1151400000,0.0,0,0.0
2025-07-25T07:45:04.973850,phemex,1151391000,0.0,0,0.0
2025-07-25T07:45:05.018348,huobi,115200.0,115200.01,0.321909,0.142349
2025-07-25T07:45:05.219659,huobi,115200.0,115200.01,0.001832,0.143935
2025-07-25T07:45:05.254408,phemex,1151416000,0.0,104304,0.0
2025-07-25T07:45:05.294571,phemex,0.0,1151600000,0.0,357
2025-07-25T07:45:05.317085,phemex,0.0,1151649000,0.0,17761
2025-07-25T07:45:05.445594,bitrue,115181.05,115181.06,28.8594,1.1784
2025-07-25T07:45:05.535287,phemex,1151338000,1151417000,73800,334894
2025-07-25T07:45:05.554940,phemex,1151338000,1151417000,0,335252
2025-07-25T07:45:05.654987,phemex,1151110000,0.0,93612,0.0
2025-07-25T07:45:05.719174,huobi,115200.0,115200.01,0.010245,0.142349
2025-07-25T07:45:05.828362,huobi,115200.0,115200.01,0.159984,0.143935
2025-07-25T07:45:05.835385,phemex,1151331000,0.0,0,0.0
2025-07-25T07:45:05.919203,huobi,115200.0,115200.01,0.159984,0.142349
2025-07-25T07:45:06.019653,huobi,115200.0,115200.01,0.001832,0.143935
2025-07-25T07:45:06.318642,huobi,115200.0,115200.01,0.010245,0.142259
2025-07-25T07:45:06.418739,huobi,115200.0,115200.01,0.010245,0.143845
2025-07-25T07:45:06.518735,huobi,115200.0,115200.01,0.010245,0.142259
2025-07-25T07:45:06.673745,phemex,0.0,1151417000,0.0,355252
2025-07-25T07:45:06.756946,phemex,0.0,1151580000,0.0,2861
2025-07-25T07:45:06.778365,phemex,1151300000,0.0,0,0.0
2025-07-25T07:45:06.797222,phemex,1151399000,1151417000,0,557411
2025-07-25T07:45:06.817633,phemex,1151416000,1151417000,95418,696610
2025-07-25T07:45:06.821667,huobi,115195.0,115201.73,0.0001,0.062659
2025-07-25T07:45:06.837540,phemex,1151296000,0.0,8886,0.0
2025-07-25T07:45:06.859374,phemex,1151416000,1151417000,0,769992
2025-07-25T07:45:06.877895,phemex,1151280000,1151377000,0,194869
2025-07-25T07:45:06.897481,phemex,0.0,1151377000,0.0,441904
2025-07-25T07:45:06.917407,phemex,1151254000,1151377000,0,585445
2025-07-25T07:45:06.922125,huobi,115190.0,115190.01,0.00032,0.052422
2025-07-25T07:45:06.957845,phemex,1151246000,1151377000,0,720412
2025-07-25T07:45:07.017629,phemex,1151180000,1151377000,8887,910182
2025-07-25T07:45:07.024589,huobi,115190.0,115190.01,0.00032,0.055849
2025-07-25T07:45:07.057633,phemex,1151230000,1151377000,703,937872
2025-07-25T07:45:07.097742,phemex,1151230000,1151417000,0,290259
2025-07-25T07:45:07.137929,phemex,0.0,1151377000,0.0,1023614
2025-07-25T07:45:07.198399,phemex,0.0,1151417000,0.0,268480
2025-07-25T07:45:07.258344,phemex,0.0,1151377000,0.0,1065904
2025-07-25T07:45:07.298382,phemex,0.0,1151417000,0.0,232606
2025-07-25T07:45:07.331819,huobi,115190.0,115190.01,0.00032,0.657203
2025-07-25T07:45:07.338239,phemex,1151024000,1151377000,24861,1066262
2025-07-25T07:45:07.378486,phemex,0.0,1151427000,0.0,0
2025-07-25T07:45:07.420057,huobi,115190.0,115190.01,0.00032,0.911138
2025-07-25T07:45:07.498624,phemex,0.0,1151417000,0.0,126057
2025-07-25T07:45:07.619712,huobi,115190.0,115190.01,0.260759,0.761399
2025-07-25T07:45:07.719994,huobi,115190.0,115190.01,0.269172,0.004264
2025-07-25T07:45:07.820404,huobi,115190.0,115190.01,0.00032,0.257942
2025-07-25T07:45:07.864285,phemex,1151180000,0.0,1,0.0
2025-07-25T07:45:07.867081,phemex,1151314000,0.0,8886,0.0
2025-07-25T07:45:07.867962,phemex,0.0,1151377000,0.0,937685
2025-07-25T07:45:07.869081,phemex,0.0,1151460000,0.0,20000
2025-07-25T07:45:07.873776,phemex,1151181000,1151377000,24861,1031294
2025-07-25T07:45:07.875599,phemex,0.0,1151618000,0.0,0
2025-07-25T07:45:07.875647,phemex,0.0,1151377000,0.0,1064043
2025-07-25T07:45:07.879167,phemex,0.0,1151419000,0.0,20000
2025-07-25T07:45:08.013852,phemex,1151376000,1151377000,1,1064043
2025-07-25T07:45:08.079649,phemex,0.0,1151377000,0.0,1084043
2025-07-25T07:45:08.319001,huobi,115190.0,115190.01,0.00032,0.457942
2025-07-25T07:45:08.419943,huobi,115190.0,115190.01,0.00032,0.609557
2025-07-25T07:45:08.500172,phemex,0.0,1151377000,0.0,1010243
2025-07-25T07:45:08.519040,huobi,115190.0,115190.01,0.00032,0.615949
2025-07-25T07:45:08.667170,bitrue,115148.4,115148.41,11.2506,7.897
2025-07-25T07:45:09.481810,phemex,0.0,1151377000,0.0,1084043
2025-07-25T07:45:09.541988,phemex,1151124000,0.0,8000,0.0
2025-07-25T07:45:09.746096,bitrue,115157.93,115160.0,25.685,0.0001
2025-07-25T07:45:10.119855,huobi,115190.0,115190.01,0.00032,0.2104
2025-07-25T07:45:10.318563,huobi,115190.0,115190.01,0.00032,0.615937
2025-07-25T07:45:10.345035,phemex,0.0,1151377000,0.0,990434
2025-07-25T07:45:10.795208,bitrue,115157.93,115157.94,25.685,2.7092
2025-07-25T07:45:10.837814,phemex,0.0,1151377000,0.0,990434
2025-07-25T07:45:10.839283,phemex,0.0,1151377000,0.0,1084036
2025-07-25T07:45:10.840075,phemex,0.0,1151377000,0.0,1084029
2025-07-25T07:45:11.184652,phemex,1151314000,1151377000,0,1084030
2025-07-25T07:45:11.204214,phemex,0.0,1151415000,0.0,1
2025-07-25T07:45:11.465179,phemex,0.0,1151377000,0.0,1010230
2025-07-25T07:45:11.485104,phemex,0.0,1151379000,0.0,0
2025-07-25T07:45:11.521742,huobi,115190.0,115190.01,0.217066,0.462736
2025-07-25T07:45:11.624454,huobi,115190.0,115190.01,0.00032,0.464322
2025-07-25T07:45:11.805687,phemex,0.0,1151403000,0.0,900
2025-07-25T07:45:11.843368,bitrue,115163.82,115163.83,32.0197,7.1124
2025-07-25T07:45:11.918894,huobi,115190.0,115190.01,0.00032,0.615937
2025-07-25T07:45:12.065689,phemex,1151228000,0.0,133127,0.0
2025-07-25T07:45:12.446390,phemex,0.0,1151377000,0.0,1084030
2025-07-25T07:45:12.606841,phemex,0.0,1151377000,0.0,990428
2025-07-25T07:45:12.620210,huobi,115190.0,115190.01,0.00032,0.2104
2025-07-25T07:45:12.646661,phemex,0.0,1151495000,0.0,53818
2025-07-25T07:45:12.766731,phemex,0.0,1151377000,0.0,1084026
2025-07-25T07:45:12.806830,phemex,0.0,1151377000,0.0,990428
2025-07-25T07:45:12.818364,huobi,115190.0,115190.01,0.00032,0.21030999218682245
2025-07-25T07:45:12.918255,huobi,115190.0,115190.01,0.00032,0.4642259921868225
2025-07-25T07:45:13.209284,phemex,0.0,1151377000,0.0,1084025
2025-07-25T07:45:13.368297,phemex,0.0,1151377000,0.0,952002
2025-07-25T07:45:13.417660,huobi,115190.0,115190.01,0.00032,0.21030999218682245
2025-07-25T07:45:13.528678,phemex,0.0,1151377000,0.0,1045599
2025-07-25T07:45:13.548040,phemex,0.0,1151377000,0.0,1084020
2025-07-25T07:45:13.618392,huobi,115190.0,115190.01,0.00032,0.4642219921868225
2025-07-25T07:45:13.818388,huobi,115190.0,115190.01,0.00032,0.6158369921868224
2025-07-25T07:45:13.918747,huobi,115190.0,115190.01,0.00032,0.4642219921868225
2025-07-25T07:45:13.929012,phemex,0.0,1151377000,0.0,884569
2025-07-25T07:45:13.934577,bitrue,115163.82,115163.83,32.0197,7.1124
2025-07-25T07:45:14.018357,huobi,115190.0,115190.01,0.00032,0.21030999218682245
2025-07-25T07:45:14.029397,phemex,0.0,1151377000,0.0,978163
2025-07-25T07:45:14.109705,phemex,0.0,1151377000,0.0,954333
2025-07-25T07:45:14.119916,huobi,115190.0,115190.01,0.00032,0.46421899218682244
2025-07-25T07:45:14.370041,phemex,0.0,1151377000,0.0,978161
2025-07-25T07:45:14.429657,phemex,0.0,1151377000,0.0,904361
2025-07-25T07:45:14.619475,huobi,115190.0,115190.01,0.00032,0.21030999218682245
2025-07-25T07:45:15.131527,phemex,0.0,1151580000,0.0,0
2025-07-25T07:45:15.465174,phemex,0.0,1151377000,0.0,978061
2025-07-25T07:45:15.712557,phemex,0.0,1151377000,0.0,884467
2025-07-25T07:45:15.811959,phemex,0.0,1151377000,0.0,978061
2025-07-25T07:45:16.028908,bitrue,115163.82,115163.83,32.0197,7.1124
2025-07-25T07:45:16.072480,phemex,0.0,1151417000,0.0,0
2025-07-25T07:45:16.132600,phemex,0.0,1151377000,0.0,884467
2025-07-25T07:45:16.212628,phemex,0.0,1151461000,0.0,2884
2025-07-25T07:45:16.217546,huobi,115190.0,115190.01,0.008733,0.20872399218682244
2025-07-25T07:45:16.232696,phemex,0.0,1151377000,0.0,978057
2025-07-25T07:45:16.333017,phemex,0.0,1151566000,0.0,357
2025-07-25T07:45:16.373012,phemex,0.0,1151377000,0.0,884467
2025-07-25T07:45:16.413493,phemex,0.0,1151416000,0.0,23769
2025-07-25T07:45:16.473029,phemex,0.0,1151377000,0.0,814997
2025-07-25T07:45:16.494087,phemex,1151376000,1151377000,121484,365074
2025-07-25T07:45:16.517852,huobi,115190.0,115190.01,0.627244,0.20872399218682244
2025-07-25T07:45:16.533306,phemex,1151376000,1151377000,127646,255735
2025-07-25T07:45:16.593862,phemex,1151376000,1151377000,127993,349324
2025-07-25T07:45:16.619422,huobi,115190.0,115190.01,0.630733,0.008180992190555415
2025-07-25T07:45:16.673446,phemex,0.0,1151644000,0.0,0
2025-07-25T07:45:16.713564,phemex,1151337000,1151695000,24478,3967
2025-07-25T07:45:16.753714,phemex,1151376000,1151403000,110815,8009
2025-07-25T07:45:16.793681,phemex,1151168000,0.0,370,0.0
2025-07-25T07:45:16.813963,phemex,0.0,1151378000,0.0,86645
2025-07-25T07:45:16.853874,phemex,0.0,1151377000,0.0,356433
2025-07-25T07:45:16.914006,phemex,0.0,1151695000,0.0,0
2025-07-25T07:45:17.053961,phemex,1151261000,0.0,88686,0.0
2025-07-25T07:45:17.096159,phemex,1151295000,0.0,638,0.0
2025-07-25T07:45:17.154191,phemex,1151028000,0.0,17178,0.0
2025-07-25T07:45:17.194750,phemex,1151376000,0.0,127993,0.0
2025-07-25T07:45:17.699648,phemex,1151149000,0.0,5407,0.0
2025-07-25T07:45:18.123808,bitrue,115175.35,115175.36,13.3992,0.088
2025-07-25T07:45:18.517005,phemex,0.0,1151533000,0.0,0
2025-07-25T07:45:18.578996,phemex,1151062000,1151377000,93589,255735
2025-07-25T07:45:18.622123,huobi,115194.41,115194.42,0.690688,0.002886
2025-07-25T07:45:18.641495,phemex,0.0,1151377000,0.0,235735
2025-07-25T07:45:18.676762,phemex,1151124000,1151377000,0,329320
2025-07-25T07:45:18.736813,phemex,1151028000,1151566000,17178,0
2025-07-25T07:45:18.756938,phemex,0.0,1151377000,0.0,93585
2025-07-25T07:45:18.797461,phemex,0.0,1151377000,0.0,0
2025-07-25T07:45:18.818462,phemex,1151389000,1151479000,127271,74679
2025-07-25T07:45:18.820007,huobi,115194.41,115194.42,0.689088,0.002886
2025-07-25T07:45:18.837401,phemex,1151389000,1151390000,231576,0
2025-07-25T07:45:18.857472,phemex,1151402000,1151584000,17178,8000
2025-07-25T07:45:18.877305,phemex,1151402000,0.0,231576,0.0
2025-07-25T07:45:18.920622,huobi,115194.41,115194.42,0.690688,0.002886
2025-07-25T07:45:18.937408,phemex,0.0,1151403000,0.0,8009
2025-07-25T07:45:18.980691,phemex,0.0,1151403000,0.0,101594
2025-07-25T07:45:19.097655,phemex,1151402000,0.0,231923,0.0
2025-07-25T07:45:19.218260,huobi,115194.41,115194.42,0.689648,0.002886
2025-07-25T07:45:19.686331,phemex,0.0,1151478000,0.0,73700
2025-07-25T07:45:19.697074,phemex,0.0,1151403000,0.0,103610
2025-07-25T07:45:20.211074,phemex,1151124000,1151471000,8000,20000
2025-07-25T07:45:20.212862,phemex,0.0,1151519000,0.0,17178
2025-07-25T07:45:20.214031,phemex,1151402000,0.0,214745,0.0
2025-07-25T07:45:20.219067,huobi,115194.41,115194.42,0.689648,0.002796003445479391
2025-07-25T07:45:20.219817,bitrue,115176.95,115176.96,23.005,0.0001
2025-07-25T07:45:20.221900,phemex,1151402000,0.0,104652,0.0
2025-07-25T07:45:20.222941,phemex,0.0,1151403000,0.0,102710
2025-07-25T07:45:20.224404,phemex,1151402000,0.0,121830,0.0
2025-07-25T07:45:20.225846,phemex,0.0,1151519000,0.0,0
2025-07-25T07:45:20.632202,phemex,0.0,1151446000,0.0,73700
2025-07-25T07:45:20.638977,phemex,0.0,1151446000,0.0,0
2025-07-25T07:45:20.640250,phemex,0.0,1151519000,0.0,7109
2025-07-25T07:45:20.640762,phemex,0.0,1151403000,0.0,95601
2025-07-25T07:45:21.201530,phemex,1151402000,1151437000,121829,7108
2025-07-25T07:45:21.261360,phemex,0.0,1151520000,0.0,0
2025-07-25T07:45:21.361770,phemex,1151338000,0.0,73700,0.0
2025-07-25T07:45:21.382382,phemex,0.0,1151616000,0.0,25152
2025-07-25T07:45:22.162868,phemex,0.0,1151403000,0.0,102709
2025-07-25T07:45:22.322577,bitrue,115176.95,115176.96,23.005,0.0001
2025-07-25T07:45:22.670089,phemex,1151402000,0.0,195529,0.0
2025-07-25T07:45:23.045019,phemex,1151402000,0.0,121829,0.0
2025-07-25T07:45:23.324534,phemex,1151337000,1151446000,98178,73700
2025-07-25T07:45:23.832360,phemex,0.0,1151446000,0.0,0
2025-07-25T07:45:23.842023,phemex,1151236000,0.0,319931,0.0
2025-07-25T07:45:24.317969,huobi,115194.41,115194.42,0.94351,0.002796003445479391
2025-07-25T07:45:24.319323,phemex,1151118000,0.0,93579,0.0
2025-07-25T07:45:24.326747,phemex,1151402000,1151446000,195529,73700
2025-07-25T07:45:24.366102,phemex,1151402000,0.0,121829,0.0
2025-07-25T07:45:24.420324,bitrue,115176.97,115176.98,27.8565,0.0001
2025-07-25T07:45:24.818688,huobi,115194.41,115194.42,0.94191,0.002796003445479391
2025-07-25T07:45:24.920519,huobi,115194.41,115194.42,0.94191,0.002706003445479391
2025-07-25T07:45:24.927328,phemex,1151402000,1151519000,104304,17074
2025-07-25T07:45:24.946981,phemex,1151373000,0.0,0,0.0
2025-07-25T07:45:24.987921,phemex,0.0,1151403000,0.0,103067
2025-07-25T07:45:25.018105,huobi,115194.41,115194.42,0.793211,0.002706003445479391
2025-07-25T07:45:25.167411,phemex,1151319000,0.0,841,0.0
2025-07-25T07:45:25.207437,phemex,0.0,1151469000,0.0,25777
2025-07-25T07:45:25.218568,huobi,115194.41,115194.42,0.584878,0.002706003445479391
2025-07-25T07:45:25.267538,phemex,0.0,1151534000,0.0,368
2025-07-25T07:45:25.347551,phemex,0.0,1151403000,0.0,176767
2025-07-25T07:45:25.471311,bitrue,115176.97,115176.98,27.8565,0.0001
2025-07-25T07:45:25.529409,phemex,0.0,1151403000,0.0,193841
2025-07-25T07:45:25.548608,phemex,1151337000,1151403000,0,428120
2025-07-25T07:45:25.588303,phemex,1151319000,1151403000,0,535197
2025-07-25T07:45:25.608074,phemex,1151028000,0.0,17074,0.0
2025-07-25T07:45:25.618623,huobi,115194.41,115194.42,0.271002,0.01412400344547939
2025-07-25T07:45:25.628438,phemex,1151288000,0.0,759,0.0
2025-07-25T07:45:25.708323,phemex,0.0,1151403000,0.0,685197
2025-07-25T07:45:26.217908,huobi,115194.41,115194.42,0.010574,0.3657280034454794
2025-07-25T07:45:26.361530,phemex,1151402000,1151403000,8886,785277
2025-07-25T07:45:26.363917,phemex,1151402000,0.0,0,0.0
2025-07-25T07:45:26.365375,phemex,1151294000,1151377000,0,284998
2025-07-25T07:45:26.365412,phemex,0.0,1151377000,0.0,208698
2025-07-25T07:45:26.366216,phemex,1151272000,1151377000,0,308778
2025-07-25T07:45:26.366696,phemex,0.0,1151403000,0.0,116933
2025-07-25T07:45:26.367540,phemex,0.0,1151377000,0.0,648800
2025-07-25T07:45:26.368054,phemex,0.0,1151377000,0.0,798800
2025-07-25T07:45:26.369617,phemex,0.0,1151403000,0.0,93585
2025-07-25T07:45:26.409705,phemex,0.0,1151377000,0.0,822148
2025-07-25T07:45:27.291090,phemex,1151182000,1151377000,73700,748448
2025-07-25T07:45:27.451312,phemex,1151182000,0.0,0,0.0
2025-07-25T07:45:27.819265,huobi,115194.41,115194.42,0.010574,0.5154670034454794
2025-07-25T07:45:27.919858,huobi,115194.41,115194.42,0.010574,0.3657280034454794
2025-07-25T07:45:28.273005,phemex,0.0,1151377000,0.0,822148
2025-07-25T07:45:28.750074,bitrue,115172.85,115172.86,1.2844,27.1172
2025-07-25T07:45:29.798841,bitrue,115172.85,115172.86,1.2844,27.1172
2025-07-25T07:45:29.817412,huobi,115194.41,115194.42,0.005861,0.3657280034454794
2025-07-25T07:45:30.255944,phemex,1151182000,1151377000,73700,748448
2025-07-25T07:45:30.295858,phemex,1151182000,0.0,0,0.0
2025-07-25T07:45:30.519184,huobi,115194.41,115194.42,0.005861,0.5154670034454794
2025-07-25T07:45:30.556541,phemex,1151144000,0.0,0,0.0
2025-07-25T07:45:30.662234,phemex,1151144000,0.0,17074,0.0
2025-07-25T07:45:30.720010,huobi,115194.41,115194.42,0.005861,0.5670570034454794
2025-07-25T07:45:30.937333,phemex,1151376000,1151377000,0,751338
2025-07-25T07:45:30.958006,phemex,1151275000,1151337000,6163,338421
2025-07-25T07:45:30.977581,phemex,0.0,1151337000,0.0,623215
2025-07-25T07:45:31.017455,phemex,1151336000,1151337000,62900,813995
2025-07-25T07:45:31.039600,phemex,1151336000,1151337000,62899,876792
2025-07-25T07:45:31.578511,phemex,0.0,1151377000,0.0,7999
2025-07-25T07:45:31.598455,phemex,1151336000,0.0,95418,0.0
2025-07-25T07:45:31.778949,phemex,0.0,1151337000,0.0,873495
2025-07-25T07:45:31.798874,phemex,1151209000,0.0,73700,0.0
2025-07-25T07:45:31.819580,huobi,115194.41,115194.42,0.005861,0.41731800344547937
2025-07-25T07:45:31.934184,huobi,115194.41,115194.42,0.005861,0.5670570034454794
2025-07-25T07:45:32.418165,huobi,115194.41,115194.42,0.005861,0.41731800344547937
2025-07-25T07:45:32.527510,phemex,1151216000,1151337000,73700,799795
2025-07-25T07:45:32.946007,bitrue,115172.18,115172.19,0.688,27.3142
2025-07-25T07:45:33.321622,huobi,115194.41,115194.42,0.004684,0.41731800344547937
2025-07-25T07:45:33.401212,phemex,1151207000,1151337000,73700,873495
2025-07-25T07:45:33.994736,bitrue,115172.18,115172.19,0.688,27.3142
2025-07-25T07:45:34.217249,huobi,115194.41,115194.42,0.004684,0.4172280034454794
2025-07-25T07:45:35.203905,phemex,0.0,1151337000,0.0,799795
2025-07-25T07:45:35.223840,phemex,0.0,1151551000,0.0,2822
2025-07-25T07:45:35.618417,huobi,115194.41,115194.42,0.004684,0.36563800344547936
2025-07-25T07:45:35.649669,phemex,0.0,1151338000,0.0,0
2025-07-25T07:45:35.650207,phemex,1151220000,0.0,17688,0.0
2025-07-25T07:45:35.650923,phemex,1151104000,0.0,17688,0.0
2025-07-25T07:45:35.905328,phemex,1151336000,1151337000,104304,782721
2025-07-25T07:45:36.091247,bitrue,115172.18,115172.19,0.688,27.3142
2025-07-25T07:45:36.117327,huobi,115194.41,115194.42,0.004684,0.3698380034454794
2025-07-25T07:45:36.329463,phemex,1151220000,0.0,0,0.0
2025-07-25T07:45:36.333937,phemex,1151221000,1151337000,73700,856421
2025-07-25T07:45:36.334891,phemex,1151207000,0.0,0,0.0
2025-07-25T07:45:37.167888,phemex,1151221000,0.0,0,0.0
2025-07-25T07:45:37.516887,huobi,115194.41,115194.42,0.004684,0.6236420034454794
2025-07-25T07:45:38.168425,phemex,1151207000,0.0,73700,0.0
2025-07-25T07:45:38.183270,bitrue,115172.18,115172.19,0.688,27.3142
2025-07-25T07:45:38.809218,phemex,0.0,1151337000,0.0,823672
2025-07-25T07:45:38.849532,phemex,0.0,1151337000,0.0,856417
2025-07-25T07:45:39.227640,bitrue,115172.18,115172.19,0.688,27.3142
2025-07-25T07:45:39.971310,phemex,0.0,1151337000,0.0,832769
2025-07-25T07:45:40.151558,phemex,0.0,1151337000,0.0,856411
2025-07-25T07:45:42.455050,bitrue,115172.18,115172.19,0.688,27.3142
2025-07-25T07:45:42.515264,phemex,1151216000,0.0,0,0.0
2025-07-25T07:45:43.096305,phemex,1151209000,0.0,73700,0.0
2025-07-25T07:45:43.115868,phemex,1151207000,0.0,73700,0.0
2025-07-25T07:45:43.117064,huobi,115194.41,115194.42,0.004684,0.6752320034454794
2025-07-25T07:45:43.336470,phemex,1151209000,0.0,0,0.0
2025-07-25T07:45:43.504377,bitrue,115172.18,115172.19,0.688,27.3142
2025-07-25T07:45:43.917706,huobi,115194.41,115194.42,0.004684,0.8249710034454794
2025-07-25T07:45:43.982849,phemex,1151336000,0.0,39434,0.0
2025-07-25T07:45:44.017574,huobi,115194.41,115194.42,0.001895,0.8249710034454794
2025-07-25T07:45:44.017971,phemex,1151336000,0.0,8886,0.0
2025-07-25T07:45:44.037802,phemex,0.0,1151337000,0.0,849303
2025-07-25T07:45:44.097408,phemex,1151182000,0.0,73700,0.0
2025-07-25T07:45:44.137640,phemex,1151182000,0.0,0,0.0
2025-07-25T07:45:44.177654,phemex,1151208000,1151337000,0,949383
2025-07-25T07:45:44.217153,huobi,115190.0,115190.01,0.00021,0.057477
2025-07-25T07:45:44.218137,phemex,1150988000,0.0,306038,0.0
2025-07-25T07:45:44.317078,huobi,115190.0,115190.01,0.00021,0.257477
2025-07-25T07:45:44.358019,phemex,1151336000,0.0,0,0.0
2025-07-25T07:45:44.398007,phemex,0.0,1151296000,0.0,285612
2025-07-25T07:45:44.418005,phemex,1151255000,1151336000,0,73700
2025-07-25T07:45:44.458301,phemex,1151001000,1151296000,0,452857
2025-07-25T07:45:44.498135,phemex,1151295000,1151296000,95419,563328
2025-07-25T07:45:44.517758,huobi,115190.0,115190.01,0.00213,0.257477
2025-07-25T07:45:44.518507,phemex,1151295000,0.0,95418,0.0
2025-07-25T07:45:44.819004,phemex,0.0,1151296000,0.0,587156
2025-07-25T07:45:44.858708,phemex,0.0,1151296000,0.0,607746
2025-07-25T07:45:45.079115,phemex,0.0,1151337000,0.0,250969
2025-07-25T07:45:45.119275,phemex,1151125000,0.0,73700,0.0
2025-07-25T07:45:45.379996,phemex,1151255000,0.0,1,0.0
2025-07-25T07:45:45.419927,huobi,115190.0,115190.01,0.00213,0.511246
2025-07-25T07:45:45.420486,phemex,0.0,1151375000,0.0,1
2025-07-25T07:45:45.849457,phemex,1151295000,0.0,104304,0.0
2025-07-25T07:45:46.081236,phemex,1151135000,1151296000,73700,534046
2025-07-25T07:45:46.120974,phemex,0.0,1151296000,0.0,534420
2025-07-25T07:45:46.644476,bitrue,115172.18,115172.19,0.688,27.3142
2025-07-25T07:45:46.921316,huobi,115190.0,115190.01,0.00213,0.5103729665746187
2025-07-25T07:45:47.122668,phemex,1151295000,1151296000,71953,608120
2025-07-25T07:45:47.142841,phemex,1151295000,0.0,39434,0.0
2025-07-25T07:45:47.222815,phemex,1151295000,0.0,104282,0.0
2025-07-25T07:45:47.384411,phemex,0.0,1151337000,0.0,239553
2025-07-25T07:45:47.695063,bitrue,115172.18,115172.19,0.688,27.3142
2025-07-25T07:45:48.044678,phemex,1151150000,0.0,73700,0.0
2025-07-25T07:45:48.907309,phemex,0.0,1151303000,0.0,898
2025-07-25T07:45:49.045879,phemex,0.0,1151296000,0.0,534420
2025-07-25T07:45:49.218757,huobi,115190.0,115190.01,0.262569,0.5103729665746187
2025-07-25T07:45:49.467011,phemex,0.0,1151337000,0.0,216414
2025-07-25T07:45:49.793014,bitrue,115172.18,115172.19,0.688,27.3142
2025-07-25T07:45:49.818219,huobi,115190.0,115190.01,0.00213,0.5103729665746187
2025-07-25T07:45:50.027340,phemex,0.0,1151296000,0.0,608120
2025-07-25T07:45:50.517846,huobi,115190.0,115190.01,0.262569,0.5103729665746187
2025-07-25T07:45:50.617204,huobi,115190.0,115190.01,0.00213,0.5103729665746187
2025-07-25T07:45:50.717242,huobi,115190.0,115190.01,0.262569,0.5103729665746187
2025-07-25T07:45:50.817335,huobi,115190.0,115190.01,0.00213,0.5103729665746187
2025-07-25T07:45:50.917064,huobi,115190.0,115190.01,0.262569,0.5103729665746187
2025-07-25T07:45:51.217164,huobi,115190.0,115190.01,0.00213,0.5103729665746187
2025-07-25T07:45:51.517474,huobi,115190.0,115190.01,0.262569,0.5103729665746187
2025-07-25T07:45:51.770939,phemex,0.0,1151296000,0.0,514575
