timestamp,exchange,bid,ask,bid_vol,ask_vol
2025-07-25T07:48:08.931000,huobi,115299.96,115299.97,0.263074,0.40167
2025-07-25T07:48:09.115910,bitrue,115271.01,115271.02,0.0007,26.6437
2025-07-25T07:48:09.327478,huobi,115299.96,115299.97,0.263074,0.315
2025-07-25T07:48:09.610049,phemex,1152198000,1152199000,133501,350
2025-07-25T07:48:09.610102,phemex,1151779000,0.0,1,0.0
2025-07-25T07:48:09.610132,phemex,1152198000,0.0,151377,0.0
2025-07-25T07:48:09.610157,phemex,1152198000,0.0,133501,0.0
2025-07-25T07:48:09.610176,phemex,1152198000,0.0,151377,0.0
2025-07-25T07:48:09.610191,phemex,1152198000,0.0,133501,0.0
2025-07-25T07:48:09.610207,phemex,1152198000,0.0,151377,0.0
2025-07-25T07:48:09.610224,phemex,0.0,1152221000,0.0,0
2025-07-25T07:48:09.610268,phemex,0.0,1152484000,0.0,0
2025-07-25T07:48:09.610302,phemex,0.0,1152301000,0.0,73800
2025-07-25T07:48:09.621149,phemex,1152107000,0.0,153999,0.0
2025-07-25T07:48:09.629679,huobi,115299.96,115299.97,0.272825,0.314752
2025-07-25T07:48:09.681391,phemex,1152198000,0.0,133501,0.0
2025-07-25T07:48:09.701637,phemex,1151940000,0.0,1,0.0
2025-07-25T07:48:10.414122,bitrue,115271.01,115271.02,0.0007,26.6437
2025-07-25T07:48:10.569940,phemex,0.0,1152276000,0.0,73800
2025-07-25T07:48:10.582877,phemex,1151981000,0.0,1,0.0
2025-07-25T07:48:10.762621,phemex,0.0,1152276000,0.0,0
2025-07-25T07:48:10.783521,phemex,1152198000,0.0,151377,0.0
2025-07-25T07:48:10.983366,phemex,1152198000,0.0,133501,0.0
2025-07-25T07:48:11.129688,huobi,115299.96,115299.97,0.272825,0.315
2025-07-25T07:48:11.327710,huobi,115299.96,115299.97,0.002884,0.315
2025-07-25T07:48:11.336425,phemex,1152198000,0.0,151377,0.0
2025-07-25T07:48:11.340014,phemex,0.0,1152301000,0.0,0
2025-07-25T07:48:11.363565,phemex,0.0,1152349000,0.0,0
2025-07-25T07:48:11.423958,phemex,0.0,1152199000,0.0,0
2025-07-25T07:48:11.427380,huobi,115299.96,115299.97,0.012635,0.061711
2025-07-25T07:48:11.443934,phemex,1152201000,1152203000,17876,150000
2025-07-25T07:48:11.459541,bitrue,115271.01,115271.02,0.0007,26.6437
2025-07-25T07:48:11.463811,phemex,0.0,1152357000,0.0,93335
2025-07-25T07:48:11.504001,phemex,1152202000,1152203000,103501,0
2025-07-25T07:48:11.524139,phemex,1152224000,1152260000,881,32875
2025-07-25T07:48:11.527573,huobi,115299.96,115299.97,0.012635,0.315085
2025-07-25T07:48:11.543949,phemex,0.0,1152357000,0.0,0
2025-07-25T07:48:11.584959,phemex,1152225000,1152259000,7996,7997
2025-07-25T07:48:11.604142,phemex,1152198000,1152226000,0,150000
2025-07-25T07:48:11.624476,phemex,1152225000,1152226000,22996,0
2025-07-25T07:48:11.627006,huobi,115299.96,115299.97,0.012635,0.061711
2025-07-25T07:48:11.664385,phemex,1152226000,1152254000,7996,32875
2025-07-25T07:48:11.684468,phemex,0.0,1152227000,0.0,150000
2025-07-25T07:48:11.704412,phemex,0.0,1152227000,0.0,0
2025-07-25T07:48:11.744944,phemex,1152253000,1152254000,7996,24878
2025-07-25T07:48:11.773319,huobi,115299.96,115299.97,0.012635,0.315446
2025-07-25T07:48:11.784498,phemex,1152253000,0.0,70541,0.0
2025-07-25T07:48:11.826902,huobi,115299.96,115299.97,0.012635,0.061711
2025-07-25T07:48:11.844417,phemex,1152253000,1152273000,133501,7997
2025-07-25T07:48:11.928085,huobi,115299.96,115299.97,0.012635,0.315476
2025-07-25T07:48:12.128548,huobi,115299.96,115299.97,0.012635,0.315724
2025-07-25T07:48:12.227341,huobi,115299.96,115299.97,0.002884,0.315724
2025-07-25T07:48:12.627564,huobi,115299.96,115299.97,0.002884,0.465463
2025-07-25T07:48:12.665179,phemex,1151918000,0.0,355,0.0
2025-07-25T07:48:12.671024,phemex,0.0,1152254000,0.0,174878
2025-07-25T07:48:12.672572,phemex,0.0,1152254000,0.0,175228
2025-07-25T07:48:12.673893,phemex,0.0,1152273000,0.0,0
2025-07-25T07:48:12.674665,phemex,0.0,1152254000,0.0,183225
2025-07-25T07:48:12.675523,phemex,1151937000,0.0,0,0.0
2025-07-25T07:48:12.676501,phemex,0.0,1152254000,0.0,187783
2025-07-25T07:48:12.677591,phemex,1152057000,0.0,288093,0.0
2025-07-25T07:48:12.678192,phemex,1152021000,0.0,1,0.0
2025-07-25T07:48:12.931727,huobi,115299.96,115299.97,0.002884,0.552139
2025-07-25T07:48:13.021829,phemex,0.0,1152254000,0.0,205659
2025-07-25T07:48:13.026579,phemex,1152102000,0.0,1,0.0
2025-07-25T07:48:13.027324,phemex,0.0,1152254000,0.0,187783
2025-07-25T07:48:13.028871,phemex,0.0,1152254000,0.0,205659
2025-07-25T07:48:13.046332,phemex,0.0,1152254000,0.0,187783
2025-07-25T07:48:13.549677,bitrue,115271.01,115271.02,0.0007,26.6437
2025-07-25T07:48:13.941080,phemex,0.0,1152254000,0.0,261583
2025-07-25T07:48:13.950955,phemex,1152142000,1152254000,1,187783
2025-07-25T07:48:13.952684,phemex,1152057000,0.0,194477,0.0
2025-07-25T07:48:13.954030,phemex,0.0,1152254000,0.0,205659
2025-07-25T07:48:13.968472,phemex,1152028000,0.0,93622,0.0
2025-07-25T07:48:14.047899,phemex,0.0,1152254000,0.0,187783
2025-07-25T07:48:14.408275,phemex,0.0,1152254000,0.0,261583
2025-07-25T07:48:14.488742,phemex,0.0,1152254000,0.0,279459
2025-07-25T07:48:14.595942,bitrue,115271.01,115271.02,0.0007,26.6437
2025-07-25T07:48:15.036496,phemex,1152182000,0.0,1,0.0
2025-07-25T07:48:15.396905,phemex,0.0,1152254000,0.0,261583
2025-07-25T07:48:15.398713,phemex,0.0,1152254000,0.0,279239
2025-07-25T07:48:15.399899,phemex,0.0,1152260000,0.0,73800
2025-07-25T07:48:15.647086,bitrue,115271.01,115271.02,0.0007,26.6437
2025-07-25T07:48:16.128215,huobi,115299.96,115299.97,0.002884,0.603729
2025-07-25T07:48:16.283100,phemex,1152082000,0.0,0,0.0
2025-07-25T07:48:16.288739,phemex,1152047000,0.0,0,0.0
2025-07-25T07:48:16.289978,phemex,0.0,1152254000,0.0,279240
2025-07-25T07:48:16.371354,phemex,0.0,1152254000,0.0,205440
2025-07-25T07:48:16.391863,phemex,1151941000,0.0,23568,0.0
2025-07-25T07:48:16.471554,phemex,1152171000,0.0,130922,0.0
2025-07-25T07:48:16.527649,huobi,115299.96,115299.97,0.002884,0.59663
2025-07-25T07:48:16.628134,huobi,115299.96,115299.97,0.002884,0.59654
2025-07-25T07:48:16.632249,phemex,1152010000,0.0,75524,0.0
2025-07-25T07:48:16.711757,phemex,1152137000,0.0,17656,0.0
2025-07-25T07:48:16.727209,huobi,115299.96,115299.97,0.002884,0.59654
2025-07-25T07:48:16.751908,phemex,1152137000,0.0,0,0.0
2025-07-25T07:48:16.832503,phemex,1152028000,0.0,0,0.0
2025-07-25T07:48:16.931978,phemex,1152003000,0.0,93658,0.0
2025-07-25T07:48:17.152428,phemex,0.0,1152391000,0.0,0
2025-07-25T07:48:17.173608,phemex,0.0,1152270000,0.0,93666
2025-07-25T07:48:17.272646,phemex,1152003000,0.0,0,0.0
2025-07-25T07:48:17.635750,phemex,1152005000,0.0,93657,0.0
2025-07-25T07:48:17.733174,phemex,1152005000,0.0,0,0.0
2025-07-25T07:48:17.753030,bitrue,115271.01,115271.02,0.0007,26.6437
2025-07-25T07:48:18.213318,phemex,1152009000,0.0,93657,0.0
2025-07-25T07:48:19.127620,huobi,115293.93,115293.94,0.261716,0.000248
2025-07-25T07:48:19.228492,huobi,115293.93,115293.94,0.001512,0.000248
2025-07-25T07:48:19.806649,phemex,1152253000,0.0,118501,0.0
2025-07-25T07:48:19.813964,phemex,1152253000,1152254000,7996,221521
2025-07-25T07:48:19.818174,phemex,0.0,1152254000,0.0,336779
2025-07-25T07:48:19.830162,huobi,115290.0,115290.01,0.00021,0.000186
2025-07-25T07:48:19.836902,phemex,0.0,1152254000,0.0,538821
2025-07-25T07:48:19.855564,bitrue,115271.01,115271.02,0.0007,26.6437
2025-07-25T07:48:19.876572,phemex,1152253000,1152275000,72918,8000
2025-07-25T07:48:19.917079,phemex,1152046000,1152254000,0,546819
2025-07-25T07:48:19.929312,huobi,115290.0,115290.01,0.00021,0.050248
2025-07-25T07:48:19.976956,phemex,1152253000,1152254000,7996,646942
2025-07-25T07:48:20.019521,phemex,1152253000,1152254000,0,638944
2025-07-25T07:48:20.037007,phemex,1152185000,1152187000,6163,110816
2025-07-25T07:48:20.057177,phemex,1152186000,1152196000,102918,0
2025-07-25T07:48:20.078569,phemex,0.0,1152254000,0.0,83900
2025-07-25T07:48:20.129505,huobi,115290.0,115290.01,0.262336,0.050248
2025-07-25T07:48:20.351445,huobi,115290.0,115290.01,0.254447,0.050248
2025-07-25T07:48:20.430065,huobi,115285.0,115285.01,0.260434,0.000248
2025-07-25T07:48:20.468155,phemex,1152186000,1152254000,133501,52565
2025-07-25T07:48:20.473233,phemex,0.0,1152187000,0.0,118814
2025-07-25T07:48:20.475615,phemex,0.0,1152187000,0.0,136470
2025-07-25T07:48:20.475673,phemex,1152070000,1152254000,0,24878
2025-07-25T07:48:20.476851,phemex,0.0,1152187000,0.0,136820
2025-07-25T07:48:20.477468,phemex,0.0,1152474000,0.0,0
2025-07-25T07:48:20.478356,phemex,1152046000,1152275000,0,0
2025-07-25T07:48:20.528799,huobi,115285.0,115285.01,0.262422,0.000248
2025-07-25T07:48:20.539003,phemex,0.0,1152275000,0.0,8000
2025-07-25T07:48:20.559037,phemex,0.0,1152187000,0.0,119164
2025-07-25T07:48:20.598242,phemex,1152070000,1152187000,17656,111166
2025-07-25T07:48:20.629499,huobi,115290.0,115290.01,0.318896,0.254181
2025-07-25T07:48:20.637941,phemex,0.0,1152282000,0.0,20000
2025-07-25T07:48:20.658012,phemex,0.0,1152474000,0.0,20000
2025-07-25T07:48:20.698164,phemex,0.0,1152196000,0.0,7998
2025-07-25T07:48:20.729069,huobi,115290.0,115290.01,0.318896,0.254305
2025-07-25T07:48:20.738017,phemex,0.0,1152187000,0.0,136820
2025-07-25T07:48:21.078461,phemex,1152009000,0.0,0,0.0
2025-07-25T07:48:21.198874,phemex,0.0,1152187000,0.0,128822
2025-07-25T07:48:21.258772,phemex,1151960000,0.0,93775,0.0
2025-07-25T07:48:21.358994,phemex,0.0,1152187000,0.0,111166
2025-07-25T07:48:21.399494,phemex,0.0,1152187000,0.0,119163
2025-07-25T07:48:21.428775,huobi,115290.0,115290.01,0.328647,0.254305
2025-07-25T07:48:21.828450,huobi,115290.0,115290.01,0.328647,0.25396699222482505
2025-07-25T07:48:21.961520,bitrue,115268.18,115268.19,0.6872,22.654
2025-07-25T07:48:22.160268,phemex,0.0,1152187000,0.0,136819
2025-07-25T07:48:22.180143,phemex,1152070000,0.0,0,0.0
2025-07-25T07:48:22.331541,huobi,115290.0,115290.01,0.058672,0.34668199222482504
2025-07-25T07:48:23.027962,huobi,115290.0,115290.01,0.008672,0.398271992224825
2025-07-25T07:48:23.128126,phemex,1151941000,0.0,0,0.0
2025-07-25T07:48:23.132355,phemex,1151871000,0.0,24618,0.0
2025-07-25T07:48:24.055070,bitrue,115268.18,115268.19,0.6872,22.654
2025-07-25T07:48:24.488163,phemex,1151870000,0.0,0,0.0
2025-07-25T07:48:24.494055,phemex,1152186000,0.0,103501,0.0
2025-07-25T07:48:24.495779,phemex,0.0,1152319000,0.0,52152
2025-07-25T07:48:24.627120,huobi,115290.0,115290.01,0.008672,0.5480109922248251
2025-07-25T07:48:24.916699,phemex,0.0,1152323000,0.0,17656
2025-07-25T07:48:24.930148,huobi,115290.0,115290.01,0.006156,0.5480109922248251
2025-07-25T07:48:25.023972,phemex,0.0,1152307000,0.0,40889
2025-07-25T07:48:25.034857,huobi,115290.0,115290.01,0.006156,0.398271992224825
2025-07-25T07:48:25.224527,phemex,1152106000,0.0,721,0.0
2025-07-25T07:48:25.245089,phemex,1151960000,0.0,0,0.0
2025-07-25T07:48:25.328198,huobi,115290.0,115290.01,0.006156,0.5480109922248251
2025-07-25T07:48:25.344267,phemex,1151917000,0.0,93816,0.0
2025-07-25T07:48:25.464737,phemex,1152070000,1152187000,17409,119163
2025-07-25T07:48:25.527990,huobi,115290.0,115290.01,0.006156,0.34668199222482504
2025-07-25T07:48:25.624886,phemex,0.0,1152187000,0.0,136572
2025-07-25T07:48:25.725051,phemex,1152070000,0.0,0,0.0
2025-07-25T07:48:25.765828,phemex,1152070000,0.0,17409,0.0
2025-07-25T07:48:25.945193,phemex,0.0,1152187000,0.0,119163
2025-07-25T07:48:26.025361,phemex,0.0,1152187000,0.0,8347
2025-07-25T07:48:26.156298,bitrue,115268.18,115268.19,0.6872,22.654
2025-07-25T07:48:26.285676,phemex,0.0,1152187000,0.0,25756
2025-07-25T07:48:26.526299,phemex,1152070000,0.0,0,0.0
2025-07-25T07:48:26.727717,huobi,115290.0,115290.01,0.006156,0.346591992224825
2025-07-25T07:48:27.795915,phemex,1152070000,1152187000,17409,8347
2025-07-25T07:48:27.801134,phemex,1151917000,0.0,0,0.0
2025-07-25T07:48:27.802577,phemex,1151937000,0.0,94069,0.0
2025-07-25T07:48:28.243842,bitrue,115268.18,115268.19,0.6872,22.654
2025-07-25T07:48:29.293070,bitrue,115268.18,115268.19,0.6872,22.654
2025-07-25T07:48:29.637729,phemex,0.0,1152187000,0.0,25756
2025-07-25T07:48:29.642756,phemex,1152070000,0.0,0,0.0
2025-07-25T07:48:29.643850,phemex,0.0,1152378000,0.0,2861
2025-07-25T07:48:30.927412,huobi,115290.0,115290.01,0.006156,0.000248
2025-07-25T07:48:31.429871,huobi,115290.0,115290.01,0.01215,0.002516
2025-07-25T07:48:31.527829,huobi,115290.0,115290.01,0.01215,0.257885
2025-07-25T07:48:31.586500,phemex,1152070000,0.0,17409,0.0
2025-07-25T07:48:31.591596,phemex,0.0,1152378000,0.0,0
2025-07-25T07:48:31.593938,phemex,1152186000,1152187000,120910,0
2025-07-25T07:48:31.595369,phemex,1152186000,1152187000,7996,150000
2025-07-25T07:48:31.595939,phemex,1152186000,1152187000,7996,0
2025-07-25T07:48:31.597099,phemex,1152241000,0.0,95505,0.0
2025-07-25T07:48:31.598021,phemex,0.0,1152262000,0.0,20000
2025-07-25T07:48:31.598701,phemex,1152241000,1152242000,103501,117583
2025-07-25T07:48:31.599472,phemex,0.0,1152242000,0.0,235804
2025-07-25T07:48:31.600147,phemex,0.0,1152242000,0.0,385804
2025-07-25T07:48:31.614915,phemex,0.0,1152242000,0.0,411210
2025-07-25T07:48:31.627601,huobi,115290.0,115290.01,0.05,0.350352
2025-07-25T07:48:31.675166,phemex,1151967000,1152242000,349,411562
2025-07-25T07:48:31.774070,phemex,0.0,1152242000,0.0,427643
2025-07-25T07:48:31.827439,huobi,115290.0,115290.01,0.059751,0.34478699999696416
2025-07-25T07:48:32.027215,huobi,115290.0,115290.01,0.05,0.34478699999696416
2025-07-25T07:48:32.370483,phemex,1151943000,0.0,94119,0.0
2025-07-25T07:48:32.528777,huobi,115294.17,115294.18,0.278631,0.002207
2025-07-25T07:48:32.595471,bitrue,115268.18,115268.19,0.6872,22.654
2025-07-25T07:48:32.663134,huobi,115294.17,115294.18,0.278631,0.001959
2025-07-25T07:48:32.742998,phemex,1151954000,0.0,17409,0.0
2025-07-25T07:48:32.747643,phemex,0.0,1152242000,0.0,333514
2025-07-25T07:48:32.749572,phemex,0.0,1152242000,0.0,427603
2025-07-25T07:48:33.115985,phemex,0.0,1152242000,0.0,333514
2025-07-25T07:48:33.136022,phemex,0.0,1152242000,0.0,353371
2025-07-25T07:48:33.216357,phemex,0.0,1152242000,0.0,447471
2025-07-25T07:48:33.331225,huobi,115294.17,115294.18,0.008672,0.094663
2025-07-25T07:48:33.428850,huobi,115290.17,115290.18,0.260208,0.100124
2025-07-25T07:48:33.528159,huobi,115290.17,115290.18,0.26888,0.100248
2025-07-25T07:48:33.641015,bitrue,115268.18,115268.19,0.6872,22.654
2025-07-25T07:48:33.819609,phemex,0.0,1152401000,0.0,2910
2025-07-25T07:48:33.928071,huobi,115290.17,115290.18,0.263714,0.100248
2025-07-25T07:48:34.127873,huobi,115290.17,115290.18,0.008672,0.19788
2025-07-25T07:48:34.177585,phemex,1152108000,0.0,73800,0.0
2025-07-25T07:48:34.245836,phemex,1152070000,0.0,0,0.0
2025-07-25T07:48:34.265742,phemex,0.0,1152401000,0.0,0
2025-07-25T07:48:34.328696,huobi,115290.17,115290.18,0.008672,0.347619
2025-07-25T07:48:34.337935,phemex,1152022000,0.0,0,0.0
2025-07-25T07:48:34.357997,phemex,1152108000,0.0,0,0.0
2025-07-25T07:48:34.377903,phemex,1152241000,1152242000,7996,547594
2025-07-25T07:48:34.418268,phemex,0.0,1152242000,0.0,539597
2025-07-25T07:48:34.429926,huobi,115290.17,115290.18,0.008672,0.399209
2025-07-25T07:48:34.477988,phemex,0.0,1152243000,0.0,0
2025-07-25T07:48:34.518396,phemex,1152241000,1152386000,0,20000
2025-07-25T07:48:34.539062,phemex,1152108000,1152197000,73800,278225
2025-07-25T07:48:34.558307,phemex,1152108000,1152197000,0,128225
2025-07-25T07:48:34.598625,phemex,1152196000,1152197000,237069,136222
2025-07-25T07:48:34.629716,huobi,115290.17,115290.18,0.000936,0.399209
2025-07-25T07:48:34.658505,phemex,1152196000,0.0,95505,0.0
2025-07-25T07:48:34.799003,phemex,0.0,1152197000,0.0,152303
2025-07-25T07:48:34.820995,phemex,1152196000,1152197000,30583,476161
2025-07-25T07:48:34.827046,bitrue,115268.18,115268.19,0.6872,22.654
2025-07-25T07:48:34.832984,huobi,115290.17,115290.18,0.000936,0.410419
2025-07-25T07:48:34.858773,phemex,1152196000,1152197000,0,660589
2025-07-25T07:48:34.881012,phemex,1152186000,1152187000,0,128645
2025-07-25T07:48:34.910404,phemex,1152113000,1152183000,0,128645
2025-07-25T07:48:34.923511,phemex,1152046000,1152183000,0,304362
2025-07-25T07:48:34.929330,huobi,115285.09,115285.1,0.006601,0.317457
2025-07-25T07:48:34.959243,phemex,1152101000,1152183000,0,335418
2025-07-25T07:48:34.978955,phemex,0.0,1152183000,0.0,728160
2025-07-25T07:48:35.019043,phemex,1152048000,0.0,0,0.0
2025-07-25T07:48:35.030279,huobi,115285.09,115285.1,0.002755,0.467196
2025-07-25T07:48:35.059735,phemex,1152000000,0.0,141397,0.0
2025-07-25T07:48:35.130157,huobi,115285.0,115285.01,0.00021,0.465606
2025-07-25T07:48:35.160132,phemex,1152022000,0.0,73800,0.0
2025-07-25T07:48:35.199477,phemex,1152022000,0.0,0,0.0
2025-07-25T07:48:35.228417,huobi,115285.0,115285.01,0.002965,0.476816
2025-07-25T07:48:35.427319,huobi,115285.0,115285.01,0.002965,0.528406
2025-07-25T07:48:35.727199,huobi,115278.84,115278.85,0.004198,0.259556
2025-07-25T07:48:35.810038,phemex,0.0,1152262000,0.0,1
2025-07-25T07:48:35.816313,phemex,0.0,1152183000,0.0,754949
2025-07-25T07:48:35.827581,huobi,115278.84,115278.85,0.001443,0.2706759912872136
2025-07-25T07:48:35.871170,bitrue,115259.77,115259.78,0.6872,27.905
2025-07-25T07:48:36.427491,huobi,115278.84,115278.85,0.001443,0.5259759912872136
2025-07-25T07:48:36.440201,phemex,1152067000,0.0,199,0.0
2025-07-25T07:48:37.103006,phemex,0.0,1152183000,0.0,754950
2025-07-25T07:48:37.104053,phemex,1151915000,0.0,0,0.0
2025-07-25T07:48:37.327949,huobi,115278.84,115278.85,0.26168,0.5259759912872136
2025-07-25T07:48:37.427209,huobi,115278.84,115278.85,0.001443,0.5259759912872136
2025-07-25T07:48:37.962020,bitrue,115259.34,115259.35,0.0342,40.6478
2025-07-25T07:48:38.228426,huobi,115278.84,115278.85,0.001443,0.27534099128721357
2025-07-25T07:48:38.428647,huobi,115278.84,115278.85,0.26168,0.27534099128721357
2025-07-25T07:48:39.727960,huobi,115278.84,115278.85,0.001443,0.27534099128721357
2025-07-25T07:48:39.875225,phemex,0.0,1152208000,0.0,114078
2025-07-25T07:48:39.927343,huobi,115278.84,115278.85,0.26168,0.27534099128721357
2025-07-25T07:48:40.127220,huobi,115278.84,115278.85,0.008673,0.2750929912872136
2025-07-25T07:48:40.206470,bitrue,115259.34,115259.35,0.0342,40.6478
2025-07-25T07:48:40.228102,huobi,115278.84,115278.85,0.008673,0.36442
2025-07-25T07:48:40.358167,phemex,0.0,1152183000,0.0,849014
2025-07-25T07:48:40.366366,phemex,0.0,1152183000,0.0,827007
2025-07-25T07:48:40.368590,phemex,0.0,1152183000,0.0,849026
2025-07-25T07:48:40.526845,huobi,115278.84,115278.85,0.26891,0.36442
2025-07-25T07:48:40.627016,huobi,115278.84,115278.85,0.26891,0.36433
2025-07-25T07:48:40.728983,huobi,115278.84,115278.85,0.26891,0.09791
2025-07-25T07:48:40.828100,huobi,115275.0,115275.01,0.270208,0.008673
2025-07-25T07:48:41.010073,phemex,0.0,1152183000,0.0,754962
2025-07-25T07:48:41.017589,phemex,0.0,1152183000,0.0,849026
2025-07-25T07:48:41.253510,bitrue,115259.34,115259.35,0.0342,40.6478
2025-07-25T07:48:42.510119,phemex,0.0,1152183000,0.0,754962
2025-07-25T07:48:42.610191,phemex,0.0,1152183000,0.0,849010
2025-07-25T07:48:42.626010,huobi,115275.0,115275.01,0.00021,0.361829
2025-07-25T07:48:43.090917,phemex,0.0,1152183000,0.0,754962
2025-07-25T07:48:43.126733,huobi,115275.0,115275.01,0.00021,0.008921
2025-07-25T07:48:43.191005,phemex,0.0,1152183000,0.0,849099
2025-07-25T07:48:43.227095,huobi,115275.0,115275.01,0.00021,0.264129
2025-07-25T07:48:43.791840,phemex,0.0,1152183000,0.0,754962
2025-07-25T07:48:43.811844,phemex,0.0,1152183000,0.0,754251
2025-07-25T07:48:43.828874,huobi,115275.0,115275.01,0.00021,0.008921
2025-07-25T07:48:43.831636,phemex,1152067000,0.0,0,0.0
2025-07-25T07:48:43.851684,phemex,0.0,1152183000,0.0,848388
2025-07-25T07:48:43.871650,phemex,0.0,1152183000,0.0,826752
2025-07-25T07:48:43.912270,phemex,1152009000,1152183000,628,856402
2025-07-25T07:48:43.927335,huobi,115275.0,115275.01,0.00021,0.264101
2025-07-25T07:48:44.027372,huobi,115275.0,115275.01,0.00021,0.564987
2025-07-25T07:48:44.226597,huobi,115275.0,115275.01,0.00021,0.309807
2025-07-25T07:48:44.248120,phemex,1152067000,0.0,177,0.0
2025-07-25T07:48:44.256328,phemex,0.0,1152183000,0.0,762265
2025-07-25T07:48:44.257364,phemex,0.0,1152183000,0.0,762643
2025-07-25T07:48:44.257811,phemex,0.0,1152183000,0.0,895718
2025-07-25T07:48:44.292385,phemex,1152166000,1152183000,0,989824
2025-07-25T07:48:44.327063,huobi,115275.0,115275.01,0.00021,0.564905
2025-07-25T07:48:44.352270,phemex,1151796000,0.0,25204,0.0
2025-07-25T07:48:44.394650,bitrue,115257.6,115257.61,0.0001,32.1317
2025-07-25T07:48:44.673654,phemex,1151893000,1152222000,0,897
2025-07-25T07:48:45.356952,phemex,1152009000,0.0,0,0.0
2025-07-25T07:48:45.359447,phemex,0.0,1152221000,0.0,1
2025-07-25T07:48:45.374029,phemex,1151952000,0.0,996,0.0
2025-07-25T07:48:45.574417,bitrue,115251.22,115257.61,0.3472,32.1317
2025-07-25T07:48:45.574464,phemex,1151834000,0.0,17631,0.0
2025-07-25T07:48:45.634509,phemex,0.0,1152183000,0.0,1009824
2025-07-25T07:48:46.194969,phemex,0.0,1152183000,0.0,1009825
2025-07-25T07:48:46.274974,phemex,0.0,1152183000,0.0,999540
2025-07-25T07:48:46.616735,bitrue,115251.22,115251.23,0.3472,19.0773
2025-07-25T07:48:46.735375,phemex,1151783000,0.0,0,0.0
2025-07-25T07:48:46.827107,huobi,115275.0,115275.01,0.00021,0.5641599751849946
2025-07-25T07:48:47.665527,bitrue,115251.22,115251.23,0.3472,19.0773
2025-07-25T07:48:48.177974,phemex,0.0,1152360000,0.0,218400
2025-07-25T07:48:48.331305,huobi,115275.0,115275.01,0.00021,0.41442097518499454
2025-07-25T07:48:48.518306,phemex,0.0,1152183000,0.0,999437
2025-07-25T07:48:49.760049,bitrue,115251.22,115251.23,0.3472,19.0773
2025-07-25T07:48:49.827055,huobi,115275.0,115275.01,0.00021,0.5640699721869467
2025-07-25T07:48:50.328472,huobi,115275.0,115275.01,0.00021,0.4143309721869467
2025-07-25T07:48:50.441670,phemex,1152182000,1152098000,0,152191
2025-07-25T07:48:50.460669,phemex,1152067000,1152068000,0,286445
2025-07-25T07:48:50.480908,phemex,1152059000,1152060000,0,17631
2025-07-25T07:48:50.500744,phemex,1151985000,1152059000,15000,31134
2025-07-25T07:48:50.540973,phemex,1151986000,1152018000,71126,17631
2025-07-25T07:48:50.560902,phemex,1151987000,1152017000,7998,23136
2025-07-25T07:48:50.581057,phemex,1151986000,1152017000,30583,117165
2025-07-25T07:48:50.621049,phemex,1151986000,1152014000,0,17631
2025-07-25T07:48:50.661113,phemex,1151987000,1151996000,0,110816
2025-07-25T07:48:50.682000,phemex,1151986000,1151987000,0,55408
2025-07-25T07:48:50.701086,phemex,1151986000,1151987000,7998,110816
2025-07-25T07:48:50.741812,phemex,1151986000,1151987000,103503,110815
2025-07-25T07:48:50.781376,phemex,1151986000,0.0,103503,0.0
2025-07-25T07:48:50.801464,phemex,1151939000,0.0,0,0.0
2025-07-25T07:48:50.881497,phemex,0.0,1151993000,0.0,0
2025-07-25T07:48:50.901363,phemex,0.0,1152183000,0.0,64996
2025-07-25T07:48:50.941481,phemex,0.0,1151987000,0.0,0
2025-07-25T07:48:50.981933,phemex,1151986000,1151987000,0,150000
2025-07-25T07:48:51.021997,phemex,1151986000,1151987000,40543,0
2025-07-25T07:48:51.062417,phemex,1152016000,0.0,7998,0.0
2025-07-25T07:48:51.102015,phemex,1152016000,1152017000,95505,135116
2025-07-25T07:48:51.161892,phemex,1152016000,1152017000,103503,285116
2025-07-25T07:48:51.201997,phemex,1152016000,0.0,95505,0.0
2025-07-25T07:48:51.241949,phemex,1152016000,1152019000,103502,0
2025-07-25T07:48:51.860255,bitrue,115251.22,115251.23,0.3472,19.0773
2025-07-25T07:48:51.983084,phemex,1151939000,0.0,73800,0.0
2025-07-25T07:48:52.003408,phemex,1151939000,0.0,0,0.0
2025-07-25T07:48:52.063585,phemex,1151938000,0.0,0,0.0
2025-07-25T07:48:52.083430,phemex,0.0,1152017000,0.0,293113
2025-07-25T07:48:52.578242,phemex,1151940000,0.0,1,0.0
2025-07-25T07:48:53.026890,huobi,115275.0,115275.01,0.00021,0.5640699721869467
2025-07-25T07:48:53.542149,phemex,0.0,1152060000,0.0,1
2025-07-25T07:48:53.946424,phemex,1151909000,0.0,73800,0.0
2025-07-25T07:48:53.946477,bitrue,115251.22,115251.23,0.3472,19.0773
2025-07-25T07:48:54.374406,phemex,0.0,1152047000,0.0,2873
2025-07-25T07:48:54.726859,huobi,115275.0,115275.01,0.00021,0.5639799721869467
2025-07-25T07:48:54.847645,phemex,1151909000,0.0,0,0.0
2025-07-25T07:48:54.867652,phemex,0.0,1152047000,0.0,0
2025-07-25T07:48:54.947702,phemex,1151909000,0.0,73800,0.0
2025-07-25T07:48:55.064729,huobi,115275.0,115275.01,0.00021,0.41424097218694667
2025-07-25T07:48:55.468434,phemex,0.0,1152218000,0.0,42058
2025-07-25T07:48:55.849194,phemex,1151901000,0.0,92,0.0
2025-07-25T07:48:55.872117,phemex,1151931000,0.0,25071,0.0
2025-07-25T07:48:56.164284,bitrue,115250.0,115250.01,0.117,24.6493
2025-07-25T07:48:56.326943,huobi,115275.0,115275.01,0.00021,0.5639799721869467
2025-07-25T07:48:56.342062,phemex,1151941000,0.0,73800,0.0
2025-07-25T07:48:56.346239,phemex,0.0,1152017000,0.0,269977
2025-07-25T07:48:56.347575,phemex,0.0,1152097000,0.0,24985
2025-07-25T07:48:56.348115,phemex,0.0,1152191000,0.0,2847
2025-07-25T07:48:56.728127,huobi,115275.0,115275.01,0.00021,0.41424097218694667
2025-07-25T07:48:56.931470,phemex,1151953000,0.0,73800,0.0
2025-07-25T07:48:57.030768,phemex,0.0,1152191000,0.0,0
2025-07-25T07:48:58.188571,phemex,1151932000,0.0,0,0.0
2025-07-25T07:48:58.192644,phemex,1152016000,0.0,103035,0.0
2025-07-25T07:48:58.251453,bitrue,115250.0,115250.01,0.117,24.6493
2025-07-25T07:48:58.827071,huobi,115275.0,115275.01,0.00021,0.5639799721869467
2025-07-25T07:48:59.033573,phemex,1151953000,0.0,0,0.0
2025-07-25T07:48:59.054023,phemex,1151941000,0.0,0,0.0
2025-07-25T07:48:59.193875,phemex,1151765000,0.0,362,0.0
2025-07-25T07:48:59.728472,huobi,115275.0,115275.01,0.00021,1.6466799721869467
2025-07-25T07:49:00.036604,huobi,115275.0,115275.01,0.00021,1.6466799721869467
2025-07-25T07:49:00.147349,huobi,115275.0,115275.01,0.00021,1.4969409721869467
2025-07-25T07:49:00.344263,bitrue,115250.0,115250.01,0.117,24.6493
2025-07-25T07:49:00.345750,phemex,0.0,1152188000,0.0,2855
2025-07-25T07:49:00.727533,huobi,115275.0,115275.01,0.00021,1.4307329721869466
2025-07-25T07:49:01.027748,huobi,115275.0,115275.01,0.00021,1.5804719721869467
2025-07-25T07:49:01.071317,phemex,1151901000,0.0,0,0.0
2025-07-25T07:49:01.075738,phemex,1151941000,0.0,73800,0.0
2025-07-25T07:49:01.077362,phemex,0.0,1152017000,0.0,270327
2025-07-25T07:49:01.078881,phemex,1151941000,0.0,0,0.0
2025-07-25T07:49:01.390762,bitrue,115250.0,115250.01,0.117,24.6493
2025-07-25T07:49:01.628427,huobi,115275.0,115275.01,0.00021,1.57983297219033
2025-07-25T07:49:02.727328,huobi,115275.0,115275.01,0.00021,1.4300939721903299
2025-07-25T07:49:02.827558,huobi,115275.0,115275.01,0.00021,1.57983297219033
2025-07-25T07:49:03.005566,phemex,1151985000,0.0,15000,0.0
2025-07-25T07:49:04.142365,phemex,1151834000,1152065000,0,20000
2025-07-25T07:49:04.162238,phemex,1152016000,1152017000,0,554416
2025-07-25T07:49:04.182228,phemex,1151952000,1151953000,0,127953
2025-07-25T07:49:04.202363,phemex,1151940000,1151941000,0,135950
2025-07-25T07:49:04.222343,phemex,1151930000,1151931000,0,72545
2025-07-25T07:49:04.228677,huobi,115275.0,115275.01,0.00021,1.79937597219033
2025-07-25T07:49:04.242845,phemex,1151903000,1151924000,771,127953
2025-07-25T07:49:04.262496,phemex,1151923000,1151924000,149060,277953
2025-07-25T07:49:04.282377,phemex,0.0,1151924000,0.0,285950
2025-07-25T07:49:04.322457,phemex,1151896000,0.0,108317,0.0
2025-07-25T07:49:04.382609,phemex,1151765000,0.0,0,0.0
2025-07-25T07:49:04.402508,phemex,0.0,1152017000,0.0,0
2025-07-25T07:49:04.427553,huobi,115275.0,115275.01,0.00021,1.8009759721903298
2025-07-25T07:49:04.442714,phemex,1151923000,0.0,212020,0.0
2025-07-25T07:49:04.482915,phemex,0.0,1151924000,0.0,286300
2025-07-25T07:49:04.526943,bitrue,115250.0,115250.01,0.117,24.6493
2025-07-25T07:49:04.603458,phemex,1151621000,0.0,362,0.0
2025-07-25T07:49:04.663130,phemex,1151923000,0.0,95038,0.0
2025-07-25T07:49:04.703161,phemex,0.0,1151924000,0.0,312383
2025-07-25T07:49:05.426415,huobi,115275.0,115275.01,0.00021,1.8008859721903299
2025-07-25T07:49:05.429319,phemex,1151830000,0.0,73800,0.0
2025-07-25T07:49:05.437623,phemex,0.0,1152081000,0.0,0
2025-07-25T07:49:05.440015,phemex,1151835000,0.0,128472,0.0
2025-07-25T07:49:05.441179,phemex,1151795000,1151950000,0,24147
2025-07-25T07:49:05.442218,phemex,1151602000,1152219000,17151,2873
2025-07-25T07:49:05.443232,phemex,1151830000,0.0,0,0.0
2025-07-25T07:49:05.444621,phemex,1151820000,0.0,0,0.0
2025-07-25T07:49:05.565030,phemex,1151718000,0.0,0,0.0
2025-07-25T07:49:05.578272,bitrue,115234.56,115251.3,0.0001,0.0238
2025-07-25T07:49:05.825117,phemex,1151836000,0.0,73800,0.0
2025-07-25T07:49:05.845434,phemex,1151836000,0.0,0,0.0
2025-07-25T07:49:06.025886,phemex,1151908000,0.0,0,0.0
2025-07-25T07:49:06.126664,huobi,115265.0,115265.01,0.00021,0.569352
2025-07-25T07:49:06.206354,phemex,1151903000,1151980000,0,1
2025-07-25T07:49:06.226630,huobi,115265.0,115265.01,0.00021,0.580562
2025-07-25T07:49:06.266313,phemex,0.0,1152128000,0.0,146428
2025-07-25T07:49:06.305832,phemex,0.0,1152183000,0.0,17829
2025-07-25T07:49:06.366022,phemex,1151923000,0.0,62960,0.0
2025-07-25T07:49:06.406337,phemex,1151923000,1151908000,0,105141
2025-07-25T07:49:06.425952,phemex,0.0,1151893000,0.0,230556
2025-07-25T07:49:06.445976,phemex,1151892000,1151893000,64455,285964
2025-07-25T07:49:06.486886,phemex,1151892000,1151924000,95038,26083
2025-07-25T07:49:06.546202,phemex,1151861000,0.0,0,0.0
2025-07-25T07:49:06.566339,phemex,1151780000,0.0,23112,0.0
2025-07-25T07:49:06.606816,phemex,0.0,1151893000,0.0,300947
2025-07-25T07:49:06.632865,bitrue,115236.48,115236.49,0.3264,17.738
2025-07-25T07:49:06.686687,phemex,0.0,1151893000,0.0,301297
2025-07-25T07:49:06.827317,phemex,1151839000,0.0,964,0.0
2025-07-25T07:49:07.358918,phemex,1151892000,0.0,103035,0.0
2025-07-25T07:49:07.426704,huobi,115265.0,115265.01,0.00021,0.834884
2025-07-25T07:49:07.527097,huobi,115260.0,115260.01,0.260491,0.00777
2025-07-25T07:49:07.745596,huobi,115260.0,115260.01,0.260491,0.157509
2025-07-25T07:49:07.788548,phemex,1151828000,0.0,73800,0.0
2025-07-25T07:49:07.826216,huobi,115260.0,115260.01,0.260491,0.00777
2025-07-25T07:49:07.868708,phemex,1151828000,0.0,0,0.0
2025-07-25T07:49:08.016135,phemex,1151892000,1151893000,103035,301297
2025-07-25T07:49:08.326115,huobi,115260.0,115260.01,0.260491,0.157509
2025-07-25T07:49:09.264555,huobi,115260.0,115260.01,0.260491,0.411806
2025-07-25T07:49:09.264819,huobi,115260.0,115260.01,0.00021,0.413759
2025-07-25T07:49:09.264852,huobi,115260.0,115260.01,0.00021,0.415359
2025-07-25T07:49:09.265021,phemex,1151819000,0.0,1,0.0
2025-07-25T07:49:09.265084,bitrue,115236.48,115236.49,0.3264,17.738
2025-07-25T07:49:09.427128,huobi,115260.0,115260.01,0.260491,0.415359
2025-07-25T07:49:09.786707,bitrue,115229.6,115229.61,0.0814,20.113
2025-07-25T07:49:10.326671,huobi,115260.0,115260.01,0.00021,0.415359
2025-07-25T07:49:10.443102,phemex,1151892000,0.0,64062,0.0
2025-07-25T07:49:11.234511,phemex,0.0,1151893000,0.0,394795
2025-07-25T07:49:11.238957,phemex,0.0,1151980000,0.0,2876
2025-07-25T07:49:11.394771,phemex,1151710000,1151893000,0,494918
2025-07-25T07:49:11.427153,huobi,115260.0,115260.01,0.00021,0.426569
2025-07-25T07:49:11.434331,phemex,1151892000,1151937000,0,50917
2025-07-25T07:49:11.474088,phemex,1151860000,1151866000,0,285964
2025-07-25T07:49:11.494398,phemex,0.0,1151893000,0.0,414362
2025-07-25T07:49:11.870506,bitrue,115229.6,115229.61,0.0814,20.113
2025-07-25T07:49:11.885974,phemex,1151865000,1151866000,62977,405708
2025-07-25T07:49:11.890980,phemex,0.0,1151893000,0.0,72107
2025-07-25T07:49:11.892108,phemex,1151656000,0.0,0,0.0
2025-07-25T07:49:11.892963,phemex,0.0,1151893000,0.0,30141
2025-07-25T07:49:11.893439,phemex,0.0,1151866000,0.0,421799
2025-07-25T07:49:11.894088,phemex,0.0,1151893000,0.0,0
2025-07-25T07:49:11.894129,phemex,0.0,1151866000,0.0,422149
2025-07-25T07:49:11.928216,huobi,115260.0,115260.01,0.00021,0.426479
2025-07-25T07:49:11.936169,phemex,1151537000,0.0,1,0.0
2025-07-25T07:49:11.975346,phemex,1151865000,1151866000,6912,428496
2025-07-25T07:49:12.014995,phemex,1151865000,1151949000,0,80985
2025-07-25T07:49:12.029111,huobi,115250.0,115260.01,0.00021,0.421719
2025-07-25T07:49:12.034935,phemex,1151768000,1151781000,0,162677
2025-07-25T07:49:12.054935,phemex,1151779000,1151781000,0,228090
2025-07-25T07:49:12.096432,phemex,1151780000,1151781000,53112,329817
2025-07-25T07:49:12.135842,phemex,0.0,1151781000,0.0,218936
2025-07-25T07:49:12.154451,huobi,115250.0,115250.01,0.260513,0.352162
2025-07-25T07:49:12.215161,phemex,1151780000,1151781000,126328,8533
2025-07-25T07:49:12.227548,huobi,115250.0,115250.01,0.272787,0.011264
2025-07-25T07:49:12.256380,phemex,1151780000,1151949000,117545,0
2025-07-25T07:49:12.296062,phemex,1151495000,0.0,93726,0.0
2025-07-25T07:49:12.327939,huobi,115250.0,115250.01,0.272787,0.01114
2025-07-25T07:49:12.335365,phemex,0.0,1151781000,0.0,102259
2025-07-25T07:49:12.395515,phemex,0.0,1151781000,0.0,110256
2025-07-25T07:49:12.435532,phemex,1151495000,0.0,0,0.0
2025-07-25T07:49:12.456017,phemex,1151370000,1151781000,17151,127407
2025-07-25T07:49:12.495585,phemex,1151780000,1151859000,102545,1
2025-07-25T07:49:12.535594,phemex,1151503000,0.0,93726,0.0
2025-07-25T07:49:12.826700,huobi,115250.0,115250.01,0.002609,0.011264
2025-07-25T07:49:13.000172,phemex,1151725000,0.0,73800,0.0
2025-07-25T07:49:13.005639,phemex,1151719000,0.0,73800,0.0
2025-07-25T07:49:13.026372,huobi,115250.0,115250.01,0.002609,0.161003
2025-07-25T07:49:13.036823,phemex,0.0,1151818000,0.0,1
2025-07-25T07:49:13.116731,phemex,0.0,1151781000,0.0,33681
2025-07-25T07:49:13.217002,phemex,0.0,1151781000,0.0,127379
2025-07-25T07:49:13.226421,huobi,115250.0,115250.01,0.002609,0.011264
2025-07-25T07:49:13.426185,huobi,115250.0,115250.01,0.002609,0.265306
2025-07-25T07:49:13.965634,bitrue,115220.0,115220.01,0.0597,8.8278
2025-07-25T07:49:14.428199,huobi,115250.0,115250.01,0.002609,0.505308
2025-07-25T07:49:14.627869,huobi,115250.0,115250.01,0.002609,0.265306
2025-07-25T07:49:15.011276,bitrue,115220.0,115220.01,0.0597,8.8278
2025-07-25T07:49:15.158637,phemex,0.0,1151781000,0.0,110228
2025-07-25T07:49:15.166348,phemex,1151741000,0.0,73800,0.0
2025-07-25T07:49:15.169983,phemex,0.0,1151781000,0.0,127719
2025-07-25T07:49:15.171680,phemex,1151741000,0.0,0,0.0
2025-07-25T07:49:15.199664,phemex,1151513000,0.0,93645,0.0
2025-07-25T07:49:15.226992,huobi,115250.0,115250.01,0.002609,0.505308
2025-07-25T07:49:15.634367,huobi,115250.0,115250.01,0.002609,0.503708
2025-07-25T07:49:15.660471,phemex,0.0,1151781000,0.0,110228
2025-07-25T07:49:15.680828,phemex,1151725000,0.0,0,0.0
2025-07-25T07:49:15.700601,phemex,1151725000,1151781000,73800,184028
2025-07-25T07:49:15.741471,phemex,1151725000,0.0,0,0.0
2025-07-25T07:49:15.826727,huobi,115250.0,115250.01,0.002609,0.353969
2025-07-25T07:49:16.058429,bitrue,115220.0,115220.01,0.0597,8.8278
2025-07-25T07:49:16.221965,phemex,0.0,1151781000,0.0,201519
2025-07-25T07:49:16.241718,phemex,1151719000,0.0,0,0.0
2025-07-25T07:49:16.281733,phemex,1151780000,0.0,102174,0.0
2025-07-25T07:49:16.301577,phemex,1151780000,1151781000,87174,335885
2025-07-25T07:49:16.321731,phemex,1151780000,1151781000,64062,336235
2025-07-25T07:49:16.401997,phemex,0.0,1151843000,0.0,540
2025-07-25T07:49:16.422221,phemex,0.0,1151810000,0.0,152789
2025-07-25T07:49:16.502180,phemex,1151725000,1151858000,22467,22774
2025-07-25T07:49:16.836755,phemex,0.0,1151781000,0.0,318744
2025-07-25T07:49:16.839892,phemex,0.0,1152092000,0.0,2857
2025-07-25T07:49:16.840690,phemex,0.0,1151806000,0.0,73800
2025-07-25T07:49:16.841169,phemex,1151726000,0.0,73800,0.0
2025-07-25T07:49:16.842268,phemex,1151726000,1151781000,0,317140
2025-07-25T07:49:16.842842,phemex,1151700000,0.0,73800,0.0
2025-07-25T07:49:16.862694,phemex,0.0,1151781000,0.0,243340
2025-07-25T07:49:16.902810,phemex,0.0,1151781000,0.0,242990
2025-07-25T07:49:16.927237,huobi,115250.0,115250.01,0.002609,0.263706
2025-07-25T07:49:17.063107,phemex,1151724000,0.0,134283,0.0
2025-07-25T07:49:17.526603,huobi,115250.0,115250.01,0.002609,0.009664
2025-07-25T07:49:17.627090,huobi,115250.0,115250.01,0.002609,0.413354
2025-07-25T07:49:17.660244,phemex,0.0,1151806000,0.0,0
2025-07-25T07:49:17.664307,phemex,0.0,1151781000,0.0,149292
2025-07-25T07:49:17.665403,phemex,0.0,1151781000,0.0,242949
2025-07-25T07:49:17.683752,phemex,1151726000,1151806000,73800,73800
2025-07-25T07:49:17.826630,huobi,115250.0,115250.01,0.002609,0.503617
2025-07-25T07:49:17.924569,phemex,0.0,1151858000,0.0,0
2025-07-25T07:49:17.944459,phemex,0.0,1151936000,0.0,22774
2025-07-25T07:49:17.964085,phemex,0.0,1151781000,0.0,149292
2025-07-25T07:49:17.984457,phemex,0.0,1151809000,0.0,0
2025-07-25T07:49:18.026086,huobi,115250.0,115250.01,0.002609,0.009664
2025-07-25T07:49:18.045483,phemex,0.0,1151781000,0.0,242949
2025-07-25T07:49:18.126730,huobi,115250.0,115250.01,0.002609,0.263566
2025-07-25T07:49:18.150552,bitrue,115220.0,115220.01,0.0597,8.8278
2025-07-25T07:49:18.184586,phemex,0.0,1151781000,0.0,149292
2025-07-25T07:49:18.226378,huobi,115250.0,115250.01,0.002609,0.009664
2025-07-25T07:49:18.325964,huobi,115250.0,115250.01,0.002609,0.263566
2025-07-25T07:49:18.626264,huobi,115250.0,115250.01,0.002609,0.503568
2025-07-25T07:49:18.999890,phemex,0.0,1151781000,0.0,242922
2025-07-25T07:49:19.010082,phemex,1151719000,1151806000,73800,73800
2025-07-25T07:49:19.012356,phemex,1151700000,0.0,0,0.0
2025-07-25T07:49:19.014883,phemex,1151486000,0.0,17491,0.0
2025-07-25T07:49:19.026548,huobi,115250.0,115250.01,0.002609,0.353829
2025-07-25T07:49:19.065715,phemex,0.0,1151806000,0.0,0
2025-07-25T07:49:19.126920,huobi,115250.0,115250.01,0.002609,0.263566
2025-07-25T07:49:19.227512,huobi,115250.0,115250.01,0.002695,0.263566
2025-07-25T07:49:19.529870,huobi,115250.0,115250.01,0.002695,0.2634759921908901
2025-07-25T07:49:19.549854,phemex,1151780000,0.0,64433,0.0
2025-07-25T07:49:19.554935,phemex,1151780000,0.0,81924,0.0
2025-07-25T07:49:19.626985,phemex,1151780000,0.0,64433,0.0
2025-07-25T07:49:19.668517,phemex,1151780000,0.0,138233,0.0
2025-07-25T07:49:19.787946,phemex,1151780000,0.0,155724,0.0
2025-07-25T07:49:19.867347,phemex,1151780000,0.0,138233,0.0
2025-07-25T07:49:19.887543,phemex,1151780000,0.0,64433,0.0
2025-07-25T07:49:20.026576,huobi,115250.0,115250.01,0.002695,0.41321499219089003
2025-07-25T07:49:20.236273,bitrue,115220.0,115220.01,0.0597,8.8278
2025-07-25T07:49:20.728227,huobi,115250.0,115250.01,0.002695,0.009573992190890048
2025-07-25T07:49:20.826212,huobi,115250.0,115250.01,0.002695,0.41309099219089007
2025-07-25T07:49:21.227505,huobi,115250.0,115250.01,0.002695,0.26335199219089006
2025-07-25T07:49:21.296024,phemex,0.0,1151781000,0.0,149292
2025-07-25T07:49:21.304365,phemex,0.0,1151781000,0.0,242892
2025-07-25T07:49:21.306147,phemex,0.0,1151781000,0.0,149292
2025-07-25T07:49:21.327064,huobi,115250.0,115250.01,0.002695,0.009573992190890048
2025-07-25T07:49:21.329586,phemex,0.0,1151781000,0.0,242883
2025-07-25T07:49:21.370059,phemex,0.0,1151781000,0.0,149292
2025-07-25T07:49:21.526078,huobi,115250.0,115250.01,0.002695,0.26330399219089007
2025-07-25T07:49:21.626518,huobi,115236.61,115250.0,0.000266,0.000124
2025-07-25T07:49:21.726357,huobi,115244.28,115244.29,0.32019,0.001977
2025-07-25T07:49:21.912981,phemex,0.0,1151781000,0.0,242865
2025-07-25T07:49:21.917579,phemex,0.0,1151781000,0.0,149292
2025-07-25T07:49:21.918671,phemex,1151780000,1151781000,81924,242848
2025-07-25T07:49:22.051034,phemex,0.0,1151781000,0.0,149292
2025-07-25T07:49:22.131017,phemex,1151780000,0.0,64433,0.0
2025-07-25T07:49:22.324933,bitrue,115220.0,115220.01,0.0597,8.8278
2025-07-25T07:49:22.526846,huobi,115244.28,115244.29,0.32019,0.255635
2025-07-25T07:49:22.532251,phemex,0.0,1151781000,0.0,242848
2025-07-25T07:49:22.538036,phemex,0.0,1151781000,0.0,149292
2025-07-25T07:49:22.539896,phemex,0.0,1151781000,0.0,242839
2025-07-25T07:49:22.751738,phemex,1151741000,0.0,0,0.0
2025-07-25T07:49:23.373911,bitrue,115220.0,115220.01,0.0597,8.8278
2025-07-25T07:49:23.432730,phemex,0.0,1152092000,0.0,0
2025-07-25T07:49:23.895758,phemex,1151780000,0.0,138233,0.0
2025-07-25T07:49:23.898810,phemex,1151780000,0.0,64433,0.0
2025-07-25T07:49:24.033566,phemex,0.0,1151781000,0.0,149292
2025-07-25T07:49:24.126330,huobi,115244.28,115244.29,0.32019,0.001977
2025-07-25T07:49:24.134220,phemex,0.0,1151781000,0.0,242830
2025-07-25T07:49:24.226575,huobi,115244.28,115244.29,0.32019,0.255616
2025-07-25T07:49:24.424182,bitrue,115220.0,115220.01,0.0597,8.8278
2025-07-25T07:49:24.426501,huobi,115244.28,115244.29,0.32019,0.2555259955329674
2025-07-25T07:49:24.754874,phemex,1151741000,1151809000,73800,73800
2025-07-25T07:49:24.757868,phemex,0.0,1151781000,0.0,227567
2025-07-25T07:49:24.758492,phemex,0.0,1151809000,0.0,0
2025-07-25T07:49:24.758992,phemex,0.0,1151781000,0.0,235564
2025-07-25T07:49:24.794550,phemex,1151780000,0.0,64750,0.0
2025-07-25T07:49:24.854898,phemex,0.0,1152037000,0.0,2838
2025-07-25T07:49:25.075200,phemex,0.0,1151781000,0.0,142026
2025-07-25T07:49:25.126579,huobi,115244.28,115244.29,0.32019,0.001886995532967404
2025-07-25T07:49:25.255255,phemex,0.0,1151781000,0.0,235486
2025-07-25T07:49:25.326295,huobi,115244.28,115244.29,0.32019,0.2553149955329674
2025-07-25T07:49:25.596136,phemex,0.0,1151809000,0.0,73800
2025-07-25T07:49:25.796401,phemex,0.0,1151781000,0.0,142026
2025-07-25T07:49:25.826474,huobi,115244.28,115244.29,0.32019,0.001886995532967404
2025-07-25T07:49:25.836947,phemex,0.0,1151809000,0.0,0
2025-07-25T07:49:26.036813,phemex,0.0,1151781000,0.0,235479
2025-07-25T07:49:26.049148,huobi,115244.28,115244.29,0.32019,0.2552939955329674
2025-07-25T07:49:26.516287,bitrue,115220.0,115220.01,0.0597,8.8278
2025-07-25T07:49:26.860405,phemex,1151780000,0.0,82024,0.0
2025-07-25T07:49:26.865848,phemex,0.0,1152037000,0.0,0
2025-07-25T07:49:26.868665,phemex,1151780000,0.0,155824,0.0
2025-07-25T07:49:26.869937,phemex,0.0,1151897000,0.0,0
2025-07-25T07:49:27.038260,phemex,0.0,1151781000,0.0,142026
2025-07-25T07:49:27.128886,huobi,115244.28,115244.29,0.32019,0.001886995532967404
2025-07-25T07:49:27.139028,phemex,0.0,1151781000,0.0,235479
2025-07-25T07:49:27.179364,phemex,0.0,1151781000,0.0,142026
2025-07-25T07:49:27.326535,huobi,115244.28,115244.29,0.32019,0.2555069955329674
2025-07-25T07:49:27.459246,phemex,0.0,1151781000,0.0,235556
2025-07-25T07:49:27.564045,bitrue,115220.0,115220.01,0.0597,8.8278
2025-07-25T07:49:27.627808,huobi,115244.28,115244.29,0.32019,0.1956549955329674
2025-07-25T07:49:28.160036,phemex,0.0,1151781000,0.0,235403
2025-07-25T07:49:28.180241,phemex,1151780000,1151781000,82024,141873
2025-07-25T07:49:28.227055,huobi,115247.21,115247.22,0.328866,0.001884
2025-07-25T07:49:28.503002,phemex,0.0,1151781000,0.0,235408
2025-07-25T07:49:28.560622,phemex,1151780000,0.0,155824,0.0
2025-07-25T07:49:28.608776,bitrue,115220.0,115220.01,0.0597,8.8278
2025-07-25T07:49:29.427469,huobi,115247.21,115247.22,0.328866,0.255517
2025-07-25T07:49:29.542316,phemex,0.0,1151781000,0.0,141873
2025-07-25T07:49:29.622304,phemex,0.0,1151781000,0.0,7997
2025-07-25T07:49:29.626729,huobi,115247.21,115247.22,0.328866,0.001884
2025-07-25T07:49:29.642246,phemex,1151780000,1151781000,147827,101515
2025-07-25T07:49:29.651223,bitrue,115220.0,115220.01,0.0597,8.8278
2025-07-25T07:49:29.662221,phemex,1151780000,1151781000,155824,0
2025-07-25T07:49:29.682375,phemex,1151805000,1151810000,17274,0
2025-07-25T07:49:29.702987,phemex,1151781000,0.0,0,0.0
2025-07-25T07:49:29.742321,phemex,1151805000,1151806000,147609,0
2025-07-25T07:49:29.782357,phemex,1151806000,1151807000,25271,6911
2025-07-25T07:49:29.826874,huobi,115247.21,115247.22,0.328866,0.25548
2025-07-25T07:49:30.026320,huobi,115247.21,115247.22,0.328866,0.0014284575582821
2025-07-25T07:49:30.124964,phemex,1151805000,0.0,470,0.0
2025-07-25T07:49:30.125721,huobi,115247.21,115247.22,0.328866,0.2550244575582821
2025-07-25T07:49:30.129491,phemex,1151806000,1151807000,155136,119724
2025-07-25T07:49:30.131004,phemex,1151806000,1151807000,155606,269724
2025-07-25T07:49:30.131692,phemex,1151806000,1151807000,81806,176203
2025-07-25T07:49:30.132167,phemex,0.0,1151807000,0.0,295590
2025-07-25T07:49:30.132580,phemex,0.0,1151807000,0.0,404081
2025-07-25T07:49:30.384153,phemex,0.0,1151923000,0.0,17274
2025-07-25T07:49:30.563537,phemex,1151806000,0.0,81806,0.0
2025-07-25T07:49:30.623700,phemex,0.0,1151807000,0.0,310569
2025-07-25T07:49:30.723773,phemex,0.0,1151807000,0.0,404081
2025-07-25T07:49:30.727005,huobi,115247.21,115247.22,0.328866,0.0014284575582821
2025-07-25T07:49:30.826832,huobi,115247.21,115247.22,0.328866,0.2549774575582821
2025-07-25T07:49:31.104622,phemex,1151806000,0.0,64532,0.0
2025-07-25T07:49:31.204630,phemex,0.0,1151807000,0.0,404082
2025-07-25T07:49:31.364739,phemex,0.0,1151807000,0.0,310570
2025-07-25T07:49:31.425013,phemex,1151806000,1151807000,63477,303627
2025-07-25T07:49:31.425284,huobi,115247.21,115247.22,0.328866,0.0014284575582821
2025-07-25T07:49:31.445249,phemex,0.0,1151837000,0.0,73800
2025-07-25T07:49:31.484892,phemex,0.0,1151807000,0.0,397105
2025-07-25T07:49:31.526375,huobi,115247.21,115247.22,0.328866,0.2549774575582821
2025-07-25T07:49:31.605225,phemex,0.0,1152059000,0.0,2887
2025-07-25T07:49:31.705425,phemex,0.0,1151837000,0.0,0
2025-07-25T07:49:31.756166,bitrue,115220.0,115220.01,0.0597,8.8278
2025-07-25T07:49:32.128027,huobi,115247.21,115247.22,0.328866,0.2548874598464067
2025-07-25T07:49:32.226014,phemex,0.0,1151807000,0.0,303627
2025-07-25T07:49:32.226736,huobi,115247.21,115247.22,0.328866,0.001338459846406708
2025-07-25T07:49:32.326693,phemex,0.0,1151807000,0.0,397080
2025-07-25T07:49:32.427339,huobi,115247.21,115247.22,0.328866,0.2547514598464067
2025-07-25T07:49:32.807746,bitrue,115220.0,115220.01,0.0597,8.8278
2025-07-25T07:49:33.027607,huobi,115247.21,115247.22,0.328412,0.2548754598464067
2025-07-25T07:49:33.088247,phemex,0.0,1151807000,0.0,303627
2025-07-25T07:49:33.126335,huobi,115247.21,115247.22,0.328412,0.001338459846406708
2025-07-25T07:49:33.188111,phemex,0.0,1151807000,0.0,397080
2025-07-25T07:49:33.226200,huobi,115247.21,115247.22,0.328412,0.2547524598464067
2025-07-25T07:49:33.857713,bitrue,115220.0,115220.01,0.0597,8.8278
2025-07-25T07:49:33.868547,phemex,0.0,1151807000,0.0,303627
2025-07-25T07:49:33.926377,huobi,115247.21,115247.22,0.328412,0.001338459846406708
2025-07-25T07:49:33.968860,phemex,0.0,1151807000,0.0,397080
2025-07-25T07:49:34.025861,huobi,115247.21,115247.22,0.328412,0.2547524598464067
2025-07-25T07:49:34.127278,huobi,115247.21,115247.22,0.268991,0.6664604598464067
2025-07-25T07:49:34.342285,phemex,1151806000,1151807000,32894,466582
2025-07-25T07:49:34.348169,phemex,1151806000,1151807000,7412,497567
2025-07-25T07:49:34.348207,phemex,1151370000,1152024000,17274,0
2025-07-25T07:49:34.348932,phemex,1151462000,0.0,93453,0.0
2025-07-25T07:49:34.349952,phemex,1151448000,0.0,365,0.0
2025-07-25T07:49:34.409438,phemex,0.0,1151813000,0.0,24421
2025-07-25T07:49:34.449565,phemex,0.0,1151846000,0.0,981
2025-07-25T07:49:34.490056,phemex,0.0,1151807000,0.0,571367
2025-07-25T07:49:34.529634,phemex,1151603000,0.0,73800,0.0
2025-07-25T07:49:34.649744,phemex,1151725000,0.0,0,0.0
2025-07-25T07:49:34.691061,phemex,1151806000,0.0,470,0.0
2025-07-25T07:49:34.727976,huobi,115247.21,115247.22,0.268991,0.7180504598464067
2025-07-25T07:49:35.191167,phemex,1151603000,1151959000,0,372864
2025-07-25T07:49:35.228149,huobi,115247.21,115247.22,0.008675,0.7180504598464067
2025-07-25T07:49:35.231707,phemex,1151806000,1151807000,0,773314
2025-07-25T07:49:35.250882,phemex,1151698000,1151699000,0,194056
2025-07-25T07:49:35.270699,phemex,0.0,1151687000,0.0,128643
2025-07-25T07:49:35.291017,phemex,1151658000,1151687000,0,303621
2025-07-25T07:49:35.328597,huobi,115240.0,115240.01,0.260428,0.457964
2025-07-25T07:49:35.350768,phemex,1151462000,1151790000,0,50199
2025-07-25T07:49:35.430904,phemex,1151355000,0.0,101453,0.0
2025-07-25T07:49:35.471060,phemex,1151686000,0.0,15000,0.0
2025-07-25T07:49:35.511148,phemex,1151583000,1151697000,73800,73800
2025-07-25T07:49:35.527920,huobi,115240.0,115240.01,0.260428,0.469174
2025-07-25T07:49:35.551308,phemex,1151686000,1151687000,0,320076
2025-07-25T07:49:35.592090,phemex,1151486000,1151686000,0,279698
2025-07-25T07:49:35.611672,phemex,1151659000,1151686000,0,393782
2025-07-25T07:49:35.628524,huobi,115240.0,115240.01,0.00011,0.559463
2025-07-25T07:49:35.631565,phemex,0.0,1151686000,0.0,703320
2025-07-25T07:49:35.671523,phemex,1151619000,1151686000,0,808993
2025-07-25T07:49:35.711606,phemex,1151685000,1151789000,0,61034
2025-07-25T07:49:35.728534,huobi,115240.0,115240.01,0.00011,0.561359
2025-07-25T07:49:35.753478,phemex,0.0,1151617000,0.0,168643
2025-07-25T07:49:35.753530,phemex,1151593000,1151617000,0,212482
2025-07-25T07:49:35.771611,phemex,1151616000,1151617000,0,328119
2025-07-25T07:49:35.829388,huobi,115240.0,115240.01,0.00011,0.614549
2025-07-25T07:49:35.954310,bitrue,115220.0,115220.01,0.0597,8.8278
2025-07-25T07:49:36.028192,huobi,115230.0,115230.01,0.00021,0.503964
2025-07-25T07:49:36.127572,huobi,115230.0,115230.01,0.00021,0.515174
2025-07-25T07:49:36.178512,phemex,1151527000,1151578000,0,279698
2025-07-25T07:49:36.182995,phemex,1151537000,1151578000,0,163353
2025-07-25T07:49:36.184151,phemex,1151577000,1151578000,0,198836
2025-07-25T07:49:36.184739,phemex,1151355000,1151551000,0,128643
2025-07-25T07:49:36.186708,phemex,0.0,1151573000,0.0,0
2025-07-25T07:49:36.186749,phemex,1151550000,1151578000,158597,34428
2025-07-25T07:49:36.187026,phemex,1151550000,1151617000,214662,25875
2025-07-25T07:49:36.187538,phemex,0.0,1151578000,0.0,0
2025-07-25T07:49:36.188119,phemex,1151550000,1151551000,215132,222096
2025-07-25T07:49:36.188719,phemex,0.0,1151584000,0.0,8000
2025-07-25T07:49:36.189467,phemex,1151550000,1151551000,63477,223151
2025-07-25T07:49:36.192471,phemex,0.0,1151551000,0.0,223515
2025-07-25T07:49:36.327106,huobi,115230.0,115230.01,0.260557,0.515174
2025-07-25T07:49:36.332746,phemex,1151550000,0.0,7412,0.0
2025-07-25T07:49:36.374109,phemex,1151370000,1151551000,0,323638
2025-07-25T07:49:36.413347,phemex,1151355000,0.0,8000,0.0
2025-07-25T07:49:36.426817,huobi,115230.0,115230.01,0.260557,1.851512
2025-07-25T07:49:36.473190,phemex,1151456000,1151551000,73700,397338
2025-07-25T07:49:36.513287,phemex,1151473000,1151577000,0,73700
2025-07-25T07:49:36.573136,phemex,1151310000,0.0,92975,0.0
2025-07-25T07:49:36.613507,phemex,1151524000,0.0,0,0.0
2025-07-25T07:49:36.673561,phemex,0.0,1151551000,0.0,399297
2025-07-25T07:49:36.726068,huobi,115230.0,115230.01,0.00021,1.851512
2025-07-25T07:49:36.826601,huobi,115230.0,115230.01,0.00021,2.059845
2025-07-25T07:49:37.004498,bitrue,115220.0,115220.01,0.0597,8.8278
2025-07-25T07:49:37.014876,phemex,1151502000,0.0,0,0.0
2025-07-25T07:49:37.126577,huobi,115225.0,115225.01,0.261114,0.209303
2025-07-25T07:49:37.227381,huobi,115225.0,115225.01,0.00076,0.220513
2025-07-25T07:49:37.326829,huobi,115225.0,115225.01,0.26112,0.220513
2025-07-25T07:49:37.466680,phemex,0.0,1151551000,0.0,406206
2025-07-25T07:49:37.471300,phemex,1151550000,1151551000,6942,725700
2025-07-25T07:49:37.472807,phemex,1151550000,1151550000,0,1055
2025-07-25T07:49:37.474771,phemex,1151417000,1151501000,0,128643
2025-07-25T07:49:37.474833,phemex,1151500000,1151500000,0,1055
2025-07-25T07:49:37.475192,phemex,1151499000,1151500000,56065,129698
2025-07-25T07:49:37.476226,phemex,1151483000,1151549000,0,0
2025-07-25T07:49:37.477504,phemex,1151499000,0.0,63007,0.0
2025-07-25T07:49:37.477556,phemex,1151499000,0.0,63477,0.0
2025-07-25T07:49:37.494671,phemex,1151458000,0.0,73700,0.0
2025-07-25T07:49:37.918093,phemex,1151458000,0.0,0,0.0
2025-07-25T07:49:37.922529,phemex,0.0,1151500000,0.0,130062
2025-07-25T07:49:37.923664,phemex,1151383000,0.0,17827,0.0
2025-07-25T07:49:37.924410,phemex,0.0,1151551000,0.0,100362
2025-07-25T07:49:37.935535,phemex,1151499000,1151500000,470,230185
2025-07-25T07:49:37.955539,phemex,0.0,1151500000,0.0,380185
2025-07-25T07:49:37.977302,phemex,1151499000,1151500000,0,668734
2025-07-25T07:49:37.995569,phemex,1151457000,1151458000,0,129698
2025-07-25T07:49:38.015540,phemex,1151358000,1151380000,0,110816
2025-07-25T07:49:38.026847,huobi,115225.0,115225.01,0.00076,0.384013
2025-07-25T07:49:38.036049,phemex,1151379000,1151380000,77974,184516
2025-07-25T07:49:38.047266,bitrue,115201.08,115201.09,0.0243,27.8994
2025-07-25T07:49:38.095769,phemex,1151379000,1151380000,99916,295796
2025-07-25T07:49:38.127470,huobi,115225.0,115225.01,0.00076,0.388213
2025-07-25T07:49:38.145303,phemex,1151254000,1151422000,0,0
2025-07-25T07:49:38.175857,phemex,1151379000,1151380000,85386,279024
2025-07-25T07:49:38.216974,phemex,1151082000,0.0,70297,0.0
2025-07-25T07:49:38.227519,huobi,115225.0,115225.01,0.00076,0.418588
2025-07-25T07:49:38.316011,phemex,1151000000,0.0,93453,0.0
2025-07-25T07:49:38.326575,huobi,115225.0,115225.01,0.00076,0.626921
2025-07-25T07:49:38.356227,phemex,0.0,1151380000,0.0,279388
2025-07-25T07:49:38.426997,huobi,115225.0,115225.01,0.00076,0.880334
2025-07-25T07:49:38.436852,phemex,0.0,1151538000,0.0,18191
2025-07-25T07:49:38.476457,phemex,1151280000,1151457000,73700,0
2025-07-25T07:49:38.597488,phemex,1151263000,0.0,17827,0.0
2025-07-25T07:49:38.776913,phemex,0.0,1151380000,0.0,185935
2025-07-25T07:49:38.827506,huobi,115225.0,115225.01,0.00076,0.626921
2025-07-25T07:49:38.927023,huobi,115225.0,115225.01,0.00076,0.880347
2025-07-25T07:49:38.937158,phemex,1151076000,1151380000,93453,279388
2025-07-25T07:49:38.977566,phemex,1151379000,1151380000,85386,94872
2025-07-25T07:49:39.029614,huobi,115225.0,115225.01,0.00076,0.721047
2025-07-25T07:49:39.097297,phemex,1151076000,1151380000,0,94508
2025-07-25T07:49:39.197465,phemex,1151116000,0.0,93453,0.0
2025-07-25T07:49:39.277772,phemex,0.0,1151617000,0.0,1
2025-07-25T07:49:39.317658,phemex,0.0,1151576000,0.0,1
2025-07-25T07:49:39.437855,phemex,1151343000,0.0,73700,0.0
2025-07-25T07:49:39.478346,phemex,1151379000,1151508000,159086,96086
2025-07-25T07:49:39.538343,phemex,1151022000,0.0,17827,0.0
2025-07-25T07:49:39.928430,huobi,115225.0,115225.01,0.00076,0.888808
2025-07-25T07:49:40.012532,phemex,1151379000,0.0,176913,0.0
2025-07-25T07:49:40.015855,phemex,1151379000,0.0,177264,0.0
2025-07-25T07:49:40.019180,phemex,1151379000,0.0,159437,0.0
2025-07-25T07:49:40.137540,bitrue,115176.29,115176.3,9.479,2.4378
2025-07-25T07:49:40.199415,phemex,1151099000,0.0,0,0.0
2025-07-25T07:49:40.239392,phemex,1151022000,0.0,17827,0.0
2025-07-25T07:49:40.259518,phemex,0.0,1151657000,0.0,1
2025-07-25T07:49:40.319530,phemex,0.0,1151536000,0.0,1
2025-07-25T07:49:40.459996,phemex,1151319000,0.0,73700,0.0
2025-07-25T07:49:40.600233,phemex,1151100000,0.0,7500,0.0
2025-07-25T07:49:41.062087,phemex,0.0,1151380000,0.0,1055
2025-07-25T07:49:41.080957,phemex,1151380000,1151380000,6942,0
2025-07-25T07:49:41.102973,phemex,1151380000,1151401000,80642,110816
2025-07-25T07:49:41.126447,huobi,115225.0,115225.01,0.00076,0.635382
2025-07-25T07:49:41.146475,phemex,1151381000,1151400000,32424,1055
2025-07-25T07:49:41.147853,phemex,1151382000,1151401000,6942,55408
2025-07-25T07:49:41.161063,phemex,1151382000,1151383000,73700,110816
2025-07-25T07:49:41.201569,phemex,1151382000,1151399000,106124,93453
2025-07-25T07:49:41.227226,huobi,115225.0,115225.01,0.00076,0.680475
2025-07-25T07:49:41.241181,phemex,1151382000,0.0,106594,0.0
2025-07-25T07:49:41.361403,phemex,1151379000,0.0,21909,0.0
2025-07-25T07:49:41.401677,phemex,1151382000,1151383000,63477,111871
2025-07-25T07:49:41.526370,huobi,115225.0,115225.01,0.00076,0.680385
2025-07-25T07:49:41.749290,phemex,1151022000,1151383000,17827,111871
2025-07-25T07:49:41.752915,phemex,1151150000,1151770000,93453,17827
2025-07-25T07:49:42.025819,huobi,115225.0,115225.01,0.00076,0.888718
2025-07-25T07:49:42.224523,bitrue,115176.29,115176.3,9.479,2.4378
2025-07-25T07:49:42.242951,phemex,0.0,1151399000,0.0,0
2025-07-25T07:49:42.283874,phemex,0.0,1151456000,0.0,1
2025-07-25T07:49:42.303067,phemex,0.0,1151435000,0.0,7848
2025-07-25T07:49:42.326269,huobi,115225.0,115225.01,0.00076,0.635292
2025-07-25T07:49:42.343022,phemex,0.0,1151383000,0.0,205323
2025-07-25T07:49:42.403031,phemex,1151343000,1151434000,73700,73700
2025-07-25T07:49:42.425814,huobi,115225.0,115225.01,0.00076,0.888736
2025-07-25T07:49:42.744414,phemex,1151343000,0.0,0,0.0
2025-07-25T07:49:43.500331,phemex,0.0,1151415000,0.0,1
2025-07-25T07:49:43.503883,phemex,1151382000,1151432000,63477,73700
2025-07-25T07:49:43.525641,phemex,1151382000,1151383000,81655,1055
2025-07-25T07:49:43.530655,huobi,115225.0,115225.01,0.00076,0.259198
2025-07-25T07:49:43.545103,phemex,0.0,1151399000,0.0,93452
2025-07-25T07:49:43.565025,phemex,0.0,1151383000,0.0,0
2025-07-25T07:49:43.585410,phemex,1151383000,1151398000,6942,101178
2025-07-25T07:49:43.605262,phemex,1151343000,0.0,73700,0.0
2025-07-25T07:49:43.626552,phemex,1151383000,1151397000,80642,1055
2025-07-25T07:49:43.631225,huobi,115225.0,115225.01,0.00076,0.680403
2025-07-25T07:49:43.645317,phemex,0.0,1151398000,0.0,65413
2025-07-25T07:49:43.665532,phemex,1151384000,1151396000,63007,69138
2025-07-25T07:49:43.725690,phemex,1151387000,1151395000,17827,30985
2025-07-25T07:49:43.727014,huobi,115225.0,115225.01,0.00076,0.426959
2025-07-25T07:49:43.745419,phemex,1151387000,0.0,91527,0.0
2025-07-25T07:49:43.785606,phemex,1151388000,1151394000,30583,34710
2025-07-25T07:49:43.825596,phemex,1151393000,1151395000,6942,0
2025-07-25T07:49:43.827283,huobi,115225.0,115225.01,0.00076,0.680402
2025-07-25T07:49:43.866455,phemex,1151388000,0.0,0,0.0
2025-07-25T07:49:43.885901,phemex,0.0,1151394000,0.0,100123
2025-07-25T07:49:43.926042,phemex,1151393000,1151398000,0,0
2025-07-25T07:49:43.945971,phemex,0.0,1151391000,0.0,145526
2025-07-25T07:49:43.966009,phemex,0.0,1151393000,0.0,0
2025-07-25T07:49:44.005956,phemex,0.0,1151391000,0.0,179954
2025-07-25T07:49:44.106282,phemex,0.0,1151408000,0.0,0
2025-07-25T07:49:44.126539,huobi,115225.0,115225.01,0.00076,0.426959
2025-07-25T07:49:44.226480,huobi,115225.0,115225.01,0.00076,0.888734
2025-07-25T07:49:44.246226,phemex,0.0,1151407000,0.0,93452
2025-07-25T07:49:44.310215,bitrue,115176.29,115176.3,9.479,2.4378
2025-07-25T07:49:44.667323,phemex,1151390000,0.0,7412,0.0
2025-07-25T07:49:44.707391,phemex,0.0,1151391000,0.0,181009
2025-07-25T07:49:44.809211,phemex,1151390000,1151391000,470,200423
2025-07-25T07:49:44.827627,phemex,1151390000,1151391000,0,804791
2025-07-25T07:49:44.828825,huobi,115210.0,115211.28,0.00076,0.1593
2025-07-25T07:49:44.847639,phemex,0.0,1151319000,0.0,146581
2025-07-25T07:49:44.867653,phemex,1151295000,1151319000,0,423488
2025-07-25T07:49:44.931402,huobi,115210.0,115210.01,0.00076,0.320375
2025-07-25T07:49:45.027492,huobi,115210.0,115210.01,0.00076,0.123252
2025-07-25T07:49:45.126583,huobi,115210.0,115210.01,0.00076,0.450353
2025-07-25T07:49:45.222652,phemex,0.0,1151319000,0.0,523105
2025-07-25T07:49:45.227243,phemex,0.0,1151391000,0.0,0
2025-07-25T07:49:45.228711,phemex,0.0,1151319000,0.0,714210
2025-07-25T07:49:45.229965,phemex,0.0,1151720000,0.0,59253
2025-07-25T07:49:45.231857,phemex,1150925000,0.0,365,0.0
2025-07-25T07:49:45.232367,phemex,0.0,1151354000,0.0,24000
2025-07-25T07:49:45.232449,phemex,1151138000,0.0,0,0.0
2025-07-25T07:49:45.232703,phemex,1151132000,1151319000,93451,725630
2025-07-25T07:49:45.368422,phemex,0.0,1151394000,0.0,364
2025-07-25T07:49:45.426134,huobi,115210.0,115210.01,0.00076,0.703809
2025-07-25T07:49:45.428581,phemex,0.0,1151407000,0.0,0
2025-07-25T07:49:45.468559,phemex,0.0,1151319000,0.0,819081
2025-07-25T07:49:45.548725,phemex,1151132000,0.0,0,0.0
2025-07-25T07:49:45.588939,phemex,0.0,1151319000,0.0,879081
2025-07-25T07:49:45.626383,huobi,115210.0,115210.01,0.00076,1.063481
2025-07-25T07:49:45.628927,phemex,0.0,1151319000,0.0,899081
2025-07-25T07:49:45.648928,phemex,1151059000,0.0,93451,0.0
2025-07-25T07:49:45.749206,phemex,1151059000,0.0,0,0.0
2025-07-25T07:49:45.789356,phemex,0.0,1151602000,0.0,37430
2025-07-25T07:49:45.810051,phemex,1151185000,1151319000,90807,907084
2025-07-25T07:49:45.828092,huobi,115200.0,115200.01,0.000187,0.224424
2025-07-25T07:49:45.829551,phemex,0.0,1151327000,0.0,49836
2025-07-25T07:49:45.870035,phemex,0.0,1151375000,0.0,1
2025-07-25T07:49:45.909409,phemex,1151318000,0.0,0,0.0
2025-07-25T07:49:45.927669,huobi,115200.0,115200.01,0.260603,0.224424
2025-07-25T07:49:45.953549,phemex,1151082000,1151265000,0,279074
2025-07-25T07:49:45.953600,phemex,0.0,1151319000,0.0,783887
2025-07-25T07:49:45.969609,phemex,0.0,1151265000,0.0,464213
2025-07-25T07:49:46.010089,phemex,0.0,1151265000,0.0,496746
2025-07-25T07:49:46.069776,phemex,0.0,1151319000,0.0,351757
2025-07-25T07:49:46.089735,phemex,0.0,1151319000,0.0,325882
2025-07-25T07:49:46.126644,huobi,115200.0,115200.01,0.260603,0.235634
2025-07-25T07:49:46.130078,phemex,0.0,1151265000,0.0,522621
2025-07-25T07:49:46.169983,phemex,0.0,1151265000,0.0,616072
2025-07-25T07:49:46.270103,phemex,0.0,1151319000,0.0,302043
2025-07-25T07:49:46.311168,phemex,0.0,1151265000,0.0,639911
2025-07-25T07:49:46.327208,huobi,115200.0,115200.01,0.000187,0.385373
2025-07-25T07:49:46.400046,bitrue,115176.29,115176.3,9.479,2.4378
2025-07-25T07:49:46.428134,huobi,115200.0,115200.01,0.000187,0.638828
2025-07-25T07:49:46.527188,huobi,115200.0,115200.01,0.260603,0.638828
2025-07-25T07:49:46.627296,huobi,115200.0,115200.01,0.000187,0.638828
2025-07-25T07:49:46.826822,huobi,115200.0,115200.01,0.260603,0.638828
2025-07-25T07:49:46.958745,phemex,1150954000,0.0,0,0.0
2025-07-25T07:49:46.962540,phemex,1150906000,0.0,17203,0.0
2025-07-25T07:49:47.360540,phemex,1150970000,0.0,93451,0.0
2025-07-25T07:49:47.362065,phemex,0.0,1151265000,0.0,605201
2025-07-25T07:49:47.362735,phemex,0.0,1151265000,0.0,605468
2025-07-25T07:49:47.364214,phemex,0.0,1151265000,0.0,639896
2025-07-25T07:49:47.364555,phemex,0.0,1151335000,0.0,1
2025-07-25T07:49:47.365205,phemex,1151186000,0.0,73700,0.0
2025-07-25T07:49:47.392101,phemex,1151261000,1151319000,0,290623
2025-07-25T07:49:47.412641,phemex,1151264000,1151319000,0,265368
2025-07-25T07:49:47.427684,huobi,115185.0,115185.01,0.179643,0.0575
2025-07-25T07:49:47.432154,phemex,1151215000,1151216000,0,279074
2025-07-25T07:49:47.452157,phemex,0.0,1151186000,0.0,129074
2025-07-25T07:49:47.472068,phemex,0.0,1151211000,0.0,10852
2025-07-25T07:49:47.492178,phemex,1151185000,1151188000,116250,93450
2025-07-25T07:49:47.532266,phemex,1150896000,1151497000,93450,17203
2025-07-25T07:49:47.626991,huobi,115185.0,115185.01,0.179643,0.0591
2025-07-25T07:49:47.652603,phemex,0.0,1151265000,0.0,0
2025-07-25T07:49:47.773002,phemex,1151185000,0.0,146833,0.0
2025-07-25T07:49:47.812634,phemex,1151185000,0.0,147303,0.0
2025-07-25T07:49:47.892892,phemex,0.0,1151234000,0.0,0
2025-07-25T07:49:47.912954,phemex,0.0,1151318000,0.0,24288
2025-07-25T07:49:48.153522,phemex,1151185000,0.0,147654,0.0
2025-07-25T07:49:48.193345,phemex,1151150000,0.0,22946,0.0
2025-07-25T07:49:48.492284,bitrue,115172.18,115172.19,0.2579,31.5876
2025-07-25T07:49:48.576583,phemex,1151125000,0.0,74378,0.0
2025-07-25T07:49:48.579209,phemex,1151116000,0.0,73700,0.0
2025-07-25T07:49:48.579863,phemex,1151125000,0.0,678,0.0
2025-07-25T07:49:48.694003,phemex,1151185000,0.0,56847,0.0
2025-07-25T07:49:48.754206,phemex,1151185000,0.0,50847,0.0
2025-07-25T07:49:48.854242,phemex,0.0,1151294000,0.0,1
2025-07-25T07:49:49.539322,bitrue,115000.0,115172.19,1.001,31.5876
2025-07-25T07:49:49.557890,phemex,0.0,1151254000,0.0,1
2025-07-25T07:49:49.559164,phemex,1151185000,0.0,57789,0.0
2025-07-25T07:49:49.559819,phemex,1151095000,0.0,73700,0.0
2025-07-25T07:49:49.560506,phemex,0.0,1151186000,0.0,111871
2025-07-25T07:49:50.171936,phemex,0.0,1151334000,0.0,2827
2025-07-25T07:49:50.196622,phemex,0.0,1151186000,0.0,1055
2025-07-25T07:49:50.216705,phemex,1151185000,0.0,50847,0.0
2025-07-25T07:49:50.277057,phemex,1151184000,0.0,0,0.0
2025-07-25T07:49:50.296611,phemex,0.0,1151188000,0.0,0
2025-07-25T07:49:50.327318,huobi,115185.0,115185.01,0.418422,0.008976
2025-07-25T07:49:50.337532,phemex,1151185000,0.0,141750,0.0
2025-07-25T07:49:50.427301,huobi,115185.0,115185.01,0.418422,0.007376
2025-07-25T07:49:50.528691,huobi,115185.0,115185.01,0.222783,0.0075
2025-07-25T07:49:50.583692,bitrue,115147.82,115147.83,9.1952,3.0364
2025-07-25T07:49:50.633360,huobi,115181.81,115181.82,0.000347,0.320057
2025-07-25T07:49:50.828497,huobi,115181.81,115181.82,0.218555,0.009476
2025-07-25T07:49:50.833044,phemex,1151185000,1151186000,124547,94504
2025-07-25T07:49:50.928630,huobi,115181.81,115181.82,0.273608,0.007376
2025-07-25T07:49:51.357210,phemex,1151185000,0.0,131489,0.0
2025-07-25T07:49:51.361077,phemex,1151185000,1151186000,50026,417539
2025-07-25T07:49:51.361116,phemex,1151009000,1151186000,6942,611702
2025-07-25T07:49:51.362337,phemex,1151129000,1151186000,6942,675005
2025-07-25T07:49:51.362961,phemex,1151009000,0.0,0,0.0
2025-07-25T07:49:51.364134,phemex,0.0,1151201000,0.0,0
2025-07-25T07:49:51.365004,phemex,1151185000,1151202000,56968,0
2025-07-25T07:49:51.366048,phemex,1151069000,1151186000,17203,715005
2025-07-25T07:49:51.367349,phemex,0.0,1151186000,0.0,697802
2025-07-25T07:49:51.368688,phemex,0.0,1151186000,0.0,396388
2025-07-25T07:49:51.369368,phemex,0.0,1151318000,0.0,0
2025-07-25T07:49:51.370247,phemex,1151185000,1151186000,74522,349481
2025-07-25T07:49:51.371072,phemex,1151185000,0.0,57319,0.0
2025-07-25T07:49:51.371195,phemex,0.0,1151211000,0.0,1055
2025-07-25T07:49:51.371549,phemex,0.0,1151234000,0.0,93448
2025-07-25T07:49:51.371759,phemex,0.0,1151480000,0.0,364
2025-07-25T07:49:51.372758,phemex,1151185000,0.0,74522,0.0
2025-07-25T07:49:51.372820,phemex,0.0,1151234000,0.0,0
2025-07-25T07:49:51.373992,phemex,1151185000,1151186000,74992,32749
2025-07-25T07:49:51.374033,phemex,0.0,1151186000,0.0,0
2025-07-25T07:49:51.374058,phemex,1151210000,1151211000,50026,0
2025-07-25T07:49:51.374079,phemex,1151210000,1151211000,6942,260816
2025-07-25T07:49:51.418731,phemex,1151210000,1151211000,50026,205319
2025-07-25T07:49:51.459142,phemex,1151210000,1151211000,50496,213032
2025-07-25T07:49:51.478752,phemex,1151194000,0.0,0,0.0
2025-07-25T07:49:51.539253,phemex,1151210000,0.0,67699,0.0
2025-07-25T07:49:51.578886,phemex,1151208000,0.0,0,0.0
2025-07-25T07:49:51.619001,phemex,1151210000,0.0,74992,0.0
2025-07-25T07:49:51.629248,bitrue,115162.18,115162.19,17.8275,0.0001
2025-07-25T07:49:51.926901,huobi,115186.26,115186.27,0.271487,0.00095
2025-07-25T07:49:52.070519,phemex,0.0,1151211000,0.0,119584
2025-07-25T07:49:52.074043,phemex,0.0,1151211000,0.0,64176
2025-07-25T07:49:52.074848,phemex,0.0,1151211000,0.0,7713
2025-07-25T07:49:52.075313,phemex,0.0,1151253000,0.0,0
2025-07-25T07:49:52.076031,phemex,0.0,1151211000,0.0,101161
2025-07-25T07:49:52.076543,phemex,0.0,1151238000,0.0,1055
2025-07-25T07:49:52.077269,phemex,1151099000,0.0,2901,0.0
2025-07-25T07:49:52.100144,phemex,0.0,1151211000,0.0,7713
2025-07-25T07:49:52.126738,huobi,115192.26,115192.27,0.018554,0.001857
2025-07-25T07:49:52.200303,phemex,0.0,1151214000,0.0,93447
2025-07-25T07:49:52.300059,phemex,1151210000,0.0,148692,0.0
2025-07-25T07:49:52.340858,phemex,1151182000,0.0,73700,0.0
2025-07-25T07:49:52.901039,phemex,1151210000,1151211000,57789,8768
2025-07-25T07:49:53.161599,phemex,1151210000,0.0,57789,0.0
2025-07-25T07:49:53.281619,phemex,1151140000,0.0,73700,0.0
2025-07-25T07:49:53.326279,huobi,115192.26,115192.27,0.018554,0.001981
2025-07-25T07:49:53.426350,huobi,115192.26,115192.27,0.00868,0.001981
2025-07-25T07:49:53.724657,bitrue,115162.18,115162.19,17.8275,0.0001
2025-07-25T07:49:54.263222,phemex,1151116000,0.0,0,0.0
2025-07-25T07:49:54.283849,phemex,1151182000,0.0,73700,0.0
2025-07-25T07:49:54.423571,phemex,1151182000,0.0,0,0.0
2025-07-25T07:49:54.774036,bitrue,115162.18,115162.19,17.8275,0.0001
2025-07-25T07:49:54.827683,huobi,115192.26,115192.27,0.018555,0.001981
2025-07-25T07:49:54.927281,huobi,115192.26,115192.27,0.00868,0.001981
2025-07-25T07:49:55.264958,phemex,1151149000,0.0,76200,0.0
2025-07-25T07:49:55.726036,phemex,1151210000,0.0,75238,0.0
2025-07-25T07:49:55.823083,bitrue,115162.18,115162.19,17.8275,0.0001
2025-07-25T07:49:56.367101,phemex,0.0,1151381000,0.0,0
2025-07-25T07:49:56.427421,phemex,0.0,1151273000,0.0,0
2025-07-25T07:49:56.447613,phemex,0.0,1151214000,0.0,0
2025-07-25T07:49:56.487024,phemex,0.0,1151211000,0.0,0
2025-07-25T07:49:56.507412,phemex,1151253000,1151294000,24391,555
2025-07-25T07:49:56.527147,phemex,1151253000,0.0,17449,0.0
2025-07-25T07:49:56.540090,huobi,115192.26,115192.27,0.018555,0.001857
2025-07-25T07:49:56.568452,phemex,1151253000,1151254000,81757,93445
2025-07-25T07:49:56.607388,phemex,0.0,1151254000,0.0,93444
2025-07-25T07:49:56.667400,phemex,0.0,1151254000,0.0,94499
2025-07-25T07:49:56.707834,phemex,1151253000,0.0,64308,0.0
2025-07-25T07:49:56.748512,phemex,1151253000,1151254000,81757,1055
2025-07-25T07:49:56.787725,phemex,1151254000,1151254000,6942,0
2025-07-25T07:49:56.807930,phemex,1151253000,1151255000,26696,110816
2025-07-25T07:49:56.828175,phemex,0.0,1151255000,0.0,111871
2025-07-25T07:49:56.867930,phemex,1151254000,1151255000,55407,110816
2025-07-25T07:49:56.907861,phemex,1151254000,0.0,55407,0.0
2025-07-25T07:49:57.355891,phemex,1151253000,0.0,6907,0.0
2025-07-25T07:49:57.359537,phemex,0.0,1151255000,0.0,111871
2025-07-25T07:49:57.361456,phemex,1151254000,0.0,75196,0.0
2025-07-25T07:49:57.629654,phemex,0.0,1151294000,0.0,556
2025-07-25T07:49:57.891198,phemex,0.0,1151255000,0.0,1055
2025-07-25T07:49:57.910662,phemex,1151255000,1151255000,6942,0
2025-07-25T07:49:57.912890,bitrue,115162.18,115162.19,17.8275,0.0001
2025-07-25T07:49:57.929830,phemex,1151284000,1151286000,88414,110816
2025-07-25T07:49:57.949682,phemex,1151281000,1151285000,749,55408
2025-07-25T07:49:57.969855,phemex,1151284000,1151285000,88884,110816
2025-07-25T07:49:58.691309,phemex,1151284000,0.0,156322,0.0
2025-07-25T07:49:58.698332,phemex,1151284000,0.0,163264,0.0
2025-07-25T07:49:58.701320,phemex,0.0,1151291000,0.0,0
2025-07-25T07:49:58.701360,phemex,0.0,1151285000,0.0,111871
2025-07-25T07:49:58.701997,phemex,1151149000,0.0,2500,0.0
2025-07-25T07:49:58.703414,phemex,1151024000,1151292000,93444,0
2025-07-25T07:49:58.704138,phemex,0.0,1151285000,0.0,205315
2025-07-25T07:49:59.251508,phemex,0.0,1151285000,0.0,94499
2025-07-25T07:49:59.331775,phemex,0.0,1151285000,0.0,1055
2025-07-25T07:49:59.352710,phemex,1151284000,0.0,156322,0.0
2025-07-25T07:49:59.471990,phemex,0.0,1151285000,0.0,94497
2025-07-25T07:49:59.513652,phemex,0.0,1151285000,0.0,1055
2025-07-25T07:49:59.528320,huobi,115194.39,115194.4,0.14548,0.002886
2025-07-25T07:49:59.572040,phemex,0.0,1151285000,0.0,0
2025-07-25T07:49:59.591985,phemex,1151293000,1151335000,134484,144598
2025-07-25T07:49:59.612110,phemex,0.0,1151452000,0.0,1055
2025-07-25T07:49:59.628940,huobi,115194.99,115199.7,0.10159,0.001932
2025-07-25T07:49:59.652075,phemex,1151284000,1151335000,107857,0
2025-07-25T07:49:59.672241,phemex,0.0,1151433000,0.0,1055
2025-07-25T07:49:59.693429,phemex,0.0,1151355000,0.0,0
2025-07-25T07:49:59.712488,phemex,0.0,1151480000,0.0,0
2025-07-25T07:49:59.728182,huobi,115199.99,115200.0,0.279444,0.00021
2025-07-25T07:49:59.772605,phemex,0.0,1151389000,0.0,93442
2025-07-25T07:49:59.792583,phemex,1151293000,1151334000,164484,0
2025-07-25T07:49:59.828016,huobi,115199.99,115200.0,0.282915,0.00021
2025-07-25T07:49:59.832523,phemex,1151284000,1151507000,88414,0
2025-07-25T07:49:59.875031,phemex,0.0,1151462000,0.0,0
2025-07-25T07:49:59.920254,phemex,0.0,1151533000,0.0,0
2025-07-25T07:49:59.927357,huobi,115206.31,115206.32,0.008679,0.001671
2025-07-25T07:49:59.935435,phemex,0.0,1151724000,0.0,29554
2025-07-25T07:49:59.972927,phemex,0.0,1151413000,0.0,1055
2025-07-25T07:50:00.002640,bitrue,115162.18,115162.19,17.8275,0.0001
2025-07-25T07:50:00.032976,phemex,0.0,1151480000,0.0,93441
2025-07-25T07:50:00.035652,huobi,115209.99,115210.0,0.071973,0.00021
2025-07-25T07:50:00.428111,huobi,115213.25,115213.26,0.287055,0.037504
2025-07-25T07:50:00.442268,phemex,0.0,1151664000,0.0,0
2025-07-25T07:50:00.448118,phemex,1151293000,0.0,164830,0.0
2025-07-25T07:50:00.450768,phemex,1151225000,0.0,349,0.0
2025-07-25T07:50:00.534179,phemex,1151153000,1151691000,0,2876
2025-07-25T07:50:00.627328,huobi,115213.25,115213.26,0.287055,0.29789
2025-07-25T07:50:00.728249,huobi,115213.25,115213.26,0.070153,0.29789
2025-07-25T07:50:00.734090,phemex,1151202000,0.0,93441,0.0
2025-07-25T07:50:00.827890,huobi,115214.99,115215.0,0.098553,0.000334
2025-07-25T07:50:00.927441,huobi,115214.99,115215.0,0.088678,0.260716
2025-07-25T07:50:01.026891,huobi,115214.99,115215.0,0.098553,0.00021
2025-07-25T07:50:01.214940,phemex,0.0,1151358000,0.0,1054
2025-07-25T07:50:01.414983,phemex,0.0,1151691000,0.0,0
2025-07-25T07:50:01.434932,phemex,0.0,1151642000,0.0,0
2025-07-25T07:50:01.475973,phemex,0.0,1151642000,0.0,17449
2025-07-25T07:50:01.728178,huobi,115214.99,115215.0,0.040015,0.007376
2025-07-25T07:50:02.095179,bitrue,115193.36,115193.37,19.5628,6.0942
2025-07-25T07:50:02.594500,phemex,0.0,1151642000,0.0,0
2025-07-25T07:50:02.629385,phemex,0.0,1151642000,0.0,17449
2025-07-25T07:50:03.428249,huobi,115214.99,115215.0,0.038415,0.007376
2025-07-25T07:50:03.528313,huobi,115214.99,115215.0,0.038415,0.007237
2025-07-25T07:50:03.927220,huobi,115214.99,115215.0,0.137644,0.267619
2025-07-25T07:50:04.027941,huobi,115214.99,115215.0,0.02854,0.418063
2025-07-25T07:50:04.127508,huobi,115209.99,115210.0,0.00182,0.317743
2025-07-25T07:50:04.179841,bitrue,115193.36,115193.37,19.5628,6.0942
2025-07-25T07:50:04.183731,phemex,0.0,1151526000,0.0,17449
2025-07-25T07:50:04.229085,huobi,115205.0,115205.01,0.00011,0.317755
2025-07-25T07:50:04.429010,huobi,115205.0,115205.01,0.002043,0.317755
2025-07-25T07:50:04.528449,huobi,115205.0,115205.01,0.002043,0.369345
2025-07-25T07:50:04.630823,huobi,115205.0,115205.01,0.00011,0.380555
2025-07-25T07:50:04.648832,phemex,1151293000,0.0,110145,0.0
2025-07-25T07:50:04.651664,phemex,1151293000,1151504000,54737,50010
2025-07-25T07:50:04.652669,phemex,1151225000,1151648000,0,0
2025-07-25T07:50:04.654063,phemex,1151293000,1151410000,36942,17449
2025-07-25T07:50:04.655543,phemex,0.0,1151294000,0.0,1055
2025-07-25T07:50:04.656829,phemex,1151293000,1151294000,86931,1054
2025-07-25T07:50:04.657592,phemex,1151294000,1151294000,6942,0
2025-07-25T07:50:04.658948,phemex,1151294000,1151310000,0,110816
2025-07-25T07:50:04.659692,phemex,1151294000,1151334000,6942,0
2025-07-25T07:50:04.660501,phemex,0.0,1151300000,0.0,55408
2025-07-25T07:50:04.661608,phemex,1150971000,1151300000,349,110816
2025-07-25T07:50:04.662523,phemex,1151202000,1151310000,0,0
2025-07-25T07:50:04.662778,phemex,1151299000,1151406000,19443,40000
2025-07-25T07:50:04.663262,phemex,1151293000,1151300000,45546,111870
2025-07-25T07:50:04.663882,phemex,1151293000,0.0,15000,0.0
2025-07-25T07:50:04.680559,phemex,1151299000,1151519000,50459,0
2025-07-25T07:50:04.828999,huobi,115205.0,115205.01,0.00011,0.530281
2025-07-25T07:50:05.027981,phemex,0.0,1151691000,0.0,2812
2025-07-25T07:50:05.034585,phemex,0.0,1151354000,0.0,16000
2025-07-25T07:50:05.034624,phemex,1151124000,1151354000,8000,24000
2025-07-25T07:50:05.035097,phemex,0.0,1151322000,0.0,880
2025-07-25T07:50:05.035652,phemex,0.0,1151351000,0.0,878
2025-07-25T07:50:05.066619,huobi,115205.0,115205.01,0.00011,0.530190996101732
2025-07-25T07:50:05.430337,huobi,115205.0,115205.01,0.00011,0.7836589961017321
2025-07-25T07:50:05.578342,phemex,0.0,1151300000,0.0,112253
2025-07-25T07:50:05.580596,phemex,0.0,1151336000,0.0,6908
2025-07-25T07:50:05.582024,phemex,1151293000,1151334000,0,6908
2025-07-25T07:50:05.582776,phemex,0.0,1151300000,0.0,129754
2025-07-25T07:50:05.583485,phemex,0.0,1151452000,0.0,2917
2025-07-25T07:50:05.822458,phemex,0.0,1151452000,0.0,0
2025-07-25T07:50:05.842452,phemex,0.0,1151300000,0.0,132650
2025-07-25T07:50:06.271480,bitrue,115183.78,115183.79,0.0038,27.6673
2025-07-25T07:50:06.626902,huobi,115205.0,115205.01,0.00011,0.785514996101732
2025-07-25T07:50:06.783949,phemex,0.0,1151304000,0.0,93438
2025-07-25T07:50:07.525305,phemex,0.0,1151300000,0.0,115149
2025-07-25T07:50:07.545837,phemex,0.0,1151300000,0.0,4333
2025-07-25T07:50:08.017294,phemex,1151299000,1151300000,50459,4333
2025-07-25T07:50:08.361385,bitrue,115176.38,115176.39,1.2967,24.9492
2025-07-25T07:50:08.728636,huobi,115205.0,115205.01,0.00011,0.789714996101732
2025-07-25T07:50:09.072470,phemex,0.0,1151300000,0.0,21834
2025-07-25T07:50:09.084321,phemex,0.0,1151300000,0.0,171834
2025-07-25T07:50:10.246240,phemex,0.0,1151370000,0.0,0
2025-07-25T07:50:10.246345,phemex,0.0,1151642000,0.0,17501
2025-07-25T07:50:10.246432,phemex,0.0,1151556000,0.0,2813
2025-07-25T07:50:10.246514,phemex,0.0,1151300000,0.0,154333
2025-07-25T07:50:10.246594,phemex,1151299000,0.0,57401,0.0
2025-07-25T07:50:10.246762,huobi,115205.0,115205.01,0.00011,0.789624996101732
2025-07-25T07:50:10.452364,bitrue,115176.38,115176.39,1.2967,24.9492
2025-07-25T07:50:11.127891,huobi,115205.0,115205.01,0.00011,0.6398989961017321
2025-07-25T07:50:11.376022,phemex,0.0,1151300000,0.0,153279
2025-07-25T07:50:11.379094,phemex,0.0,1151308000,0.0,1055
2025-07-25T07:50:11.379815,phemex,0.0,1151300000,0.0,154334
2025-07-25T07:50:11.626965,huobi,115205.0,115205.01,0.00011,0.789624996101732
2025-07-25T07:50:12.400927,phemex,0.0,1151300000,0.0,171835
2025-07-25T07:50:12.453025,phemex,0.0,1151300000,0.0,154334
2025-07-25T07:50:12.545937,bitrue,115176.38,115176.39,1.2967,24.9492
2025-07-25T07:50:12.774618,phemex,0.0,1151300000,0.0,306190
2025-07-25T07:50:13.592882,bitrue,115176.38,115176.39,1.2967,24.9492
2025-07-25T07:50:13.892230,phemex,0.0,1151300000,0.0,288689
2025-07-25T07:50:13.900381,phemex,0.0,1151300000,0.0,308689
2025-07-25T07:50:13.901933,phemex,0.0,1151642000,0.0,17501
2025-07-25T07:50:13.928091,huobi,115205.0,115205.01,0.00011,0.997939996101732
2025-07-25T07:50:14.127512,huobi,115205.0,115205.01,0.00011,0.789624996101732
2025-07-25T07:50:14.175666,phemex,1151299000,1151300000,56931,515801
2025-07-25T07:50:14.328704,huobi,115205.0,115205.01,0.00011,0.821604996101732
2025-07-25T07:50:14.638969,bitrue,115176.38,115176.39,1.2967,24.9492
2025-07-25T07:50:14.727419,huobi,115205.0,115205.01,0.00011,1.029919996101732
2025-07-25T07:50:14.765125,phemex,1151299000,1151300000,37488,546768
2025-07-25T07:50:14.771178,phemex,1151299000,1151300000,6942,615871
2025-07-25T07:50:14.773358,phemex,1151299000,0.0,0,0.0
2025-07-25T07:50:14.775129,phemex,1151051000,1151216000,22416,101769
2025-07-25T07:50:14.775558,phemex,1151174000,1151216000,0,119270
2025-07-25T07:50:14.776272,phemex,1151215000,1151294000,49990,1
2025-07-25T07:50:14.777153,phemex,1151215000,0.0,49989,0.0
2025-07-25T07:50:14.778616,phemex,0.0,1151216000,0.0,119653
2025-07-25T07:50:14.778656,phemex,0.0,1151216000,0.0,129680
2025-07-25T07:50:14.778959,phemex,0.0,1151216000,0.0,145771
2025-07-25T07:50:14.779568,phemex,0.0,1151216000,0.0,152679
2025-07-25T07:50:14.917276,phemex,1151049000,0.0,0,0.0
2025-07-25T07:50:15.128943,huobi,115205.0,115205.01,0.00011,1.014691996101732
2025-07-25T07:50:15.257028,phemex,0.0,1151216000,0.0,302679
2025-07-25T07:50:15.297696,phemex,0.0,1151254000,0.0,1
2025-07-25T07:50:15.337246,phemex,1151215000,1151216000,0,402749
2025-07-25T07:50:15.357445,phemex,1151215000,1151216000,470,384193
2025-07-25T07:50:15.398613,phemex,1151197000,1151216000,0,385248
2025-07-25T07:50:15.688678,bitrue,115159.94,115159.95,2.5379,14.6289
2025-07-25T07:50:15.773716,phemex,1151215000,1151216000,0,710624
2025-07-25T07:50:15.779252,phemex,0.0,1151197000,0.0,267820
2025-07-25T07:50:15.780302,phemex,1151196000,1151216000,56931,228250
2025-07-25T07:50:15.781080,phemex,0.0,1151197000,0.0,284966
2025-07-25T07:50:15.781929,phemex,0.0,1151216000,0.0,16935
2025-07-25T07:50:15.782530,phemex,0.0,1151197000,0.0,378396
2025-07-25T07:50:15.918288,phemex,1151196000,0.0,57401,0.0
2025-07-25T07:50:15.958207,phemex,0.0,1151197000,0.0,378779
2025-07-25T07:50:16.559310,phemex,1151080000,1151197000,17106,361673
2025-07-25T07:50:16.619065,phemex,0.0,1151197000,0.0,380971
2025-07-25T07:50:16.779364,phemex,1151080000,0.0,0,0.0
2025-07-25T07:50:17.280190,phemex,0.0,1151533000,0.0,218400
2025-07-25T07:50:17.787760,bitrue,115159.94,115159.95,2.5379,14.6289
2025-07-25T07:50:17.829273,huobi,115205.0,115205.01,0.00011,1.013091996101732
2025-07-25T07:50:17.911524,phemex,0.0,1151459000,0.0,60871
2025-07-25T07:50:17.915392,phemex,0.0,1151459000,0.0,0
2025-07-25T07:50:18.228832,huobi,115177.53,115177.54,0.033581,6.2e-05
2025-07-25T07:50:18.328631,huobi,115183.16,115183.17,0.01732,0.264653
2025-07-25T07:50:18.427573,huobi,115183.16,115183.17,0.018554,0.264653
2025-07-25T07:50:19.227164,huobi,115183.16,115183.17,0.020084,0.264653
2025-07-25T07:50:19.428162,huobi,115183.16,115183.17,0.01021,0.51823
2025-07-25T07:50:19.891112,bitrue,115159.94,115159.95,2.5379,14.6289
2025-07-25T07:50:20.304978,phemex,1151080000,0.0,17106,0.0
2025-07-25T07:50:20.528418,huobi,115183.16,115183.17,0.027662,0.51823
2025-07-25T07:50:20.830456,huobi,115183.16,115183.17,0.027662,0.518015982935007
2025-07-25T07:50:20.928756,huobi,115183.16,115183.17,0.056286,0.2575629829350069
2025-07-25T07:50:21.494264,phemex,1151080000,0.0,0,0.0
2025-07-25T07:50:21.985228,bitrue,115159.94,115159.95,2.5379,14.6289
2025-07-25T07:50:22.127621,phemex,1151080000,0.0,17106,0.0
2025-07-25T07:50:23.126940,huobi,115183.16,115183.17,0.056286,0.004109982935006912
2025-07-25T07:50:23.429955,huobi,115183.16,115183.17,0.056286,0.2575589829350069
2025-07-25T07:50:23.714760,phemex,0.0,1151197000,0.0,287541
2025-07-25T07:50:23.723427,phemex,0.0,1151197000,0.0,380965
2025-07-25T07:50:23.725397,phemex,0.0,1151197000,0.0,287541
2025-07-25T07:50:23.726531,phemex,1151196000,1151197000,57747,287158
2025-07-25T07:50:23.728612,phemex,0.0,1151197000,0.0,380581
2025-07-25T07:50:23.730020,phemex,0.0,1151197000,0.0,287158
2025-07-25T07:50:23.730258,phemex,0.0,1151197000,0.0,380581
2025-07-25T07:50:24.072604,bitrue,115159.94,115159.95,2.5379,14.6289
2025-07-25T07:50:24.290543,phemex,0.0,1151256000,0.0,0
2025-07-25T07:50:24.530941,phemex,0.0,1151197000,0.0,287158
2025-07-25T07:50:24.626645,huobi,115183.16,115183.17,0.056286,0.004109982935006912
2025-07-25T07:50:24.690894,phemex,0.0,1151197000,0.0,380580
2025-07-25T07:50:24.726680,huobi,115183.16,115183.17,0.056286,0.25756398293500693
2025-07-25T07:50:24.811377,phemex,0.0,1151197000,0.0,287158
2025-07-25T07:50:24.851213,phemex,1151196000,0.0,57401,0.0
2025-07-25T07:50:24.911183,phemex,0.0,1151197000,0.0,380579
2025-07-25T07:50:24.939741,huobi,115183.16,115183.17,0.056286,0.004109982935006912
2025-07-25T07:50:25.027263,huobi,115183.16,115183.17,0.056286,0.2575609829350069
2025-07-25T07:50:25.645847,phemex,0.0,1151197000,0.0,380954
2025-07-25T07:50:26.160448,bitrue,115159.94,115159.95,2.5379,14.6289
2025-07-25T07:50:27.204384,bitrue,115159.94,115159.95,2.5379,14.6289
2025-07-25T07:50:30.345229,bitrue,115159.94,115159.95,2.5379,14.6289
2025-07-25T07:50:31.396396,bitrue,115159.94,115159.95,2.5379,14.6289
2025-07-25T07:50:31.726360,huobi,115183.16,115183.17,0.056286,0.253451
2025-07-25T07:50:32.862605,phemex,0.0,1151335000,0.0,672
2025-07-25T07:50:33.363208,phemex,1151099000,0.0,0,0.0
2025-07-25T07:50:33.526034,phemex,1151080000,0.0,0,0.0
2025-07-25T07:50:33.543352,phemex,1150837000,0.0,17544,0.0
2025-07-25T07:50:33.727512,huobi,115183.16,115183.17,0.056286,0.253575
2025-07-25T07:50:33.827187,huobi,115183.16,115183.17,0.056286,0.253451
2025-07-25T07:50:34.126812,huobi,115183.16,115183.17,0.056286,0.253575
2025-07-25T07:50:34.228160,huobi,115183.16,115183.17,0.046411,0.253575
2025-07-25T07:50:34.528093,huobi,115183.16,115183.17,0.017787,0.253575
2025-07-25T07:50:34.534866,bitrue,115159.94,115159.95,2.5379,14.6289
2025-07-25T07:50:34.830532,huobi,115183.16,115183.17,0.017787,0.663754
2025-07-25T07:50:34.942389,huobi,115183.16,115183.17,0.017787,0.514028
2025-07-25T07:50:35.583111,bitrue,115159.94,115159.95,2.5379,14.6289
2025-07-25T07:50:35.798894,phemex,1150872000,1151319000,61701,0
2025-07-25T07:50:36.128301,phemex,1151196000,0.0,50459,0.0
2025-07-25T07:50:36.148677,phemex,1151196000,1151197000,49989,641239
2025-07-25T07:50:36.188254,phemex,0.0,1151197000,0.0,706307
2025-07-25T07:50:36.229044,phemex,1150894000,1151197000,0,706308
2025-07-25T07:50:36.229997,huobi,115183.16,115183.17,0.01021,0.663754
2025-07-25T07:50:36.249049,phemex,1150837000,0.0,17177,0.0
2025-07-25T07:50:36.289158,phemex,0.0,1151234000,0.0,0
2025-07-25T07:50:36.328620,phemex,0.0,1151230000,0.0,0
2025-07-25T07:50:36.330268,huobi,115183.16,115183.17,0.01021,0.663664
2025-07-25T07:50:36.628154,bitrue,115159.94,115159.95,2.5379,14.6289
2025-07-25T07:50:36.629374,phemex,1150894000,1151197000,8000,726308
2025-07-25T07:50:36.727872,huobi,115183.16,115183.17,0.01021,0.513938
2025-07-25T07:50:36.890504,phemex,0.0,1151284000,0.0,48517
2025-07-25T07:50:36.930258,phemex,0.0,1151284000,0.0,0
2025-07-25T07:50:37.127238,huobi,115183.16,115183.17,0.01021,0.663664
2025-07-25T07:50:37.405772,phemex,0.0,1151324000,0.0,48517
2025-07-25T07:50:37.450417,phemex,0.0,1151197000,0.0,632887
2025-07-25T07:50:37.527221,huobi,115183.16,115183.17,0.01021,0.410303
2025-07-25T07:50:37.550688,phemex,0.0,1151197000,0.0,726292
2025-07-25T07:50:37.629257,huobi,115183.16,115183.17,0.01021,1.747223
2025-07-25T07:50:37.673955,bitrue,115155.21,115155.22,0.5406,18.6564
2025-07-25T07:50:37.871858,phemex,0.0,1151197000,0.0,632887
2025-07-25T07:50:37.927111,huobi,115183.16,115183.17,0.01021,1.493805
2025-07-25T07:50:37.971270,phemex,0.0,1151197000,0.0,726291
2025-07-25T07:50:38.027978,huobi,115183.16,115183.17,0.01021,1.747219
2025-07-25T07:50:38.071267,phemex,0.0,1151197000,0.0,632887
2025-07-25T07:50:38.127090,huobi,115183.16,115183.17,0.01021,1.493805
2025-07-25T07:50:38.171425,phemex,0.0,1151197000,0.0,726290
2025-07-25T07:50:38.227507,huobi,115183.16,115183.17,0.01021,1.747217
2025-07-25T07:50:39.765136,bitrue,115155.21,115155.22,0.5406,18.6564
2025-07-25T07:50:39.827630,huobi,115183.16,115183.17,0.01021,1.597491
2025-07-25T07:50:39.934750,phemex,0.0,1151197000,0.0,704271
2025-07-25T07:50:40.027376,huobi,115183.16,115183.17,0.01021,1.747217
2025-07-25T07:50:40.542950,phemex,0.0,1151197000,0.0,726271
2025-07-25T07:50:40.628007,huobi,115183.16,115183.17,0.01021,1.802245
2025-07-25T07:50:40.827774,huobi,115183.16,115183.17,0.00153,1.802245
2025-07-25T07:50:41.012771,phemex,1151051000,0.0,0,0.0
2025-07-25T07:50:41.015712,phemex,1150837000,1151197000,17177,734274
2025-07-25T07:50:41.018106,phemex,1150953000,0.0,0,0.0
2025-07-25T07:50:41.019671,phemex,0.0,1151197000,0.0,730962
2025-07-25T07:50:41.020919,phemex,0.0,1151197000,0.0,734274
2025-07-25T07:50:41.021913,phemex,0.0,1151197000,0.0,809274
2025-07-25T07:50:41.022894,phemex,0.0,1151197000,0.0,1328375
2025-07-25T07:50:41.024004,phemex,0.0,1151197000,0.0,1394458
2025-07-25T07:50:41.025051,phemex,1150934000,0.0,22553,0.0
2025-07-25T07:50:41.055534,phemex,1150964000,0.0,17177,0.0
2025-07-25T07:50:41.331937,huobi,115183.16,115183.17,0.00153,1.652519
2025-07-25T07:50:41.527237,huobi,115183.16,115183.17,0.00153,1.8022
2025-07-25T07:50:41.706351,phemex,1151196000,0.0,56931,0.0
2025-07-25T07:50:41.714681,phemex,1150848000,0.0,17177,0.0
2025-07-25T07:50:41.817083,phemex,0.0,1151197000,0.0,1378575
2025-07-25T07:50:41.877146,bitrue,115150.0,115150.01,0.088,16.6035
2025-07-25T07:50:41.897105,phemex,0.0,1151197000,0.0,1285172
2025-07-25T07:50:41.927523,huobi,115183.16,115183.17,0.00153,1.497198
2025-07-25T07:50:41.937171,phemex,0.0,1151197000,0.0,1301039
2025-07-25T07:50:41.997296,phemex,0.0,1151197000,0.0,1394435
2025-07-25T07:50:42.026877,huobi,115183.16,115183.17,0.00153,1.750607
2025-07-25T07:50:42.117726,phemex,0.0,1151197000,0.0,1301039
2025-07-25T07:50:42.173069,huobi,115183.16,115183.17,0.00153,1.497198
2025-07-25T07:50:42.217368,phemex,0.0,1151197000,0.0,1394434
2025-07-25T07:50:42.226957,huobi,115183.16,115183.17,0.00153,1.7506
2025-07-25T07:50:42.586414,phemex,0.0,1151197000,0.0,1394428
2025-07-25T07:50:42.589517,phemex,0.0,1151501000,0.0,54217
2025-07-25T07:50:42.727288,huobi,115183.16,115183.17,0.00153,1.80219
2025-07-25T07:50:42.979074,phemex,0.0,1151197000,0.0,1301033
2025-07-25T07:50:42.981921,phemex,0.0,1151526000,0.0,17177
2025-07-25T07:50:43.028752,huobi,115183.16,115183.17,0.001385,0.413696
2025-07-25T07:50:43.039465,phemex,0.0,1151407000,0.0,218400
2025-07-25T07:50:43.059127,phemex,0.0,1151197000,0.0,1394427
2025-07-25T07:50:43.127182,huobi,115183.16,115183.17,0.001385,0.667097
2025-07-25T07:50:43.627225,huobi,115183.16,115183.17,0.001385,0.718687
2025-07-25T07:50:43.727040,huobi,115183.16,115183.17,0.001385,0.568961
2025-07-25T07:50:43.880145,phemex,0.0,1151197000,0.0,1372778
2025-07-25T07:50:43.901698,phemex,0.0,1151197000,0.0,1394405
2025-07-25T07:50:43.981360,bitrue,115150.0,115150.01,0.088,16.6035
2025-07-25T07:50:44.127200,huobi,115183.16,115183.17,0.001385,0.567361
2025-07-25T07:50:44.185901,phemex,1150964000,0.0,0,0.0
2025-07-25T07:50:44.188902,phemex,1150964000,0.0,17177,0.0
2025-07-25T07:50:44.801716,phemex,1150964000,0.0,0,0.0
2025-07-25T07:50:44.927586,huobi,115183.16,115183.17,0.001385,0.571561
2025-07-25T07:50:45.028566,huobi,115183.16,115183.17,0.001385,0.779876
2025-07-25T07:50:45.127271,huobi,115183.16,115183.17,0.001385,0.929602
2025-07-25T07:50:45.227665,huobi,115183.16,115183.17,0.001385,0.721287
2025-07-25T07:50:45.351852,phemex,1150964000,0.0,17439,0.0
2025-07-25T07:50:45.527123,huobi,115183.16,115183.17,0.001385,0.722887
2025-07-25T07:50:46.080463,bitrue,115150.0,115150.01,0.088,16.6035
2025-07-25T07:50:46.177987,phemex,0.0,1151197000,0.0,1468005
2025-07-25T07:50:46.427253,huobi,115183.16,115183.17,0.001385,0.573161
2025-07-25T07:50:46.527417,huobi,115183.16,115183.17,0.001385,0.722887
2025-07-25T07:50:46.629073,huobi,115183.16,115183.17,0.001385,0.573161
2025-07-25T07:50:46.728421,huobi,115183.16,115183.17,0.001385,0.521571
2025-07-25T07:50:47.049165,phemex,1151080000,1151197000,17439,1301011
2025-07-25T07:50:47.064756,phemex,0.0,1151197000,0.0,866616
2025-07-25T07:50:47.104541,phemex,0.0,1151197000,0.0,785100
2025-07-25T07:50:47.167176,phemex,0.0,1151197000,0.0,858115
2025-07-25T07:50:47.184558,huobi,115183.16,115183.17,0.008962,0.007717
2025-07-25T07:50:47.204995,phemex,1151196000,1151197000,74729,857059
2025-07-25T07:50:47.224830,phemex,1151196000,1151197000,75199,586447
2025-07-25T07:50:47.229681,huobi,115183.16,115183.17,0.269517,0.261018
2025-07-25T07:50:47.244651,phemex,1151196000,1151197000,57760,411679
2025-07-25T07:50:47.329946,huobi,115183.16,115183.17,0.321107,0.0042
2025-07-25T07:50:47.431180,huobi,115184.99,115185.0,0.14881,0.00011
2025-07-25T07:50:47.631904,huobi,115184.99,115185.0,0.15041,0.00011
2025-07-25T07:50:47.657351,phemex,1151196000,1151197000,75199,336679
2025-07-25T07:50:47.928107,huobi,115184.99,115185.0,0.508451,0.00011
2025-07-25T07:50:48.040887,phemex,1151196000,1151197000,125556,112688
2025-07-25T07:50:48.043468,phemex,1150904000,1151473000,61754,1056
2025-07-25T07:50:48.044734,phemex,1151010000,1151197000,93385,19298
2025-07-25T07:50:48.046038,phemex,0.0,1151409000,0.0,22011
2025-07-25T07:50:48.046742,phemex,1151196000,1151254000,180242,93386
2025-07-25T07:50:48.047844,phemex,0.0,1151408000,0.0,73600
2025-07-25T07:50:48.052250,phemex,0.0,1151598000,0.0,59508
2025-07-25T07:50:48.146088,phemex,0.0,1151254000,0.0,1
2025-07-25T07:50:48.168064,bitrue,115148.67,115148.68,0.0002,12.7405
2025-07-25T07:50:48.247444,phemex,0.0,1151252000,0.0,93384
2025-07-25T07:50:48.467106,phemex,0.0,1151261000,0.0,20000
2025-07-25T07:50:48.528062,huobi,115184.99,115185.0,0.508451,0.001737
2025-07-25T07:50:48.667240,phemex,0.0,1151341000,0.0,73600
2025-07-25T07:50:48.687156,phemex,1151010000,0.0,0,0.0
2025-07-25T07:50:48.727292,phemex,1151196000,1151197000,108117,20354
2025-07-25T07:50:48.728068,huobi,115184.99,115185.0,0.358725,0.001737
2025-07-25T07:50:48.767544,phemex,0.0,1151642000,0.0,17439
2025-07-25T07:50:48.787304,phemex,1151030000,0.0,93383,0.0
2025-07-25T07:50:48.829350,huobi,115184.99,115185.0,0.12179,0.001737
2025-07-25T07:50:48.847427,phemex,1151196000,0.0,125556,0.0
2025-07-25T07:50:48.927831,phemex,0.0,1151252000,0.0,0
2025-07-25T07:50:48.928278,huobi,115184.99,115185.0,0.300136,0.001737
2025-07-25T07:50:49.027764,phemex,0.0,1151261000,0.0,113382
2025-07-25T07:50:49.427888,huobi,115184.99,115185.0,0.508451,0.001737
2025-07-25T07:50:49.648916,phemex,0.0,1151334000,0.0,73600
2025-07-25T07:50:50.253889,bitrue,115167.99,115168.0,12.0232,5.8325
2025-07-25T07:50:50.696934,phemex,0.0,1151345000,0.0,73600
2025-07-25T07:50:51.027265,huobi,115184.99,115185.0,0.506851,0.001737
2025-07-25T07:50:51.130515,phemex,1151030000,0.0,0,0.0
2025-07-25T07:50:51.210602,phemex,0.0,1151197000,0.0,19298
2025-07-25T07:50:51.230520,phemex,1151044000,0.0,93378,0.0
2025-07-25T07:50:51.327490,huobi,115184.99,115185.0,0.760206,0.001737
2025-07-25T07:50:51.802385,phemex,0.0,1151345000,0.0,0
2025-07-25T07:50:51.807973,phemex,0.0,1151642000,0.0,17439
2025-07-25T07:50:52.472668,bitrue,115167.99,115168.0,12.0232,5.8325
2025-07-25T07:50:52.609766,phemex,0.0,1151334000,0.0,0
2025-07-25T07:50:52.927723,huobi,115189.66,115189.67,0.399445,0.00192
2025-07-25T07:50:53.027743,huobi,115189.66,115189.67,0.60776,0.00192
2025-07-25T07:50:53.066943,phemex,0.0,1151436000,0.0,108536
2025-07-25T07:50:53.069683,phemex,0.0,1151410000,0.0,0
2025-07-25T07:50:53.071241,phemex,0.0,1151345000,0.0,73600
2025-07-25T07:50:53.072179,phemex,0.0,1151556000,0.0,0
2025-07-25T07:50:53.072718,phemex,0.0,1151345000,0.0,0
2025-07-25T07:50:53.075778,phemex,0.0,1151642000,0.0,17439
2025-07-25T07:50:53.128006,huobi,115189.66,115189.67,0.757486,0.00192
2025-07-25T07:50:53.229383,huobi,115194.99,115195.0,0.097192,0.00021
2025-07-25T07:50:53.330389,huobi,115199.99,115200.0,0.0885,0.00021
2025-07-25T07:50:53.428049,huobi,115199.99,115200.0,0.097179,0.00021
2025-07-25T07:50:53.528442,huobi,115199.99,115200.0,0.256479,0.00021
2025-07-25T07:50:53.628873,huobi,115199.99,115200.0,0.097179,0.00021
2025-07-25T07:50:53.668375,phemex,0.0,1151197000,0.0,0
2025-07-25T07:50:53.675591,phemex,1151253000,1151254000,129423,0
2025-07-25T07:50:53.677026,phemex,1151260000,1151463000,129423,0
2025-07-25T07:50:53.677547,phemex,1151253000,1151261000,0,0
2025-07-25T07:50:53.679086,phemex,1151293000,1151294000,74738,0
2025-07-25T07:50:53.679549,phemex,1151353000,1151354000,67796,8000
2025-07-25T07:50:53.681582,phemex,1151353000,1151354000,125197,0
2025-07-25T07:50:53.681621,phemex,1151374000,1151375000,74738,0
2025-07-25T07:50:53.682816,phemex,1151384000,1151415000,17439,0
2025-07-25T07:50:53.683281,phemex,1151374000,0.0,0,0.0
2025-07-25T07:50:53.684345,phemex,1151384000,1151385000,17439,150000
2025-07-25T07:50:53.684384,phemex,1151370000,1151385000,6942,325070
2025-07-25T07:50:53.685454,phemex,1151384000,1151385000,25210,175070
2025-07-25T07:50:53.685492,phemex,0.0,1151389000,0.0,0
2025-07-25T07:50:53.685520,phemex,1151384000,1151385000,7771,176125
2025-07-25T07:50:53.795101,phemex,1151384000,0.0,25210,0.0
2025-07-25T07:50:53.836243,phemex,0.0,1151501000,0.0,0
2025-07-25T07:50:53.915230,phemex,0.0,1151433000,0.0,0
2025-07-25T07:50:54.556085,phemex,0.0,1151434000,0.0,0
2025-07-25T07:50:54.563339,bitrue,115167.99,115168.0,12.0232,5.8325
2025-07-25T07:50:54.596291,phemex,0.0,1151455000,0.0,73600
2025-07-25T07:50:54.627520,huobi,115199.99,115200.0,0.070199,0.00021
2025-07-25T07:50:54.971954,phemex,0.0,1151385000,0.0,269498
2025-07-25T07:50:55.322426,phemex,0.0,1151501000,0.0,17513
2025-07-25T07:50:55.325081,phemex,1151384000,0.0,7771,0.0
2025-07-25T07:50:55.326278,phemex,1151384000,0.0,7412,0.0
2025-07-25T07:50:55.327339,phemex,1151255000,0.0,1,0.0
2025-07-25T07:50:55.577920,phemex,0.0,1151443000,0.0,73600
2025-07-25T07:50:55.818331,phemex,0.0,1151385000,0.0,269876
2025-07-25T07:50:56.198411,phemex,1151215000,0.0,1,0.0
2025-07-25T07:50:56.218508,phemex,1151295000,0.0,1,0.0
2025-07-25T07:50:56.665471,bitrue,115181.17,115181.18,23.7245,4.0753
2025-07-25T07:50:56.773969,phemex,1151343000,1151385000,73600,343476
2025-07-25T07:50:56.777247,phemex,1151343000,0.0,0,0.0
2025-07-25T07:50:56.783176,phemex,0.0,1151409000,0.0,0
2025-07-25T07:50:56.783241,phemex,0.0,1151479000,0.0,21724
2025-07-25T07:50:56.783272,phemex,0.0,1151675000,0.0,0
2025-07-25T07:50:57.429070,phemex,0.0,1151385000,0.0,268476
2025-07-25T07:50:57.434192,phemex,0.0,1151680000,0.0,2908
2025-07-25T07:50:57.708647,bitrue,115181.17,115181.18,23.7245,4.0753
2025-07-25T07:50:57.928944,phemex,1151286000,0.0,73600,0.0
2025-07-25T07:50:58.126703,huobi,115199.99,115200.0,0.068599,0.00021
2025-07-25T07:50:58.162114,phemex,0.0,1151385000,0.0,194876
2025-07-25T07:50:58.181837,phemex,1151358000,0.0,634,0.0
2025-07-25T07:50:58.542105,phemex,1151296000,1151385000,73600,268476
2025-07-25T07:50:59.083581,phemex,1151384000,0.0,24925,0.0
2025-07-25T07:50:59.163176,phemex,1151384000,0.0,7412,0.0
2025-07-25T07:50:59.808387,bitrue,115181.17,115181.18,23.7245,4.0753
2025-07-25T07:50:59.985550,phemex,1151296000,0.0,0,0.0
2025-07-25T07:51:00.004619,phemex,1151286000,0.0,0,0.0
2025-07-25T07:51:00.038976,huobi,115199.99,115200.0,0.068599,0.260626
2025-07-25T07:51:00.144630,phemex,0.0,1151433000,0.0,20000
2025-07-25T07:51:00.164591,phemex,0.0,1151385000,0.0,194876
2025-07-25T07:51:00.284811,phemex,1151237000,1151385000,0,212389
2025-07-25T07:51:00.304930,phemex,1151260000,1151385000,0,362389
2025-07-25T07:51:00.430183,huobi,115199.99,115200.0,0.008679,0.194372
2025-07-25T07:51:00.528340,huobi,115199.99,115200.0,0.008679,0.198572
2025-07-25T07:51:00.628581,huobi,115196.46,115196.47,0.00117,0.362093
2025-07-25T07:51:00.658661,phemex,0.0,1151385000,0.0,364666
2025-07-25T07:51:00.664071,phemex,0.0,1151412000,0.0,20000
2025-07-25T07:51:00.665292,phemex,1151061000,0.0,168704,0.0
2025-07-25T07:51:00.665890,phemex,0.0,1151455000,0.0,0
2025-07-25T07:51:00.666830,phemex,1151384000,1151385000,0,807287
2025-07-25T07:51:00.668330,phemex,1151358000,1151359000,0,269282
2025-07-25T07:51:00.669215,phemex,1151150000,1151343000,0,229766
2025-07-25T07:51:00.669485,phemex,1151341000,1151343000,0,485980
2025-07-25T07:51:00.670014,phemex,1150964000,1151343000,17513,726490
2025-07-25T07:51:00.685474,phemex,1151342000,1151385000,0,171624
2025-07-25T07:51:00.705608,phemex,1151321000,1151322000,0,210315
2025-07-25T07:51:00.725719,phemex,1151303000,1151304000,0,400749
2025-07-25T07:51:00.745910,phemex,1151265000,1151286000,0,87870
2025-07-25T07:51:00.765944,phemex,1151285000,1151286000,0,219563
2025-07-25T07:51:00.785851,phemex,0.0,1151284000,0.0,288110
2025-07-25T07:51:00.806084,phemex,1151283000,1151284000,0,444334
2025-07-25T07:51:00.825692,phemex,0.0,1151283000,0.0,183632
2025-07-25T07:51:00.827279,huobi,115196.46,115196.47,0.00117,0.516019
2025-07-25T07:51:00.846233,phemex,1151281000,1151283000,0,318977
2025-07-25T07:51:00.906142,phemex,0.0,1151283000,0.0,446190
2025-07-25T07:51:00.946075,phemex,1151274000,1151283000,6942,665153
2025-07-25T07:51:01.357662,phemex,1151062000,1151303000,23235,22568
2025-07-25T07:51:01.361467,phemex,0.0,1151283000,0.0,647640
2025-07-25T07:51:01.363061,phemex,1151166000,0.0,17513,0.0
2025-07-25T07:51:01.364114,phemex,0.0,1151283000,0.0,663731
2025-07-25T07:51:01.364577,phemex,0.0,1151283000,0.0,712638
2025-07-25T07:51:01.365317,phemex,1151166000,1151283000,0,731162
2025-07-25T07:51:01.467767,phemex,0.0,1151304000,0.0,43309
2025-07-25T07:51:01.506897,phemex,0.0,1151358000,0.0,7286
2025-07-25T07:51:01.567498,phemex,1151150000,0.0,73600,0.0
