timestamp,exchange,bid,ask,bid_vol,ask_vol
2025-07-25T07:28:32.651919,bitrue,115568.08,115568.09,0.0019,16.2234
2025-07-25T07:28:32.652127,bitrue,115568.08,115568.09,0.0019,16.2234
2025-07-25T07:28:32.751216,huobi,115597.46,115597.47,0.480004,0.008649
2025-07-25T07:28:32.937303,huobi,115597.46,115597.47,0.007816,0.008649
2025-07-25T07:28:33.035580,huobi,115597.46,115597.47,0.007816,0.00855899802244807
2025-07-25T07:28:33.216303,phemex,1155451000,1155452000,182406,1
2025-07-25T07:28:33.216345,phemex,0.0,1155563000,0.0,708
2025-07-25T07:28:33.216367,phemex,0.0,1155572000,0.0,0
2025-07-25T07:28:33.216385,phemex,1155451000,1155505000,184346,0
2025-07-25T07:28:33.216402,phemex,1155451000,1155517000,184700,0
2025-07-25T07:28:33.216428,phemex,1155451000,1155573000,184865,2898
2025-07-25T07:28:33.216460,phemex,1155212000,0.0,0,0.0
2025-07-25T07:28:33.216491,phemex,1155367000,1155684000,20000,17730
2025-07-25T07:28:33.216524,phemex,0.0,1155865000,0.0,0
2025-07-25T07:28:33.216555,phemex,0.0,1155685000,0.0,20000
2025-07-25T07:28:33.216582,phemex,1155451000,1155606000,167135,77700
2025-07-25T07:28:33.216611,phemex,1155451000,0.0,184865,0.0
2025-07-25T07:28:33.216641,phemex,1155451000,0.0,167135,0.0
2025-07-25T07:28:33.217250,phemex,1155451000,0.0,94205,0.0
2025-07-25T07:28:33.217285,phemex,1155451000,0.0,111935,0.0
2025-07-25T07:28:33.217303,phemex,0.0,1155725000,0.0,360
2025-07-25T07:28:33.394197,phemex,0.0,1155606000,0.0,0
2025-07-25T07:28:33.438349,huobi,115597.46,115597.47,0.156793,0.00855899802244807
2025-07-25T07:28:33.714631,phemex,1155451000,1155683000,34235,77700
2025-07-25T07:28:33.935322,phemex,1155413000,0.0,1,0.0
2025-07-25T07:28:34.513422,bitrue,115580.34,115580.35,8.1987,6.898
2025-07-25T07:28:34.696218,phemex,1155451000,1155619000,111935,77700
2025-07-25T07:28:34.737751,huobi,115597.46,115597.47,0.554052,0.00855899802244807
2025-07-25T07:28:35.117342,phemex,0.0,1155619000,0.0,0
2025-07-25T07:28:35.611686,bitrue,115580.34,115580.35,8.1987,6.898
2025-07-25T07:28:35.698354,phemex,0.0,1155667000,0.0,77700
2025-07-25T07:28:35.935379,huobi,115597.46,115597.47,0.552452,0.00855899802244807
2025-07-25T07:28:36.355322,phemex,1155451000,0.0,111934,0.0
2025-07-25T07:28:36.398604,phemex,1155261000,0.0,0,0.0
2025-07-25T07:28:36.680390,phemex,1155451000,1155683000,34234,0
2025-07-25T07:28:36.880996,phemex,1155418000,0.0,877,0.0
2025-07-25T07:28:37.320499,phemex,0.0,1155607000,0.0,107511
2025-07-25T07:28:37.660589,phemex,1155451000,1155606000,111934,77700
2025-07-25T07:28:37.682114,phemex,0.0,1155606000,0.0,0
2025-07-25T07:28:37.700260,bitrue,115580.34,115580.35,8.1987,6.898
2025-07-25T07:28:37.800868,phemex,1155148000,0.0,58842,0.0
2025-07-25T07:28:38.662746,phemex,0.0,1155641000,0.0,77700
2025-07-25T07:28:39.735560,huobi,115597.46,115597.47,0.467165,0.00855899802244807
2025-07-25T07:28:39.788154,bitrue,115580.34,115580.35,8.1987,6.898
2025-07-25T07:28:39.835529,huobi,115597.46,115597.47,0.006216,0.00855899802244807
2025-07-25T07:28:39.969505,phemex,1155451000,1155606000,34234,0
2025-07-25T07:28:39.974035,phemex,1155451000,0.0,16504,0.0
2025-07-25T07:28:39.975895,phemex,0.0,1155485000,0.0,7998
2025-07-25T07:28:39.976574,phemex,0.0,1155573000,0.0,2899
2025-07-25T07:28:40.064191,phemex,1155451000,0.0,16156,0.0
2025-07-25T07:28:40.135272,huobi,115604.99,115605.0,0.062959,0.302416
2025-07-25T07:28:40.164394,phemex,0.0,1155619000,0.0,0
2025-07-25T07:28:40.224590,phemex,1155451000,0.0,33427,0.0
2025-07-25T07:28:40.235334,huobi,115604.99,115605.0,0.012959,0.05011
2025-07-25T07:28:40.284658,phemex,0.0,1155641000,0.0,0
2025-07-25T07:28:40.325570,phemex,1155451000,0.0,16156,0.0
2025-07-25T07:28:40.349155,huobi,115604.99,115605.0,0.272463,0.05011
2025-07-25T07:28:40.637390,huobi,115604.99,115605.0,0.27372,0.05011
2025-07-25T07:28:40.646006,phemex,1155451000,1155641000,93856,77700
2025-07-25T07:28:40.866299,phemex,1155451000,0.0,111127,0.0
2025-07-25T07:28:41.387353,phemex,0.0,1155452000,0.0,0
2025-07-25T07:28:41.406515,phemex,1155484000,1155485000,73833,0
2025-07-25T07:28:41.426850,phemex,1155553000,1155571000,906,30000
2025-07-25T07:28:41.446343,phemex,1155407000,0.0,96009,0.0
2025-07-25T07:28:41.486628,phemex,1155494000,1155554000,1,7451
2025-07-25T07:28:41.507065,phemex,1155451000,1155571000,237,15000
2025-07-25T07:28:41.546614,phemex,1155451000,1155554000,0,471028
2025-07-25T07:28:41.587950,phemex,0.0,1155554000,0.0,736850
2025-07-25T07:28:41.666882,phemex,0.0,1155554000,0.0,796862
2025-07-25T07:28:41.877189,bitrue,115580.34,115580.35,8.1987,6.898
2025-07-25T07:28:41.927820,phemex,1155540000,0.0,144066,0.0
2025-07-25T07:28:42.648162,phemex,1155408000,0.0,0,0.0
2025-07-25T07:28:42.670047,phemex,1155219000,0.0,17271,0.0
2025-07-25T07:28:42.768356,phemex,1155553000,0.0,1830,0.0
2025-07-25T07:28:42.921199,bitrue,115580.34,115580.35,8.1987,6.898
2025-07-25T07:28:43.871751,phemex,1155490000,0.0,0,0.0
2025-07-25T07:28:43.877169,phemex,0.0,1155554000,0.0,874562
2025-07-25T07:28:43.890050,phemex,0.0,1155554000,0.0,852829
2025-07-25T07:28:43.909952,phemex,0.0,1155554000,0.0,874542
2025-07-25T07:28:43.967364,bitrue,115580.34,115580.35,8.1987,6.898
2025-07-25T07:28:44.010556,phemex,1155553000,0.0,906,0.0
2025-07-25T07:28:44.070243,phemex,1155553000,1155554000,0,975439
2025-07-25T07:28:44.137772,huobi,115604.99,115605.0,0.009906,0.055799
2025-07-25T07:28:44.336095,huobi,115604.99,115605.0,0.005627,0.055799
2025-07-25T07:28:44.467225,phemex,1155540000,1155541000,0,172011
2025-07-25T07:28:44.471610,phemex,1155536000,1155537000,0,172011
2025-07-25T07:28:44.472631,phemex,0.0,1155503000,0.0,147666
2025-07-25T07:28:44.473680,phemex,1155502000,1155536000,0,101905
2025-07-25T07:28:44.474523,phemex,1155502000,1155503000,1799,147666
2025-07-25T07:28:44.475395,phemex,0.0,1155503000,0.0,154740
2025-07-25T07:28:44.476285,phemex,0.0,1155536000,0.0,84634
2025-07-25T07:28:44.476550,phemex,0.0,1155503000,0.0,155117
2025-07-25T07:28:44.476587,phemex,0.0,1155554000,0.0,55757
2025-07-25T07:28:44.477174,phemex,1155502000,0.0,5700,0.0
2025-07-25T07:28:44.551255,phemex,0.0,1155503000,0.0,155117
2025-07-25T07:28:44.591177,phemex,0.0,1155537000,0.0,0
2025-07-25T07:28:44.631245,phemex,0.0,1155540000,0.0,30000
2025-07-25T07:28:44.936196,huobi,115604.99,115605.0,0.009937,0.05011
2025-07-25T07:28:45.218335,phemex,1155502000,0.0,6624,0.0
2025-07-25T07:28:45.222226,phemex,0.0,1155503000,0.0,7451
2025-07-25T07:28:45.223483,phemex,0.0,1155536000,0.0,6934
2025-07-25T07:28:45.412623,phemex,0.0,1155573000,0.0,1
2025-07-25T07:28:45.492611,phemex,1155367000,0.0,0,0.0
2025-07-25T07:28:45.512592,phemex,1155275000,1155685000,0,0
2025-07-25T07:28:45.537855,huobi,115604.99,115605.0,0.005627,0.055799
2025-07-25T07:28:45.572748,phemex,0.0,1155535000,0.0,77700
2025-07-25T07:28:45.813335,phemex,0.0,1155535000,0.0,0
2025-07-25T07:28:46.061761,bitrue,115580.34,115580.35,8.1987,6.898
2025-07-25T07:28:46.336231,huobi,115604.99,115605.0,0.009937,0.055799
2025-07-25T07:28:46.435523,huobi,115604.99,115605.0,0.009937,0.05011
2025-07-25T07:28:46.535156,phemex,0.0,1155503000,0.0,7074
2025-07-25T07:28:46.538275,phemex,1155503000,1155503000,924,0
2025-07-25T07:28:46.539724,phemex,1155502000,1155534000,1799,100897
2025-07-25T07:28:46.540327,phemex,1155504000,1155533000,3901,7074
2025-07-25T07:28:46.574687,phemex,1155505000,1155534000,924,0
2025-07-25T07:28:46.614634,phemex,0.0,1155533000,0.0,0
2025-07-25T07:28:46.654922,phemex,1155505000,1155532000,0,22084
2025-07-25T07:28:46.694806,phemex,1155494000,1155532000,17382,175920
2025-07-25T07:28:46.735005,phemex,1155511000,1155532000,17381,98220
2025-07-25T07:28:46.775138,phemex,1155512000,1155531000,924,163716
2025-07-25T07:28:46.815267,phemex,1155512000,1155530000,0,7074
2025-07-25T07:28:46.855336,phemex,1155496000,1155529000,0,31250
2025-07-25T07:28:46.895295,phemex,1155480000,1155528000,1799,115754
2025-07-25T07:28:46.915558,phemex,1155481000,0.0,924,0.0
2025-07-25T07:28:46.993399,phemex,1155483000,1155529000,17381,7074
2025-07-25T07:28:46.995652,phemex,1155484000,1155528000,2723,122828
2025-07-25T07:28:47.015418,phemex,1155500000,0.0,17381,0.0
2025-07-25T07:28:47.055663,phemex,1155485000,1155527000,0,31250
2025-07-25T07:28:47.095614,phemex,1155501000,1155526000,924,41730
2025-07-25T07:28:47.115462,phemex,1155505000,0.0,17381,0.0
2025-07-25T07:28:47.155983,phemex,1155506000,1155525000,924,51098
2025-07-25T07:28:47.195896,phemex,0.0,1155524000,0.0,65906
2025-07-25T07:28:47.216676,phemex,0.0,1155523000,0.0,7074
2025-07-25T07:28:47.596363,phemex,1155509000,1155522000,17381,34991
2025-07-25T07:28:47.600212,phemex,1155506000,1155521000,0,7074
2025-07-25T07:28:47.601230,phemex,1155510000,1155520000,924,16107
2025-07-25T07:28:47.602557,phemex,1155510000,0.0,0,0.0
2025-07-25T07:28:47.604282,phemex,1155519000,0.0,924,0.0
2025-07-25T07:28:47.604325,phemex,1155509000,0.0,0,0.0
2025-07-25T07:28:47.604589,phemex,1155519000,0.0,0,0.0
2025-07-25T07:28:47.604621,phemex,1155483000,1155617000,17381,77700
2025-07-25T07:28:47.616548,phemex,1155484000,0.0,924,0.0
2025-07-25T07:28:47.656491,phemex,1155486000,0.0,17381,0.0
2025-07-25T07:28:47.696612,phemex,1155487000,0.0,924,0.0
2025-07-25T07:28:47.717018,phemex,1155519000,0.0,924,0.0
2025-07-25T07:28:47.756730,phemex,1155501000,0.0,17381,0.0
2025-07-25T07:28:47.816823,phemex,1155519000,0.0,18305,0.0
2025-07-25T07:28:48.077474,phemex,0.0,1155681000,0.0,300413
2025-07-25T07:28:48.122732,phemex,0.0,1155606000,0.0,0
2025-07-25T07:28:48.157482,phemex,1155519000,1155616000,18653,20000
2025-07-25T07:28:48.178240,bitrue,115580.34,115580.35,8.1987,6.898
2025-07-25T07:28:48.559085,phemex,0.0,1155520000,0.0,23181
2025-07-25T07:28:48.563943,phemex,0.0,1155606000,0.0,77600
2025-07-25T07:28:48.565591,phemex,0.0,1155615000,0.0,77600
2025-07-25T07:28:49.139759,phemex,1155504000,0.0,92755,0.0
2025-07-25T07:28:49.225706,bitrue,115580.34,115580.35,8.1987,6.898
2025-07-25T07:28:49.539407,phemex,0.0,1155613000,0.0,77600
2025-07-25T07:28:50.036241,huobi,115604.99,115605.0,0.009937,0.05002
2025-07-25T07:28:50.120610,phemex,1155519000,1155520000,24353,0
2025-07-25T07:28:50.138711,huobi,115604.99,115605.0,0.009937,2e-05
2025-07-25T07:28:50.141407,phemex,1155535000,1155536000,91235,0
2025-07-25T07:28:50.160173,phemex,1155572000,1155573000,90311,0
2025-07-25T07:28:50.180208,phemex,1155572000,1155612000,76831,30000
2025-07-25T07:28:50.240602,phemex,1155611000,1155612000,74729,15000
2025-07-25T07:28:50.260937,phemex,1155611000,1155616000,92110,0
2025-07-25T07:28:50.272218,bitrue,115580.34,115580.35,8.1987,6.898
2025-07-25T07:28:50.280278,phemex,1155611000,1155751000,96935,20000
2025-07-25T07:28:50.320461,phemex,1155611000,1155612000,96011,0
2025-07-25T07:28:50.335930,huobi,115604.99,115605.0,0.21721,2e-05
2025-07-25T07:28:50.362754,phemex,1155613000,1155653000,17381,15000
2025-07-25T07:28:50.401201,phemex,1155652000,1155727000,348,77600
2025-07-25T07:28:50.420884,phemex,1155618000,0.0,0,0.0
2025-07-25T07:28:50.435746,huobi,115604.99,115605.0,0.625691,2e-05
2025-07-25T07:28:50.460568,phemex,1155652000,1155653000,23429,22074
2025-07-25T07:28:50.501404,phemex,1155344000,1155917000,327,360
2025-07-25T07:28:50.520656,phemex,0.0,1155750000,0.0,77600
2025-07-25T07:28:50.560816,phemex,0.0,1155733000,0.0,77600
2025-07-25T07:28:50.601369,phemex,1155652000,0.0,6048,0.0
2025-07-25T07:28:50.640977,phemex,1155652000,0.0,23429,0.0
2025-07-25T07:28:50.683936,huobi,115609.99,115610.0,0.268152,5e-05
2025-07-25T07:28:50.701927,phemex,1155652000,0.0,6048,0.0
2025-07-25T07:28:50.734127,huobi,115609.99,115610.0,0.586787,5e-05
2025-07-25T07:28:50.835197,huobi,115609.99,115610.0,0.586787,0.001883
2025-07-25T07:28:51.136146,huobi,115609.99,115610.0,0.586787,0.001703
2025-07-25T07:28:51.196448,phemex,1155614000,0.0,0,0.0
2025-07-25T07:28:51.235510,huobi,115609.99,115610.0,0.735764,0.001703
2025-07-25T07:28:51.482211,phemex,1155652000,0.0,23429,0.0
2025-07-25T07:28:51.522419,phemex,0.0,1155750000,0.0,0
2025-07-25T07:28:51.863332,phemex,1155652000,0.0,6048,0.0
2025-07-25T07:28:51.935922,huobi,115609.99,115610.0,0.586787,0.001703
2025-07-25T07:28:52.143271,phemex,1155574000,0.0,1,0.0
2025-07-25T07:28:52.183440,phemex,1155534000,0.0,1,0.0
2025-07-25T07:28:52.263672,phemex,1155652000,0.0,23429,0.0
2025-07-25T07:28:52.335494,huobi,115609.99,115610.0,0.634584,0.001703
2025-07-25T07:28:52.362266,bitrue,115580.35,115580.36,18.0969,0.0128
2025-07-25T07:28:52.403730,phemex,1155652000,0.0,6048,0.0
2025-07-25T07:28:52.636426,huobi,115609.99,115610.0,0.485607,0.001703
2025-07-25T07:28:52.850499,phemex,0.0,1155702000,0.0,77600
2025-07-25T07:28:52.855571,phemex,0.0,1155818000,0.0,0
2025-07-25T07:28:53.135844,huobi,115609.99,115610.0,0.634584,0.001703
2025-07-25T07:28:53.235548,huobi,115609.99,115610.0,0.69288,0.001703
2025-07-25T07:28:53.336256,huobi,115609.99,115610.0,0.69448,0.001703
2025-07-25T07:28:53.344389,phemex,1155652000,1155702000,23429,0
2025-07-25T07:28:53.349767,phemex,1155615000,0.0,1,0.0
2025-07-25T07:28:53.350946,phemex,0.0,1155727000,0.0,0
2025-07-25T07:28:53.408667,bitrue,115580.35,115580.36,18.0969,0.0128
2025-07-25T07:28:53.636185,huobi,115609.99,115610.0,0.843457,0.001523
2025-07-25T07:28:53.735747,huobi,115614.99,115615.0,0.33614,0.00021
2025-07-25T07:28:53.838985,huobi,115623.94,115623.95,0.118,0.268108
2025-07-25T07:28:53.934333,phemex,0.0,1155727000,0.0,77600
2025-07-25T07:28:53.935700,huobi,115623.94,115623.95,0.060006,0.270067
2025-07-25T07:28:54.035161,huobi,115623.94,115623.95,0.383157,0.011606
2025-07-25T07:28:54.364545,phemex,0.0,1155657000,0.0,0
2025-07-25T07:28:54.366337,phemex,0.0,1156032000,0.0,17381
2025-07-25T07:28:54.368356,phemex,1155652000,1155703000,98188,0
2025-07-25T07:28:54.370506,phemex,0.0,1155653000,0.0,15000
2025-07-25T07:28:54.371257,phemex,0.0,1155653000,0.0,0
2025-07-25T07:28:54.373089,phemex,1155678000,1155733000,146763,0
2025-07-25T07:28:54.373910,phemex,1155678000,1155738000,170769,0
2025-07-25T07:28:54.374679,phemex,1155652000,1155679000,0,15000
2025-07-25T07:28:54.375463,phemex,0.0,1156032000,0.0,17381
2025-07-25T07:28:54.376096,phemex,1155678000,0.0,171117,0.0
2025-07-25T07:28:54.376929,phemex,1155636000,1155679000,107564,0
2025-07-25T07:28:54.377817,phemex,1155679000,0.0,165069,0.0
2025-07-25T07:28:54.378481,phemex,1155678000,0.0,148910,0.0
2025-07-25T07:28:54.378523,phemex,1155679000,0.0,170769,0.0
2025-07-25T07:28:54.428452,phemex,1155679000,0.0,171117,0.0
2025-07-25T07:28:54.486986,phemex,0.0,1155803000,0.0,77600
2025-07-25T07:28:54.747405,phemex,1155679000,1155796000,153736,17524
2025-07-25T07:28:54.835363,huobi,115623.94,115623.95,0.319467,0.011606
2025-07-25T07:28:55.127951,phemex,1155679000,1155796000,171260,0
2025-07-25T07:28:55.148187,phemex,0.0,1156032000,0.0,17524
2025-07-25T07:28:55.468337,phemex,0.0,1155784000,0.0,77600
2025-07-25T07:28:55.508400,phemex,0.0,1155796000,0.0,17524
2025-07-25T07:28:55.568866,phemex,0.0,1155784000,0.0,0
2025-07-25T07:28:55.628679,phemex,0.0,1155796000,0.0,0
2025-07-25T07:28:55.648370,phemex,0.0,1156032000,0.0,17524
2025-07-25T07:28:55.835631,huobi,115623.94,115623.95,0.383157,0.011606
2025-07-25T07:28:55.848839,phemex,1155679000,1155902000,171920,0
2025-07-25T07:28:55.868843,phemex,1155679000,0.0,172575,0.0
2025-07-25T07:28:55.889464,phemex,1155679000,1155680000,173221,0
2025-07-25T07:28:55.909098,phemex,1155734000,1155735000,165212,0
2025-07-25T07:28:55.929977,phemex,1155757000,0.0,164287,0.0
2025-07-25T07:28:55.937457,huobi,115623.94,115623.95,0.482134,1.0858476986e-08
2025-07-25T07:28:55.949150,phemex,1155758000,1155758000,925,0
2025-07-25T07:28:55.990090,phemex,1155815000,1155816000,165212,0
2025-07-25T07:28:55.990323,phemex,1155846000,1155917000,92282,0
2025-07-25T07:28:56.009984,phemex,1155815000,0.0,73833,0.0
2025-07-25T07:28:56.037316,huobi,115634.99,115635.0,0.504754,3e-05
2025-07-25T07:28:56.049454,phemex,1155846000,1155897000,170912,0
2025-07-25T07:28:56.069627,phemex,1155846000,1155847000,172545,0
2025-07-25T07:28:56.090694,phemex,1155847000,1155909000,91379,0
2025-07-25T07:28:56.109244,phemex,1155847000,1155921000,166062,0
2025-07-25T07:28:56.129470,phemex,1155847000,1155848000,168294,0
2025-07-25T07:28:56.136261,huobi,115639.99,115640.0,0.336082,6e-05
2025-07-25T07:28:56.149566,phemex,1155937000,1155938000,146763,0
2025-07-25T07:28:56.169496,phemex,1155940000,1155966000,146763,7074
2025-07-25T07:28:56.209543,phemex,1155940000,1155941000,148562,137971
2025-07-25T07:28:56.236718,huobi,115641.11,115641.12,0.507228,0.001835
2025-07-25T07:28:56.249851,phemex,1155940000,1156187000,75632,377
2025-07-25T07:28:56.269581,phemex,1155940000,0.0,79533,0.0
2025-07-25T07:28:56.310246,phemex,1155679000,0.0,0,0.0
2025-07-25T07:28:56.336581,huobi,115641.11,115641.12,0.507228,0.001655
2025-07-25T07:28:56.430192,phemex,1155940000,1155941000,97057,37074
2025-07-25T07:28:56.436152,huobi,115641.42,115641.43,0.381759,0.00132
2025-07-25T07:28:56.450367,phemex,1155940000,0.0,97405,0.0
2025-07-25T07:28:56.490231,phemex,1155940000,1156035000,80806,77600
2025-07-25T07:28:56.530078,phemex,1155940000,0.0,97982,0.0
2025-07-25T07:28:56.537129,huobi,115641.42,115641.43,0.386069,0.00132
2025-07-25T07:28:56.582245,bitrue,115595.48,115595.49,20.1725,1.5279
2025-07-25T07:28:56.610119,phemex,0.0,1155941000,0.0,22074
2025-07-25T07:28:56.634894,huobi,115641.42,115641.43,0.535046,0.00132
2025-07-25T07:28:56.674313,phemex,1155840000,1156058000,20000,20563
2025-07-25T07:28:56.730318,phemex,1155940000,0.0,80458,0.0
2025-07-25T07:28:57.036538,huobi,115641.42,115641.43,0.386069,0.00132
2025-07-25T07:28:57.112185,phemex,1155940000,0.0,6625,0.0
2025-07-25T07:28:57.235179,huobi,115641.42,115641.43,0.322379,0.00132
2025-07-25T07:28:57.335900,huobi,115641.42,115641.43,0.506438,0.00132
2025-07-25T07:28:57.371409,phemex,0.0,1155941000,0.0,39598
2025-07-25T07:28:57.411515,phemex,0.0,1155941000,0.0,39973
2025-07-25T07:28:57.436482,huobi,115641.42,115641.43,0.322379,0.00132
2025-07-25T07:28:57.451697,phemex,0.0,1155941000,0.0,117573
2025-07-25T07:28:57.491578,phemex,1155940000,0.0,5700,0.0
2025-07-25T07:28:57.626824,bitrue,115595.48,115600.0,20.1725,1.761
2025-07-25T07:28:57.836725,huobi,115641.42,115641.43,0.008646,0.316431
2025-07-25T07:28:57.957862,phemex,1155791000,0.0,0,0.0
2025-07-25T07:28:57.961946,phemex,0.0,1155941000,0.0,218470
2025-07-25T07:28:57.963240,phemex,1155591000,1156187000,0,0
2025-07-25T07:28:57.963801,phemex,1155777000,0.0,1,0.0
2025-07-25T07:28:58.113064,phemex,0.0,1156016000,0.0,377
2025-07-25T07:28:58.153100,phemex,0.0,1156007000,0.0,25259
2025-07-25T07:28:58.433154,phemex,0.0,1156006000,0.0,77600
2025-07-25T07:28:58.453078,phemex,0.0,1155941000,0.0,200946
2025-07-25T07:28:58.676870,bitrue,115603.77,115618.3,0.7124,3.7043
2025-07-25T07:28:58.913734,phemex,1155817000,0.0,1,0.0
2025-07-25T07:28:58.934305,phemex,1155736000,0.0,1,0.0
2025-07-25T07:28:58.935455,huobi,115641.42,115641.43,0.157623,0.316431
2025-07-25T07:28:59.034013,phemex,0.0,1155941000,0.0,123346
2025-07-25T07:28:59.134147,phemex,0.0,1155941000,0.0,140870
2025-07-25T07:28:59.135420,huobi,115641.42,115641.43,0.008646,0.057009
2025-07-25T07:28:59.153993,phemex,1155877000,0.0,153872,0.0
2025-07-25T07:28:59.234051,phemex,1155824000,0.0,18449,0.0
2025-07-25T07:28:59.334460,phemex,0.0,1155941000,0.0,123346
2025-07-25T07:28:59.722699,bitrue,115618.29,115618.3,9.5812,3.7043
2025-07-25T07:28:59.915430,phemex,1155858000,0.0,1,0.0
2025-07-25T07:28:59.935382,phemex,1155696000,0.0,1,0.0
2025-07-25T07:29:00.044656,huobi,115641.42,115641.43,0.008646,0.057009
2025-07-25T07:29:00.423999,phemex,0.0,1155941000,0.0,200946
2025-07-25T07:29:00.576571,phemex,0.0,1155941000,0.0,218470
2025-07-25T07:29:00.596320,phemex,1155824000,0.0,925,0.0
2025-07-25T07:29:00.696417,phemex,1155824000,0.0,18449,0.0
2025-07-25T07:29:00.736711,phemex,0.0,1155941000,0.0,200946
2025-07-25T07:29:00.918240,phemex,1155910000,0.0,661,0.0
2025-07-25T07:29:00.978230,phemex,0.0,1155941000,0.0,123346
2025-07-25T07:29:01.097146,phemex,1155824000,0.0,17524,0.0
2025-07-25T07:29:01.117301,phemex,1155906000,0.0,924,0.0
2025-07-25T07:29:01.437773,phemex,0.0,1155941000,0.0,124280
2025-07-25T07:29:01.634705,huobi,115641.42,115641.43,0.008646,0.05645700148182187
2025-07-25T07:29:01.736541,huobi,115641.42,115641.43,0.076646,0.00076800148182187
2025-07-25T07:29:01.813519,bitrue,115618.29,115618.3,9.5812,3.7043
2025-07-25T07:29:01.935463,huobi,115641.42,115641.43,0.225623,0.00076800148182187
2025-07-25T07:29:02.026139,phemex,1155940000,0.0,24148,0.0
2025-07-25T07:29:02.405777,phemex,0.0,1155941000,0.0,123346
2025-07-25T07:29:02.407682,phemex,0.0,1155941000,0.0,22074
2025-07-25T07:29:02.408692,phemex,0.0,1156264000,0.0,17524
2025-07-25T07:29:02.409740,phemex,0.0,1156184000,0.0,23788
2025-07-25T07:29:02.410846,phemex,0.0,1155984000,0.0,543
2025-07-25T07:29:02.411885,phemex,1155940000,0.0,24496,0.0
2025-07-25T07:29:02.412738,phemex,1155847000,0.0,1190,0.0
2025-07-25T07:29:02.413486,phemex,0.0,1156221000,0.0,378
2025-07-25T07:29:02.414700,phemex,1155631000,0.0,327,0.0
2025-07-25T07:29:02.459311,phemex,0.0,1155941000,0.0,7074
2025-07-25T07:29:02.479176,phemex,1155941000,1155941000,924,0
2025-07-25T07:29:02.499699,phemex,1155940000,1155942000,4240,150000
2025-07-25T07:29:02.520064,phemex,1155941000,1155942000,97982,0
2025-07-25T07:29:02.539585,phemex,1155941000,1155942000,74189,7074
2025-07-25T07:29:02.559313,phemex,1155941000,1156130000,77543,0
2025-07-25T07:29:02.579534,phemex,1155941000,0.0,81444,0.0
2025-07-25T07:29:03.124581,phemex,1155941000,0.0,98968,0.0
2025-07-25T07:29:03.129096,phemex,1155941000,1155942000,100240,0
2025-07-25T07:29:03.130494,phemex,1155941000,1155967000,100240,12381
2025-07-25T07:29:03.131185,phemex,1155966000,1155972000,73833,0
2025-07-25T07:29:03.132010,phemex,1155941000,1155967000,1910,169455
2025-07-25T07:29:03.132660,phemex,1155708000,0.0,17524,0.0
2025-07-25T07:29:03.133613,phemex,1155942000,1156006000,0,0
2025-07-25T07:29:03.134383,phemex,1155966000,0.0,74757,0.0
2025-07-25T07:29:03.134843,phemex,1155966000,0.0,81639,0.0
2025-07-25T07:29:03.135769,phemex,1155966000,1156008000,87339,0
2025-07-25T07:29:03.201656,phemex,1155966000,0.0,104863,0.0
2025-07-25T07:29:03.381530,phemex,0.0,1156021000,0.0,77600
2025-07-25T07:29:03.421001,phemex,0.0,1156021000,0.0,0
2025-07-25T07:29:03.541170,phemex,1155966000,0.0,31030,0.0
2025-07-25T07:29:03.581279,phemex,1155966000,0.0,13506,0.0
2025-07-25T07:29:03.735448,huobi,115641.42,115641.43,0.076646,0.00076800148182187
2025-07-25T07:29:03.801437,phemex,0.0,1155967000,0.0,169830
2025-07-25T07:29:03.836968,huobi,115641.42,115641.43,0.008646,0.00645700148182187
2025-07-25T07:29:03.903066,bitrue,115618.29,115618.3,9.5812,3.7043
2025-07-25T07:29:04.035315,huobi,115641.42,115641.43,0.008646,0.01365500148182187
2025-07-25T07:29:04.232141,phemex,0.0,1155967000,0.0,184830
2025-07-25T07:29:04.236619,phemex,1155966000,1155967000,7806,306809
2025-07-25T07:29:04.240248,phemex,1155966000,1155967000,6882,334606
2025-07-25T07:29:04.240284,phemex,1155631000,0.0,0,0.0
2025-07-25T07:29:04.240314,phemex,1155592000,0.0,17524,0.0
2025-07-25T07:29:04.241026,phemex,1155695000,0.0,24277,0.0
2025-07-25T07:29:04.262046,phemex,0.0,1156221000,0.0,1
2025-07-25T07:29:04.870237,phemex,0.0,1156054000,0.0,377
2025-07-25T07:29:04.877686,phemex,0.0,1155967000,0.0,352309
2025-07-25T07:29:04.878926,phemex,0.0,1155967000,0.0,383559
2025-07-25T07:29:04.880549,phemex,1155928000,1155967000,0,453206
2025-07-25T07:29:04.880589,phemex,1155592000,0.0,17703,0.0
2025-07-25T07:29:04.881117,phemex,1155910000,0.0,0,0.0
2025-07-25T07:29:04.883493,phemex,1155871000,1155983000,124713,25005
2025-07-25T07:29:04.935094,huobi,115641.42,115641.43,0.008646,0.01356500148182187
2025-07-25T07:29:05.123537,phemex,0.0,1155967000,0.0,452850
2025-07-25T07:29:05.572337,phemex,0.0,1155967000,0.0,530450
2025-07-25T07:29:05.864653,phemex,1155966000,1156144000,0,2179
2025-07-25T07:29:05.884654,phemex,0.0,1155942000,0.0,304740
2025-07-25T07:29:05.925078,phemex,1155941000,1155942000,4557,316987
2025-07-25T07:29:05.964905,phemex,1155941000,1155967000,6313,32703
2025-07-25T07:29:05.995706,bitrue,115618.29,115618.3,9.5812,3.7043
2025-07-25T07:29:06.025208,phemex,0.0,1155967000,0.0,15000
2025-07-25T07:29:06.146107,phemex,0.0,1155942000,0.0,348237
2025-07-25T07:29:06.185057,phemex,0.0,1155942000,0.0,348612
2025-07-25T07:29:06.225586,phemex,0.0,1155942000,0.0,123346
2025-07-25T07:29:06.565904,phemex,0.0,1155966000,0.0,0
2025-07-25T07:29:06.736229,huobi,115641.42,115641.43,0.012956,0.01356500148182187
2025-07-25T07:29:06.836509,huobi,115641.42,115641.43,0.008646,0.01356500148182187
2025-07-25T07:29:07.159885,phemex,1155824000,1155942000,0,141049
2025-07-25T07:29:07.187462,phemex,1155941000,0.0,0,0.0
2025-07-25T07:29:07.207131,phemex,1155877000,1155878000,924,221500
2025-07-25T07:29:07.268023,phemex,1155877000,1155867000,0,7074
2025-07-25T07:29:07.664542,phemex,1155648000,1155867000,0,7074
2025-07-25T07:29:07.668860,phemex,0.0,1155867000,0.0,0
2025-07-25T07:29:07.669623,phemex,0.0,1155910000,0.0,41730
2025-07-25T07:29:07.670352,phemex,1155866000,1155909000,1714,73315
2025-07-25T07:29:07.671147,phemex,0.0,1155867000,0.0,7074
2025-07-25T07:29:07.671924,phemex,0.0,1155908000,0.0,0
2025-07-25T07:29:07.672543,phemex,0.0,1155867000,0.0,7074
2025-07-25T07:29:07.672580,phemex,1155867000,1155867000,924,0
2025-07-25T07:29:07.673174,phemex,1155867000,1155909000,0,34991
2025-07-25T07:29:07.673211,phemex,0.0,1155867000,0.0,7074
2025-07-25T07:29:07.687740,phemex,0.0,1155907000,0.0,77600
2025-07-25T07:29:07.728434,phemex,0.0,1155908000,0.0,0
2025-07-25T07:29:07.807926,phemex,0.0,1155867000,0.0,0
2025-07-25T07:29:07.848524,phemex,1155867000,1155906000,924,7074
2025-07-25T07:29:07.887965,phemex,0.0,1155906000,0.0,0
2025-07-25T07:29:07.908952,phemex,0.0,1155910000,0.0,7074
2025-07-25T07:29:07.928083,phemex,0.0,1155910000,0.0,42065
2025-07-25T07:29:07.993368,phemex,0.0,1155909000,0.0,7074
2025-07-25T07:29:08.004287,phemex,0.0,1155910000,0.0,0
2025-07-25T07:29:08.009381,phemex,1155867000,1155909000,924,7074
2025-07-25T07:29:08.048134,phemex,1155878000,1155908000,73833,100897
2025-07-25T07:29:08.087091,bitrue,115618.29,115618.3,9.5812,3.7043
2025-07-25T07:29:08.088920,phemex,1155879000,1155907000,924,41730
2025-07-25T07:29:08.150982,phemex,1155879000,1155906000,0,66241
2025-07-25T07:29:08.168982,phemex,0.0,1155906000,0.0,66241
2025-07-25T07:29:08.208586,phemex,1155866000,1155905000,790,41730
2025-07-25T07:29:08.248567,phemex,0.0,1155904000,0.0,42065
2025-07-25T07:29:08.289307,phemex,1155867000,1155903000,924,7074
2025-07-25T07:29:08.309062,phemex,0.0,1155903000,0.0,84574
2025-07-25T07:29:08.348885,phemex,1155873000,1155902000,114983,7074
2025-07-25T07:29:08.388686,phemex,1155867000,1155902000,0,107971
2025-07-25T07:29:08.428700,phemex,0.0,1155901000,0.0,7074
2025-07-25T07:29:08.448729,phemex,1155874000,0.0,924,0.0
2025-07-25T07:29:08.489565,phemex,0.0,1155900000,0.0,69647
2025-07-25T07:29:08.528933,phemex,0.0,1155899000,0.0,7074
2025-07-25T07:29:08.569045,phemex,0.0,1155898000,0.0,34656
2025-07-25T07:29:08.588973,phemex,0.0,1155899000,0.0,34991
2025-07-25T07:29:08.628999,phemex,1155874000,1155897000,0,7074
2025-07-25T07:29:08.669412,phemex,1155874000,1155896000,924,34656
2025-07-25T07:29:08.709270,phemex,0.0,1155895000,0.0,7074
2025-07-25T07:29:08.729319,phemex,0.0,1155896000,0.0,0
2025-07-25T07:29:08.749336,phemex,0.0,1155895000,0.0,0
2025-07-25T07:29:09.241039,phemex,0.0,1155910000,0.0,7074
2025-07-25T07:29:09.436096,huobi,115641.42,115641.43,0.157623,0.01356500148182187
2025-07-25T07:29:09.535121,huobi,115641.42,115641.43,0.008646,0.01356500148182187
2025-07-25T07:29:09.729857,phemex,0.0,1155910000,0.0,100897
2025-07-25T07:29:09.732311,phemex,0.0,1155909000,0.0,7074
2025-07-25T07:29:09.733686,phemex,0.0,1155909000,0.0,84574
2025-07-25T07:29:09.734926,phemex,0.0,1155908000,0.0,73315
2025-07-25T07:29:09.735495,huobi,115641.42,115641.43,0.008646,0.01347500148182187
2025-07-25T07:29:09.735739,phemex,0.0,1155907000,0.0,7074
2025-07-25T07:29:09.736608,phemex,0.0,1155908000,0.0,66241
2025-07-25T07:29:09.737599,phemex,0.0,1155906000,0.0,66241
2025-07-25T07:29:09.738682,phemex,0.0,1155906000,0.0,100897
2025-07-25T07:29:09.739278,phemex,0.0,1155905000,0.0,7074
2025-07-25T07:29:09.739968,phemex,0.0,1155904000,0.0,69647
2025-07-25T07:29:09.740862,phemex,1155874000,1155903000,0,31250
2025-07-25T07:29:09.742009,phemex,0.0,1155904000,0.0,34991
2025-07-25T07:29:09.742826,phemex,1155875000,1155904000,17703,0
2025-07-25T07:29:09.742864,phemex,1155902000,1155964000,924,77500
2025-07-25T07:29:09.743150,phemex,0.0,1155903000,0.0,31625
2025-07-25T07:29:09.743187,phemex,0.0,1155903000,0.0,101272
2025-07-25T07:29:09.743216,phemex,1155902000,0.0,17703,0.0
2025-07-25T07:29:09.743979,phemex,0.0,1155903000,0.0,108346
2025-07-25T07:29:09.744016,phemex,1155902000,0.0,0,0.0
2025-07-25T07:29:09.744043,phemex,1155902000,0.0,924,0.0
2025-07-25T07:29:09.744074,phemex,1155902000,0.0,0,0.0
2025-07-25T07:29:09.744383,phemex,1155874000,0.0,924,0.0
2025-07-25T07:29:09.744430,phemex,0.0,1155903000,0.0,101272
2025-07-25T07:29:09.750805,phemex,0.0,1155902000,0.0,7074
2025-07-25T07:29:09.811025,phemex,1155874000,1155903000,0,375
2025-07-25T07:29:09.851313,phemex,0.0,1155903000,0.0,0
2025-07-25T07:29:09.871334,phemex,1155874000,1156171000,924,17703
2025-07-25T07:29:09.951215,phemex,1155874000,0.0,0,0.0
2025-07-25T07:29:09.971490,phemex,0.0,1155901000,0.0,65906
2025-07-25T07:29:10.136080,huobi,115641.42,115641.43,0.012956,0.00778600148182187
2025-07-25T07:29:10.180983,bitrue,115618.29,115618.3,9.5812,3.7043
2025-07-25T07:29:10.235128,huobi,115641.42,115641.43,0.012956,0.01347500148182187
2025-07-25T07:29:10.400673,phemex,1155900000,1155901000,924,100897
2025-07-25T07:29:10.404187,phemex,1155900000,0.0,924,0.0
2025-07-25T07:29:10.405445,phemex,1155900000,0.0,924,0.0
2025-07-25T07:29:10.405987,phemex,1155900000,0.0,924,0.0
2025-07-25T07:29:10.406549,phemex,1155900000,0.0,0,0.0
2025-07-25T07:29:10.407142,phemex,0.0,1155972000,0.0,0
2025-07-25T07:29:10.407725,phemex,0.0,1155967000,0.0,92500
2025-07-25T07:29:10.408409,phemex,0.0,1155966000,0.0,77500
2025-07-25T07:29:10.409026,phemex,1155900000,0.0,924,0.0
2025-07-25T07:29:10.433041,phemex,1155900000,1155901000,0,107971
2025-07-25T07:29:10.435356,huobi,115641.42,115641.43,0.008646,0.01347500148182187
2025-07-25T07:29:10.472573,phemex,0.0,1155900000,0.0,7074
2025-07-25T07:29:10.492221,phemex,0.0,1155901000,0.0,31250
2025-07-25T07:29:10.532622,phemex,0.0,1155900000,0.0,7074
2025-07-25T07:29:10.572423,phemex,0.0,1155900000,0.0,0
2025-07-25T07:29:10.632434,phemex,0.0,1155900000,0.0,34656
2025-07-25T07:29:10.652448,phemex,0.0,1155900000,0.0,69647
2025-07-25T07:29:10.692587,phemex,0.0,1155906000,0.0,0
2025-07-25T07:29:10.732774,phemex,0.0,1155899000,0.0,7074
2025-07-25T07:29:10.752744,phemex,0.0,1155947000,0.0,77500
2025-07-25T07:29:10.793284,phemex,0.0,1155898000,0.0,100897
2025-07-25T07:29:10.832908,phemex,0.0,1155898000,0.0,0
2025-07-25T07:29:10.874983,phemex,0.0,1155915000,0.0,0
2025-07-25T07:29:10.892952,phemex,0.0,1155910000,0.0,7074
2025-07-25T07:29:10.932988,phemex,0.0,1155910000,0.0,100897
2025-07-25T07:29:10.993717,phemex,0.0,1155909000,0.0,7074
2025-07-25T07:29:10.994033,phemex,0.0,1155910000,0.0,31250
2025-07-25T07:29:11.230938,bitrue,115618.29,115618.3,9.5812,3.7043
2025-07-25T07:29:11.298957,phemex,0.0,1155908000,0.0,69647
2025-07-25T07:29:11.303095,phemex,0.0,1155907000,0.0,7074
2025-07-25T07:29:11.303210,phemex,0.0,1155906000,0.0,69647
2025-07-25T07:29:11.303507,phemex,0.0,1155905000,0.0,38324
2025-07-25T07:29:11.303663,phemex,0.0,1155904000,0.0,7074
2025-07-25T07:29:11.304062,phemex,0.0,1155903000,0.0,69647
2025-07-25T07:29:11.304099,phemex,0.0,1155902000,0.0,31250
2025-07-25T07:29:11.304339,phemex,0.0,1155903000,0.0,34656
2025-07-25T07:29:11.333972,phemex,0.0,1155901000,0.0,76721
2025-07-25T07:29:11.634589,huobi,115641.42,115641.43,0.012956,0.01347500148182187
2025-07-25T07:29:11.668267,phemex,0.0,1155900000,0.0,7074
2025-07-25T07:29:11.670861,phemex,0.0,1155899000,0.0,100897
2025-07-25T07:29:11.671879,phemex,0.0,1155898000,0.0,7074
2025-07-25T07:29:11.672004,phemex,0.0,1155899000,0.0,0
2025-07-25T07:29:11.672863,phemex,0.0,1155897000,0.0,34656
2025-07-25T07:29:11.672906,phemex,0.0,1155897000,0.0,69647
2025-07-25T07:29:11.673174,phemex,0.0,1155896000,0.0,31250
2025-07-25T07:29:11.673206,phemex,0.0,1155896000,0.0,31250
2025-07-25T07:29:11.694352,phemex,0.0,1155895000,0.0,7074
2025-07-25T07:29:11.733721,huobi,115641.42,115641.43,0.008646,0.01347500148182187
2025-07-25T07:29:11.795192,phemex,0.0,1155894000,0.0,34656
2025-07-25T07:29:11.855753,phemex,1155875000,1155941000,17703,77500
2025-07-25T07:29:11.895443,phemex,1155876000,0.0,924,0.0
2025-07-25T07:29:11.974964,phemex,0.0,1155896000,0.0,0
2025-07-25T07:29:12.015496,phemex,0.0,1155894000,0.0,34656
2025-07-25T07:29:12.075060,phemex,0.0,1155898000,0.0,7074
2025-07-25T07:29:12.095394,phemex,0.0,1155898000,0.0,0
2025-07-25T07:29:12.135147,phemex,1155876000,1155894000,0,41730
2025-07-25T07:29:12.175635,phemex,1155876000,0.0,924,0.0
2025-07-25T07:29:12.197104,phemex,1155893000,0.0,924,0.0
2025-07-25T07:29:12.266470,phemex,1155893000,0.0,0,0.0
2025-07-25T07:29:12.277508,phemex,1155893000,0.0,18627,0.0
2025-07-25T07:29:12.458046,phemex,0.0,1155941000,0.0,0
2025-07-25T07:29:12.498249,phemex,0.0,1155964000,0.0,0
2025-07-25T07:29:12.537463,huobi,115641.42,115641.43,0.157623,0.01347500148182187
2025-07-25T07:29:12.576997,phemex,1155893000,0.0,924,0.0
2025-07-25T07:29:12.596329,phemex,1155893000,0.0,0,0.0
2025-07-25T07:29:12.636214,phemex,1155874000,1155894000,924,34656
2025-07-25T07:29:12.676067,phemex,1155893000,0.0,924,0.0
2025-07-25T07:29:12.715990,phemex,1155893000,0.0,924,0.0
2025-07-25T07:29:12.816510,phemex,1155893000,0.0,18627,0.0
2025-07-25T07:29:12.836201,phemex,0.0,1155983000,0.0,0
2025-07-25T07:29:12.876246,phemex,1155893000,1155894000,165739,0
2025-07-25T07:29:12.897179,phemex,1155897000,0.0,72930,0.0
2025-07-25T07:29:12.936514,phemex,1155897000,0.0,164466,0.0
2025-07-25T07:29:12.939551,huobi,115641.42,115641.43,0.225623,0.00058800148182187
2025-07-25T07:29:12.976679,phemex,1155893000,1156054000,0,0
2025-07-25T07:29:13.037027,phemex,0.0,1156235000,0.0,70240
2025-07-25T07:29:13.078060,phemex,1155898000,1155898000,924,0
2025-07-25T07:29:13.117105,phemex,1155941000,0.0,146763,0.0
2025-07-25T07:29:13.157149,phemex,1155941000,0.0,165738,0.0
2025-07-25T07:29:13.197811,phemex,0.0,1156224000,0.0,377
2025-07-25T07:29:13.239592,phemex,1155941000,0.0,148035,0.0
2025-07-25T07:29:13.277303,phemex,1155941000,0.0,75105,0.0
2025-07-25T07:29:13.637654,phemex,0.0,1155942000,0.0,22074
2025-07-25T07:29:13.898223,phemex,1155941000,0.0,74757,0.0
2025-07-25T07:29:14.365859,bitrue,115618.29,115618.3,9.5812,3.7043
2025-07-25T07:29:14.486014,phemex,1155941000,0.0,924,0.0
2025-07-25T07:29:14.821672,phemex,1155941000,0.0,0,0.0
2025-07-25T07:29:14.822678,phemex,1155941000,0.0,924,0.0
2025-07-25T07:29:14.823646,phemex,1155825000,0.0,17703,0.0
2025-07-25T07:29:14.823687,phemex,1155917000,0.0,924,0.0
2025-07-25T07:29:14.824425,phemex,1155941000,0.0,0,0.0
2025-07-25T07:29:14.824944,phemex,0.0,1155942000,0.0,15000
2025-07-25T07:29:14.825424,phemex,0.0,1155941000,0.0,7074
2025-07-25T07:29:14.826105,phemex,0.0,1155940000,0.0,15000
2025-07-25T07:29:14.826884,phemex,1155939000,0.0,924,0.0
2025-07-25T07:29:14.859463,phemex,1155939000,0.0,924,0.0
2025-07-25T07:29:15.422831,bitrue,115618.29,115618.3,9.5812,3.7043
2025-07-25T07:29:16.056899,phemex,1155939000,0.0,924,0.0
2025-07-25T07:29:16.064974,phemex,1155939000,0.0,924,0.0
2025-07-25T07:29:16.066037,phemex,1155939000,0.0,0,0.0
2025-07-25T07:29:16.066939,phemex,1155917000,0.0,924,0.0
2025-07-25T07:29:16.068169,phemex,1155917000,0.0,924,0.0
2025-07-25T07:29:16.068686,phemex,1155939000,0.0,924,0.0
2025-07-25T07:29:16.069420,phemex,1155939000,1155940000,1272,0
2025-07-25T07:29:16.070033,phemex,1155939000,1155941000,18102,0
2025-07-25T07:29:16.070852,phemex,1155948000,1155966000,17754,7074
2025-07-25T07:29:16.072553,phemex,1155940000,1155963000,0,8785
2025-07-25T07:29:16.073513,phemex,1155962000,0.0,73833,0.0
2025-07-25T07:29:16.073767,phemex,1155962000,0.0,74757,0.0
2025-07-25T07:29:16.074058,phemex,1155962000,0.0,92511,0.0
2025-07-25T07:29:16.074529,phemex,1155948000,1155963000,0,158785
2025-07-25T07:29:16.082105,phemex,1155962000,0.0,924,0.0
2025-07-25T07:29:16.122006,phemex,1155962000,1155963000,0,158785
2025-07-25T07:29:16.161496,phemex,1155928000,1155962000,924,7074
2025-07-25T07:29:16.201595,phemex,1155932000,1155957000,73833,6077
2025-07-25T07:29:16.241773,phemex,1155933000,1155962000,924,0
2025-07-25T07:29:16.261690,phemex,1155933000,1155933000,0,150000
2025-07-25T07:29:16.301740,phemex,1155932000,1155933000,924,0
2025-07-25T07:29:16.341773,phemex,1155932000,1155933000,348,150000
2025-07-25T07:29:16.362925,phemex,1155932000,1155933000,1272,0
2025-07-25T07:29:16.401951,phemex,1155932000,1155933000,348,150000
2025-07-25T07:29:16.441960,phemex,1155931000,1155933000,924,7074
2025-07-25T07:29:16.461954,phemex,1155931000,1155933000,0,0
2025-07-25T07:29:16.501977,phemex,1155933000,1155963000,924,8718
2025-07-25T07:29:16.542023,phemex,1155933000,1155962000,0,7074
2025-07-25T07:29:16.562084,phemex,1155932000,0.0,0,0.0
2025-07-25T07:29:16.602249,phemex,1155927000,1155933000,1643,150000
2025-07-25T07:29:16.634108,huobi,115645.65,115645.66,0.331754,0.001901
2025-07-25T07:29:16.642178,phemex,1155927000,1155928000,719,7074
2025-07-25T07:29:16.662360,phemex,1155913000,1155928000,0,0
2025-07-25T07:29:16.702373,phemex,1155592000,1155928000,17754,150000
2025-07-25T07:29:16.734511,huobi,115645.65,115645.66,0.341794,0.001901
2025-07-25T07:29:16.742478,phemex,1155907000,1155928000,924,7074
2025-07-25T07:29:16.762472,phemex,1155907000,1155928000,0,0
2025-07-25T07:29:16.802511,phemex,1155928000,1155963000,924,8687
2025-07-25T07:29:16.842649,phemex,0.0,1155962000,0.0,7074
2025-07-25T07:29:16.862657,phemex,0.0,1155929000,0.0,150000
2025-07-25T07:29:16.902610,phemex,0.0,1155929000,0.0,0
2025-07-25T07:29:16.935609,huobi,115645.65,115645.66,0.341476,0.267003
2025-07-25T07:29:16.942824,phemex,1155928000,1155929000,0,150000
2025-07-25T07:29:16.993185,phemex,1155927000,1155928000,719,154740
2025-07-25T07:29:17.002938,phemex,0.0,1155964000,0.0,0
2025-07-25T07:29:17.036106,huobi,115645.65,115645.66,0.273476,0.267003
2025-07-25T07:29:17.043060,phemex,1155901000,0.0,924,0.0
2025-07-25T07:29:17.434929,huobi,115645.65,115645.66,0.272958,0.267003
2025-07-25T07:29:17.537875,huobi,115645.65,115645.66,0.014376,0.267003
2025-07-25T07:29:17.543673,phemex,1155825000,1155928000,0,172494
2025-07-25T07:29:17.563943,phemex,1155592000,1155928000,17754,154740
2025-07-25T07:29:17.583777,phemex,0.0,1155928000,0.0,155115
2025-07-25T07:29:17.635742,huobi,115645.65,115645.66,0.014376,0.274201
2025-07-25T07:29:17.934227,huobi,115645.65,115645.66,0.014376,0.2741110032919523
2025-07-25T07:29:18.024648,phemex,1155655000,1156224000,1,0
2025-07-25T07:29:18.285133,phemex,0.0,1156062000,0.0,377
2025-07-25T07:29:18.535952,huobi,115645.65,115645.66,0.00573,0.34901100329195234
2025-07-25T07:29:18.563375,bitrue,115618.29,115618.3,9.5812,3.7043
2025-07-25T07:29:18.698342,phemex,0.0,1155928000,0.0,273766
2025-07-25T07:29:18.703203,phemex,1155927000,0.0,0,0.0
2025-07-25T07:29:18.705008,phemex,1155877000,1155927000,670,7074
2025-07-25T07:29:18.706018,phemex,1155572000,1155902000,0,147666
2025-07-25T07:29:18.707247,phemex,1155814000,1155926000,125656,0
2025-07-25T07:29:18.707928,phemex,0.0,1155902000,0.0,165420
2025-07-25T07:29:18.708370,phemex,0.0,1155902000,0.0,231661
2025-07-25T07:29:18.708407,phemex,0.0,1155902000,0.0,266317
2025-07-25T07:29:18.805843,phemex,0.0,1155902000,0.0,248938
2025-07-25T07:29:18.865884,phemex,0.0,1155902000,0.0,266692
2025-07-25T07:29:18.966031,phemex,0.0,1155902000,0.0,248938
2025-07-25T07:29:19.236485,huobi,115645.65,115645.66,0.005172,0.34901100329195234
2025-07-25T07:29:19.335219,huobi,115645.65,115645.66,0.004614,0.34901100329195234
2025-07-25T07:29:19.446723,phemex,0.0,1155902000,0.0,266692
2025-07-25T07:29:19.454586,huobi,115645.65,115645.66,0.000842,0.34901100329195234
2025-07-25T07:29:19.609373,bitrue,115618.29,115618.3,9.5812,3.7043
2025-07-25T07:29:19.834635,huobi,115645.65,115645.66,0.004614,0.34901100329195234
2025-07-25T07:29:20.379857,phemex,0.0,1155902000,0.0,248938
2025-07-25T07:29:20.508641,phemex,0.0,1155902000,0.0,266692
2025-07-25T07:29:20.548584,phemex,1155901000,0.0,0,0.0
2025-07-25T07:29:20.568319,phemex,1155840000,1155899000,0,172494
2025-07-25T07:29:20.588873,phemex,1155898000,1155899000,0,238735
2025-07-25T07:29:20.608532,phemex,1155805000,1155806000,0,147666
2025-07-25T07:29:20.631059,phemex,1155777000,1155879000,0,20000
2025-07-25T07:29:20.668762,phemex,1155760000,1155805000,924,7074
2025-07-25T07:29:20.690615,phemex,1155762000,1155804000,17754,147666
2025-07-25T07:29:20.748528,phemex,1155773000,1155803000,663,7074
2025-07-25T07:29:20.788711,phemex,1155774000,1155803000,924,0
2025-07-25T07:29:20.808610,phemex,0.0,1155870000,0.0,147666
2025-07-25T07:29:20.848829,phemex,0.0,1155775000,0.0,375
2025-07-25T07:29:20.869162,phemex,1155773000,1155820000,0,0
2025-07-25T07:29:20.888838,phemex,1155774000,1155869000,1520,41730
2025-07-25T07:29:20.908931,phemex,0.0,1155869000,0.0,7074
2025-07-25T07:29:20.989113,phemex,1155774000,1156160000,2444,17754
2025-07-25T07:29:21.109344,phemex,1155774000,0.0,1520,0.0
2025-07-25T07:29:21.150969,phemex,1155774000,0.0,2443,0.0
2025-07-25T07:29:21.235843,huobi,115641.43,115641.44,0.006652,0.128025
2025-07-25T07:29:21.337223,huobi,115641.43,115641.44,0.0027,0.139235
2025-07-25T07:29:21.634771,huobi,115641.43,115641.44,0.00215,0.139235
2025-07-25T07:29:22.591591,phemex,0.0,1155857000,0.0,1
2025-07-25T07:29:22.634304,huobi,115641.43,115641.44,0.00215,0.1391449967157102
2025-07-25T07:29:22.711660,phemex,0.0,1155909000,0.0,20000
2025-07-25T07:29:22.758243,bitrue,115618.29,115618.3,9.5812,3.7043
2025-07-25T07:29:23.536139,huobi,115641.43,115641.44,0.00215,0.1426199967157102
2025-07-25T07:29:23.552842,phemex,1155774000,1155775000,1520,84035
2025-07-25T07:29:23.572967,phemex,1155476000,1155775000,17754,231703
2025-07-25T07:29:23.613039,phemex,0.0,1155775000,0.0,273768
2025-07-25T07:29:23.636736,huobi,115635.0,115635.01,0.00011,0.058646
2025-07-25T07:29:23.652838,phemex,0.0,1155775000,0.0,256014
2025-07-25T07:29:23.735759,huobi,115635.0,115635.01,0.00011,0.38987
2025-07-25T07:29:23.805755,bitrue,115618.29,115618.3,9.5812,3.7043
2025-07-25T07:29:23.814851,phemex,0.0,1155884000,0.0,377
2025-07-25T07:29:23.913419,phemex,1155620000,1155775000,0,273768
2025-07-25T07:29:23.954419,phemex,1155569000,0.0,21,0.0
2025-07-25T07:29:24.355011,phemex,0.0,1155775000,0.0,256014
2025-07-25T07:29:24.695058,phemex,0.0,1155775000,0.0,108346
2025-07-25T07:29:24.714628,phemex,1155770000,0.0,923,0.0
2025-07-25T07:29:24.734620,phemex,1155774000,0.0,2443,0.0
2025-07-25T07:29:25.534988,huobi,115635.0,115635.01,0.00011,0.32618
2025-07-25T07:29:25.575972,phemex,0.0,1155800000,0.0,87045
2025-07-25T07:29:25.899821,bitrue,115610.32,115610.33,0.2202,16.9162
2025-07-25T07:29:25.936452,phemex,1155774000,0.0,19853,0.0
2025-07-25T07:29:25.993509,phemex,1155774000,0.0,2443,0.0
2025-07-25T07:29:26.117017,phemex,1155774000,0.0,1520,0.0
2025-07-25T07:29:27.997340,bitrue,115610.32,115610.33,0.2202,16.9162
2025-07-25T07:29:28.134160,huobi,115635.0,115635.01,6e-06,0.32618
2025-07-25T07:29:29.833310,huobi,115635.0,115635.01,6e-06,0.32608999499546026
2025-07-25T07:29:30.251857,bitrue,115610.32,115610.33,0.2202,16.9162
2025-07-25T07:29:30.534527,huobi,115635.0,115635.01,6e-06,0.07545499499546028
2025-07-25T07:29:30.584740,phemex,1155774000,0.0,2444,0.0
2025-07-25T07:29:30.633331,huobi,115635.0,115635.01,0.259442,0.07545499499546028
2025-07-25T07:29:31.734054,huobi,115635.0,115635.01,6e-06,0.07545499499546028
2025-07-25T07:29:31.833165,huobi,115635.0,115635.01,6e-06,0.07491099499926536
2025-07-25T07:29:33.254828,huobi,115635.0,115635.01,0.259442,0.07491099499926536
2025-07-25T07:29:33.255231,phemex,1155774000,0.0,2352,0.0
2025-07-25T07:29:33.255287,bitrue,115610.32,115610.33,0.2202,16.9162
2025-07-25T07:29:33.734467,huobi,115635.0,115635.01,6e-06,0.07491099499926536
2025-07-25T07:29:34.028757,phemex,1155721000,0.0,77400,0.0
2025-07-25T07:29:34.439114,bitrue,115610.32,115610.33,0.2202,16.9162
2025-07-25T07:29:35.030277,phemex,1155720000,0.0,97400,0.0
2025-07-25T07:29:35.052015,phemex,1155476000,0.0,17603,0.0
2025-07-25T07:29:35.070926,phemex,1155659000,0.0,113,0.0
2025-07-25T07:29:35.190169,phemex,1155569000,0.0,0,0.0
2025-07-25T07:29:35.484102,bitrue,115610.32,115610.33,0.2202,16.9162
2025-07-25T07:29:35.546000,phemex,1155476000,0.0,17603,0.0
2025-07-25T07:29:36.011451,phemex,1155727000,0.0,77400,0.0
2025-07-25T07:29:36.031266,phemex,1155740000,0.0,0,0.0
2025-07-25T07:29:36.051303,phemex,1155476000,0.0,17603,0.0
2025-07-25T07:29:36.111311,phemex,1155727000,0.0,0,0.0
2025-07-25T07:29:36.131438,phemex,1155738000,0.0,8000,0.0
2025-07-25T07:29:36.151436,phemex,1155738000,0.0,0,0.0
2025-07-25T07:29:36.231950,phemex,0.0,1155931000,0.0,0
2025-07-25T07:29:36.712459,phemex,0.0,1155863000,0.0,2180
2025-07-25T07:29:36.994256,phemex,1155721000,0.0,0,0.0
2025-07-25T07:29:37.615017,phemex,1155720000,1155775000,0,125949
2025-07-25T07:29:37.619884,phemex,0.0,1155775000,0.0,108346
2025-07-25T07:29:37.954498,phemex,0.0,1155775000,0.0,125949
2025-07-25T07:29:38.553775,phemex,0.0,1155775000,0.0,108346
2025-07-25T07:29:38.624683,bitrue,115610.32,115610.33,0.2202,16.9162
2025-07-25T07:29:39.036145,phemex,0.0,1155775000,0.0,125949
2025-07-25T07:29:39.157914,phemex,0.0,1155775000,0.0,108346
2025-07-25T07:29:39.533897,huobi,115635.0,115635.01,0.259442,0.07491099499926536
2025-07-25T07:29:39.633639,huobi,115635.0,115635.01,0.259344,0.07491099499926536
2025-07-25T07:29:39.670760,bitrue,115610.32,115610.33,0.2202,16.9162
2025-07-25T07:29:39.678015,phemex,0.0,1155775000,0.0,108346
2025-07-25T07:29:39.733609,huobi,115630.47,115630.48,0.001957,0.423901
2025-07-25T07:29:39.935196,huobi,115630.47,115630.48,0.001875,0.423901
2025-07-25T07:29:40.639941,phemex,0.0,1155775000,0.0,125949
2025-07-25T07:29:40.678660,phemex,1155774000,0.0,1428,0.0
2025-07-25T07:29:40.734372,huobi,115630.47,115630.48,0.001875,0.487591
2025-07-25T07:29:40.778623,phemex,0.0,1155775000,0.0,108346
2025-07-25T07:29:40.934844,huobi,115630.47,115630.48,0.001695,0.487591
2025-07-25T07:29:40.958999,phemex,1155774000,0.0,1398,0.0
2025-07-25T07:29:41.757376,bitrue,115610.32,115610.33,0.2202,16.9162
2025-07-25T07:29:42.161109,phemex,0.0,1155775000,0.0,125949
2025-07-25T07:29:42.721416,phemex,0.0,1155775000,0.0,108346
2025-07-25T07:29:42.799670,bitrue,115610.32,115610.33,0.2202,16.9162
2025-07-25T07:29:42.921775,phemex,0.0,1155863000,0.0,0
2025-07-25T07:29:43.362308,phemex,1155715000,1155775000,950,125949
2025-07-25T07:29:43.382490,phemex,0.0,1155947000,0.0,214502
2025-07-25T07:29:43.845496,bitrue,115610.32,115610.33,0.2202,16.9162
2025-07-25T07:29:43.963949,phemex,1155659000,1155775000,0,108346
2025-07-25T07:29:43.983070,phemex,1155659000,0.0,109,0.0
2025-07-25T07:29:44.183772,phemex,1155774000,0.0,2322,0.0
2025-07-25T07:29:44.203947,phemex,1155476000,0.0,17603,0.0
2025-07-25T07:29:44.724530,phemex,0.0,1155775000,0.0,126076
2025-07-25T07:29:45.134285,huobi,115630.47,115630.48,0.001695,0.387462
2025-07-25T07:29:45.937702,bitrue,115610.32,115610.33,0.2202,16.9162
2025-07-25T07:29:46.046108,phemex,1155774000,0.0,1398,0.0
2025-07-25T07:29:46.087100,phemex,1155759000,0.0,0,0.0
2025-07-25T07:29:46.107246,phemex,1155774000,0.0,1245,0.0
2025-07-25T07:29:46.135827,huobi,115630.47,115630.48,0.001695,0.638097
2025-07-25T07:29:46.207611,phemex,1155703000,1155784000,0,20000
2025-07-25T07:29:46.234411,huobi,115630.0,115630.01,0.00021,0.129626
2025-07-25T07:29:46.246511,phemex,1155689000,1155775000,0,276076
2025-07-25T07:29:46.335291,huobi,115630.0,115630.01,0.00021,0.131516
2025-07-25T07:29:46.406904,phemex,1155646000,0.0,924,0.0
2025-07-25T07:29:46.507071,phemex,0.0,1155775000,0.0,321510
2025-07-25T07:29:46.534446,huobi,115630.0,115630.01,0.00021,0.142726
2025-07-25T07:29:46.747798,phemex,0.0,1155775000,0.0,303780
2025-07-25T07:29:46.828857,phemex,0.0,1155775000,0.0,321510
2025-07-25T07:29:46.833661,huobi,115630.0,115630.01,0.00021,0.14217699781622437
2025-07-25T07:29:46.983142,bitrue,115610.32,115610.33,0.2202,16.9162
2025-07-25T07:29:47.047872,phemex,0.0,1155775000,0.0,321502
2025-07-25T07:29:47.108035,phemex,0.0,1155775000,0.0,303772
2025-07-25T07:29:47.147987,phemex,0.0,1155775000,0.0,269116
2025-07-25T07:29:47.167995,phemex,0.0,1155775000,0.0,303772
2025-07-25T07:29:47.207991,phemex,0.0,1155775000,0.0,321502
2025-07-25T07:29:47.648934,phemex,0.0,1155775000,0.0,303772
2025-07-25T07:29:48.029132,bitrue,115599.09,115599.1,4.9402,14.5883
2025-07-25T07:29:48.329752,phemex,0.0,1155947000,0.0,212278
2025-07-25T07:29:48.489907,phemex,0.0,1155918000,0.0,2208
2025-07-25T07:29:49.734906,huobi,115630.0,115630.01,0.259658,0.05809799781622435
2025-07-25T07:29:49.835184,huobi,115630.0,115630.01,0.263968,0.05809799781622435
2025-07-25T07:29:49.934122,phemex,1155774000,1155784000,18975,0
2025-07-25T07:29:49.937484,phemex,1155774000,1155927000,86097,20000
2025-07-25T07:29:49.938159,phemex,1155507000,1155775000,23500,153772
2025-07-25T07:29:49.938999,phemex,1155774000,1155775000,19899,100889
2025-07-25T07:29:49.940009,phemex,1155774000,1155775000,20247,107963
2025-07-25T07:29:49.940597,phemex,0.0,1155959000,0.0,2172
2025-07-25T07:29:49.941536,phemex,1155739000,0.0,24711,0.0
2025-07-25T07:29:49.942052,phemex,1155659000,0.0,106,0.0
2025-07-25T07:29:49.992972,phemex,1155496000,1155891000,327,17730
2025-07-25T07:29:50.032115,phemex,0.0,1155938000,0.0,1
2025-07-25T07:29:50.034240,huobi,115630.0,115630.01,0.259658,0.3251689978162243
2025-07-25T07:29:50.072396,phemex,1155774000,0.0,2517,0.0
2025-07-25T07:29:50.112423,phemex,0.0,1156020000,0.0,370
2025-07-25T07:29:50.189543,bitrue,115599.09,115599.1,4.9402,14.5883
2025-07-25T07:29:50.412568,phemex,0.0,1156039000,0.0,62104
2025-07-25T07:29:50.532932,phemex,1155774000,0.0,2169,0.0
2025-07-25T07:29:50.733184,phemex,1155774000,0.0,1245,0.0
2025-07-25T07:29:51.113745,phemex,1155672000,0.0,925,0.0
2025-07-25T07:29:51.840307,phemex,1155753000,0.0,90384,0.0
2025-07-25T07:29:51.845928,phemex,1155659000,0.0,0,0.0
2025-07-25T07:29:51.847572,phemex,1155507000,0.0,16000,0.0
2025-07-25T07:29:52.280866,bitrue,115599.09,115599.1,4.9402,14.5883
2025-07-25T07:29:52.696340,phemex,1155507000,0.0,23500,0.0
2025-07-25T07:29:52.715963,phemex,1155659000,0.0,106,0.0
2025-07-25T07:29:53.305249,phemex,0.0,1155959000,0.0,0
2025-07-25T07:29:53.312021,phemex,0.0,1155775000,0.0,76713
2025-07-25T07:29:53.312264,phemex,0.0,1155775000,0.0,107958
2025-07-25T07:29:53.312998,phemex,1155507000,0.0,16000,0.0
2025-07-25T07:29:53.457023,phemex,1155658000,1155775000,0,125688
2025-07-25T07:29:53.476926,phemex,1155659000,0.0,0,0.0
2025-07-25T07:29:53.517105,phemex,0.0,1155775000,0.0,126035
2025-07-25T07:29:53.534121,huobi,115630.0,115630.01,0.00021,0.3251689978162243
2025-07-25T07:29:53.558367,phemex,1155658000,0.0,17730,0.0
2025-07-25T07:29:53.697505,phemex,1155460000,0.0,0,0.0
2025-07-25T07:29:53.759586,phemex,0.0,1155775000,0.0,108305
2025-07-25T07:29:54.158230,phemex,0.0,1155931000,0.0,0
2025-07-25T07:29:54.369849,bitrue,115599.09,115599.1,4.9402,14.5883
2025-07-25T07:29:54.607609,phemex,0.0,1155954000,0.0,2187
2025-07-25T07:29:54.659035,phemex,0.0,1155775000,0.0,108305
2025-07-25T07:29:54.682001,phemex,1155659000,0.0,106,0.0
2025-07-25T07:29:55.134261,huobi,115630.0,115630.01,0.00021,0.32507899781622435
2025-07-25T07:29:55.416657,bitrue,115599.09,115599.1,4.9402,14.5883
2025-07-25T07:29:55.500338,phemex,1155658000,1155775000,0,125522
2025-07-25T07:29:55.640526,phemex,1155658000,0.0,17217,0.0
2025-07-25T07:29:55.662279,phemex,0.0,1155775000,0.0,108305
2025-07-25T07:29:55.880991,phemex,1155659000,0.0,0,0.0
2025-07-25T07:29:55.901433,phemex,1155659000,0.0,90,0.0
2025-07-25T07:29:56.161325,phemex,1155658000,1155775000,0,125522
2025-07-25T07:29:56.460461,bitrue,115599.09,115599.1,4.9402,14.5883
2025-07-25T07:29:56.562030,phemex,1155658000,0.0,17217,0.0
2025-07-25T07:29:57.287478,phemex,1155658000,0.0,0,0.0
2025-07-25T07:29:57.291869,phemex,1155658000,1155775000,17217,108305
2025-07-25T07:29:57.292750,phemex,1155752000,0.0,0,0.0
2025-07-25T07:29:57.293902,phemex,1155659000,0.0,90,0.0
2025-07-25T07:29:57.295875,phemex,1155542000,0.0,20000,0.0
2025-07-25T07:29:57.384025,phemex,0.0,1155775000,0.0,125522
2025-07-25T07:29:57.403430,phemex,1155658000,0.0,0,0.0
2025-07-25T07:29:57.434841,huobi,115630.0,115630.01,0.00021,0.38876899781622437
2025-07-25T07:29:57.506070,bitrue,115599.09,115599.11,4.9402,0.0926
2025-07-25T07:29:57.643853,phemex,1155739000,0.0,0,0.0
2025-07-25T07:29:57.664246,phemex,1155628000,0.0,23967,0.0
2025-07-25T07:29:57.703953,phemex,0.0,1155954000,0.0,0
2025-07-25T07:29:57.765557,phemex,0.0,1156020000,0.0,0
2025-07-25T07:29:57.804227,phemex,0.0,1155810000,0.0,20000
2025-07-25T07:29:57.825121,phemex,0.0,1155981000,0.0,2207
2025-07-25T07:29:57.944519,phemex,1155659000,0.0,20090,0.0
2025-07-25T07:29:58.004553,phemex,0.0,1155875000,0.0,367
2025-07-25T07:29:58.126151,phemex,1155753000,0.0,0,0.0
2025-07-25T07:29:58.136389,huobi,115630.0,115630.01,0.00021,0.39997899781622437
2025-07-25T07:29:58.146758,phemex,1155708000,0.0,0,0.0
2025-07-25T07:29:58.164709,phemex,1155512000,0.0,44654,0.0
2025-07-25T07:29:58.185346,phemex,1155688000,0.0,0,0.0
2025-07-25T07:29:58.205281,phemex,1155659000,0.0,90,0.0
2025-07-25T07:29:58.236039,huobi,115630.0,115630.01,0.00021,0.40157899781622436
2025-07-25T07:29:58.245942,phemex,1155558000,1155775000,20000,290790
2025-07-25T07:29:58.265376,phemex,1155649000,1155833000,142636,25440
2025-07-25T07:29:58.285184,phemex,1155774000,1155775000,441,1183428
2025-07-25T07:29:58.305921,phemex,1155373000,1155775000,23967,1521873
2025-07-25T07:29:58.325413,phemex,1155774000,1155775000,320,1617062
2025-07-25T07:29:58.341232,huobi,115605.0,115610.01,0.00021,0.058608
2025-07-25T07:29:58.345830,phemex,1155774000,1155775000,0,1744990
2025-07-25T07:29:58.365304,phemex,1155736000,1155737000,0,24291
2025-07-25T07:29:58.385305,phemex,1155655000,1155656000,0,504798
2025-07-25T07:29:58.406090,phemex,1155615000,1155616000,0,17217
2025-07-25T07:29:58.426578,phemex,1155582000,1155583000,0,38275
2025-07-25T07:29:58.438229,huobi,115603.36,115603.37,0.10012200197755193,0.242918
2025-07-25T07:29:58.445446,phemex,1155574000,1155575000,0,185817
2025-07-25T07:29:58.466015,phemex,1155540000,1155541000,0,75614
2025-07-25T07:29:58.485562,phemex,1155534000,1155535000,0,119344
2025-07-25T07:29:58.506409,phemex,0.0,1155521000,0.0,67122
2025-07-25T07:29:58.527403,phemex,1155500000,1155521000,734,74196
2025-07-25T07:29:58.537691,huobi,115603.36,115603.37,0.06442200197755193,0.502425
2025-07-25T07:29:58.545470,phemex,1155427000,1155521000,925,163443
2025-07-25T07:29:58.550156,bitrue,115599.09,115599.1,4.9402,7.4531
2025-07-25T07:29:58.565908,phemex,1155520000,1155521000,0,299106
2025-07-25T07:29:58.585900,phemex,1155494000,1155495000,0,91413
2025-07-25T07:29:58.606330,phemex,0.0,1155473000,0.0,91413
2025-07-25T07:29:58.650362,phemex,1155472000,1155495000,0,0
2025-07-25T07:29:58.669612,phemex,1155290000,1155465000,21,91413
2025-07-25T07:29:58.706206,phemex,1155463000,1155465000,0,158890
2025-07-25T07:29:58.745923,phemex,1155464000,1155465000,0,259766
2025-07-25T07:29:58.786969,phemex,1155453000,1155454000,0,158535
2025-07-25T07:29:58.826753,phemex,0.0,1155437000,0.0,158535
2025-07-25T07:29:58.833335,huobi,115597.6,115597.61,0.008,0.378622
2025-07-25T07:29:58.886146,phemex,1155413000,1155454000,0,0
2025-07-25T07:29:58.926683,phemex,0.0,1155453000,0.0,0
2025-07-25T07:29:58.993320,phemex,0.0,1155520000,0.0,0
2025-07-25T07:29:58.994297,phemex,0.0,1155437000,0.0,954488
2025-07-25T07:29:59.031331,phemex,0.0,1155582000,0.0,0
2025-07-25T07:29:59.086395,phemex,0.0,1155437000,0.0,954843
2025-07-25T07:29:59.534937,huobi,115597.47,115597.48,0.00021,0.127987
2025-07-25T07:29:59.588537,phemex,1155436000,1155437000,0,1055719
2025-07-25T07:29:59.598086,bitrue,115595.81,115599.1,0.0035,7.4531
2025-07-25T07:29:59.607365,phemex,1155407000,1155408000,0,151461
2025-07-25T07:29:59.627509,phemex,1155292000,1155405000,0,176930
2025-07-25T07:29:59.634818,huobi,115597.47,115597.48,0.00176,0.438183
2025-07-25T07:29:59.668413,phemex,1155396000,1155405000,0,890189
2025-07-25T07:29:59.727456,phemex,0.0,1155405000,0.0,899842
2025-07-25T07:29:59.767549,phemex,0.0,1155405000,0.0,925804
2025-07-25T07:29:59.827732,phemex,1155236000,1155405000,20000,938580
2025-07-25T07:29:59.988258,phemex,1155385000,0.0,0,0.0
2025-07-25T07:30:00.008289,phemex,1155404000,1155405000,0,1039456
2025-07-25T07:30:00.028214,phemex,1155252000,1155377000,0,158535
2025-07-25T07:30:00.044567,huobi,115570.0,115570.01,0.260325,0.01132
2025-07-25T07:30:00.048003,phemex,1155376000,1155377000,0,259411
2025-07-25T07:30:00.068497,phemex,1155372000,1155373000,0,17217
2025-07-25T07:30:00.090342,phemex,0.0,1155360000,0.0,134244
2025-07-25T07:30:00.108583,phemex,1155359000,1155360000,0,141318
2025-07-25T07:30:00.128289,phemex,1155236000,1155340000,0,134244
2025-07-25T07:30:00.136969,huobi,115570.0,115570.01,0.264635,0.005632
2025-07-25T07:30:00.168310,phemex,1155331000,1155340000,0,141318
2025-07-25T07:30:00.236125,huobi,115570.0,115570.01,0.535991,0.005632
2025-07-25T07:30:00.334449,phemex,1155339000,1155405000,1589,1286
2025-07-25T07:30:00.335633,huobi,115570.0,115570.01,0.537817,0.005632
2025-07-25T07:30:00.418350,phemex,0.0,1155340000,0.0,141673
2025-07-25T07:30:00.429072,phemex,1155339000,0.0,925,0.0
2025-07-25T07:30:00.435250,huobi,115570.0,115570.01,0.687077,0.005632
2025-07-25T07:30:00.439040,phemex,1155339000,1155523000,0,2189
2025-07-25T07:30:00.447698,phemex,1155332000,1155340000,0,134599
2025-07-25T07:30:00.459653,phemex,0.0,1155354000,0.0,7074
2025-07-25T07:30:00.494577,phemex,0.0,1155648000,0.0,0
2025-07-25T07:30:00.635645,huobi,115570.0,115570.01,0.537817,0.001632000346110553
2025-07-25T07:30:00.646215,bitrue,115568.8,115568.81,0.0049,12.4927
2025-07-25T07:30:00.736014,huobi,115570.0,115570.01,0.537817,0.000632000432638192
2025-07-25T07:30:01.034170,phemex,1155319000,1155354000,0,0
2025-07-25T07:30:01.043052,phemex,1155339000,1155348000,925,7074
2025-07-25T07:30:01.044084,phemex,0.0,1155340000,0.0,355
2025-07-25T07:30:01.045950,phemex,0.0,1155405000,0.0,0
2025-07-25T07:30:01.047497,phemex,0.0,1155506000,0.0,0
2025-07-25T07:30:01.049097,phemex,1155339000,1155340000,18142,16457
2025-07-25T07:30:01.050371,phemex,0.0,1155340000,0.0,16102
2025-07-25T07:30:01.051590,phemex,1155339000,0.0,925,0.0
2025-07-25T07:30:01.070176,phemex,1155339000,1155348000,0,0
2025-07-25T07:30:01.110037,phemex,1155339000,1155340000,924,23176
2025-07-25T07:30:01.136106,huobi,115570.0,115570.01,0.667538,0.000632000432638192
2025-07-25T07:30:01.150361,phemex,1155339000,1155340000,0,23176
2025-07-25T07:30:01.192106,phemex,1155327000,1155328000,621,134244
2025-07-25T07:30:01.231222,phemex,1155327000,1155328000,0,158535
2025-07-25T07:30:01.237454,huobi,115570.0,115570.01,0.669407,0.000632000432638192
2025-07-25T07:30:01.290766,phemex,1155293000,1155306000,143376,158535
2025-07-25T07:30:01.330464,phemex,0.0,1155328000,0.0,355
2025-07-25T07:30:01.337708,huobi,115570.0,115570.01,0.461741,0.000632000432638192
2025-07-25T07:30:01.370716,phemex,0.0,1155328000,0.0,0
2025-07-25T07:30:01.439488,huobi,115583.41,115583.42,0.00865,0.266352
2025-07-25T07:30:01.510844,phemex,1155044000,0.0,3378,0.0
2025-07-25T07:30:01.535938,huobi,115583.41,115583.42,0.00865,0.265241
2025-07-25T07:30:01.571584,phemex,0.0,1155306000,0.0,158890
2025-07-25T07:30:01.692415,bitrue,115564.07,115564.08,0.0002,11.932
2025-07-25T07:30:01.735496,huobi,115583.41,115583.42,0.00865,0.2649780609127157
2025-07-25T07:30:01.835199,huobi,115579.3,115579.31,0.001821,0.013989
2025-07-25T07:30:01.891741,phemex,1155049000,0.0,1,0.0
2025-07-25T07:30:02.134557,huobi,115579.3,115579.31,0.005475,0.058651
2025-07-25T07:30:02.234687,huobi,115579.3,115579.31,0.001821,0.061342
2025-07-25T07:30:02.463938,phemex,0.0,1155306000,0.0,141673
2025-07-25T07:30:02.473479,phemex,0.0,1155306000,0.0,158890
2025-07-25T07:30:02.480955,phemex,1155044000,0.0,0,0.0
2025-07-25T07:30:02.535616,huobi,115570.47,115570.48,0.008651,0.003534
2025-07-25T07:30:02.635005,huobi,115570.47,115570.48,0.26465,0.000843
2025-07-25T07:30:02.646069,phemex,1155033000,0.0,7500,0.0
2025-07-25T07:30:02.834926,huobi,115570.47,115570.48,0.266506,0.000843
2025-07-25T07:30:03.235690,huobi,115570.47,115570.48,0.537862,0.000843
2025-07-25T07:30:03.252707,phemex,0.0,1155306000,0.0,141673
2025-07-25T07:30:03.261522,phemex,0.0,1155306000,0.0,7429
2025-07-25T07:30:03.263677,phemex,1155305000,0.0,1493,0.0
2025-07-25T07:30:03.264528,phemex,0.0,1155306000,0.0,24646
2025-07-25T07:30:03.266346,phemex,1155033000,0.0,0,0.0
2025-07-25T07:30:03.266967,phemex,0.0,1155306000,0.0,7074
2025-07-25T07:30:03.268888,phemex,1155305000,1155306000,18710,0
2025-07-25T07:30:03.268928,phemex,1155307000,1155341000,17217,949
2025-07-25T07:30:03.269639,phemex,1155307000,1155340000,0,107950
2025-07-25T07:30:03.271032,phemex,1154994000,1155325000,17217,134244
2025-07-25T07:30:03.274368,phemex,1155118000,1155339000,0,100876
2025-07-25T07:30:03.314282,phemex,1154970000,1155306000,20000,7074
2025-07-25T07:30:03.335407,huobi,115583.14,115583.15,0.264606,0.001867
2025-07-25T07:30:03.354814,phemex,1155281000,1155320000,924,11551
2025-07-25T07:30:03.397868,phemex,0.0,1155320000,0.0,0
2025-07-25T07:30:03.434011,huobi,115583.14,115583.15,0.264606,0.26142
2025-07-25T07:30:03.454661,phemex,0.0,1155306000,0.0,7429
2025-07-25T07:30:03.675087,phemex,1155281000,0.0,0,0.0
2025-07-25T07:30:03.733866,huobi,115583.14,115583.15,0.264096,0.26142
2025-07-25T07:30:03.736184,phemex,1155305000,0.0,1493,0.0
2025-07-25T07:30:03.775956,phemex,1155305000,0.0,924,0.0
2025-07-25T07:30:03.796350,bitrue,115560.0,115564.08,0.2193,11.932
2025-07-25T07:30:03.835412,phemex,1155305000,1155306000,0,10520
2025-07-25T07:30:03.875540,phemex,0.0,1155305000,0.0,7074
2025-07-25T07:30:03.879078,huobi,115583.14,115583.15,0.264096,0.264111
2025-07-25T07:30:03.915815,phemex,0.0,1155306000,0.0,355
2025-07-25T07:30:03.955545,phemex,1155194000,1155300000,20000,2640
2025-07-25T07:30:03.975642,phemex,1155299000,0.0,924,0.0
2025-07-25T07:30:04.015672,phemex,1155255000,0.0,152034,0.0
2025-07-25T07:30:04.055826,phemex,0.0,1155300000,0.0,19857
2025-07-25T07:30:04.075870,phemex,1155299000,1155294000,0,7074
2025-07-25T07:30:04.097348,phemex,1155288000,1155294000,0,186445
2025-07-25T07:30:04.115985,phemex,1155066000,0.0,924,0.0
2025-07-25T07:30:04.136120,huobi,115577.95,115577.96,0.001951,0.261977
2025-07-25T07:30:04.157177,phemex,1155194000,1155294000,0,169583
2025-07-25T07:30:04.176838,phemex,0.0,1155538000,0.0,20000
2025-07-25T07:30:04.216063,phemex,1155177000,1155294000,0,336800
2025-07-25T07:30:04.239951,huobi,115573.95,115573.96,0.248691,0.05269
2025-07-25T07:30:04.257545,phemex,1155177000,1155294000,17217,420459
2025-07-25T07:30:04.335367,huobi,115573.95,115573.96,0.248691,0.05463
2025-07-25T07:30:04.357890,phemex,1155293000,1155294000,19109,286215
2025-07-25T07:30:04.396455,phemex,0.0,1155533000,0.0,1
2025-07-25T07:30:04.435062,huobi,115573.95,115573.96,0.255999,0.00194
2025-07-25T07:30:04.476481,phemex,0.0,1155481000,0.0,367
2025-07-25T07:30:04.537276,huobi,115573.95,115573.96,0.247338,0.004631
2025-07-25T07:30:04.576878,phemex,1155293000,0.0,1892,0.0
2025-07-25T07:30:04.635001,huobi,115573.95,115573.96,0.247338,0.00194
2025-07-25T07:30:04.637175,phemex,0.0,1155500000,0.0,62337
2025-07-25T07:30:04.677082,phemex,1155293000,1155300000,19072,0
2025-07-25T07:30:04.850206,bitrue,115560.0,115560.01,0.2193,16.4188
2025-07-25T07:30:04.934979,huobi,115573.95,115573.96,0.30597,0.00194
2025-07-25T07:30:05.117448,phemex,0.0,1155324000,0.0,0
2025-07-25T07:30:05.178163,phemex,1155105000,1155506000,20000,16000
2025-07-25T07:30:05.378222,phemex,0.0,1155493000,0.0,1
2025-07-25T07:30:05.558144,phemex,1155293000,1155416000,1892,20000
2025-07-25T07:30:05.678385,phemex,1155293000,0.0,19072,0.0
2025-07-25T07:30:05.898286,bitrue,115543.67,115564.48,13.3292,0.0001
2025-07-25T07:30:06.099116,phemex,1155293000,0.0,18148,0.0
2025-07-25T07:30:06.334224,huobi,115574.99,115575.0,0.30597,0.00011
2025-07-25T07:30:06.361344,phemex,0.0,1155521000,0.0,0
2025-07-25T07:30:06.381682,phemex,1155293000,1155294000,19073,0
2025-07-25T07:30:06.422214,phemex,1155340000,1155341000,150542,0
2025-07-25T07:30:06.452693,huobi,115574.99,115575.0,0.52052,0.00011
2025-07-25T07:30:06.482127,phemex,1155368000,1155369000,84302,626
2025-07-25T07:30:06.501605,phemex,1155340000,1155369000,0,0
2025-07-25T07:30:06.522347,phemex,1155369000,1155416000,925,0
2025-07-25T07:30:06.536078,huobi,115578.94,115578.95,0.546125,0.00011
2025-07-25T07:30:06.634237,huobi,115578.94,115578.95,0.539063,0.00011
2025-07-25T07:30:06.967003,phemex,1155406000,1155409000,84302,0
2025-07-25T07:30:06.972666,phemex,1155406000,1155506000,85227,0
2025-07-25T07:30:06.972717,phemex,0.0,1155419000,0.0,0
2025-07-25T07:30:06.973467,phemex,1155406000,1155407000,18105,14008
2025-07-25T07:30:06.974134,phemex,1155071000,0.0,327,0.0
2025-07-25T07:30:06.974835,phemex,1155061000,0.0,17180,0.0
2025-07-25T07:30:06.975320,phemex,0.0,1155523000,0.0,19369
2025-07-25T07:30:06.976004,phemex,0.0,1155657000,0.0,367
2025-07-25T07:30:06.976818,phemex,1155406000,0.0,925,0.0
2025-07-25T07:30:06.977235,phemex,1155406000,1155406000,0,7074
2025-07-25T07:30:06.977273,phemex,1155342000,0.0,17180,0.0
2025-07-25T07:30:06.977900,phemex,1155295000,0.0,0,0.0
2025-07-25T07:30:07.002913,phemex,1155342000,0.0,18105,0.0
2025-07-25T07:30:07.042897,phemex,1155374000,0.0,17180,0.0
2025-07-25T07:30:07.085303,phemex,0.0,1155406000,0.0,7074
2025-07-25T07:30:07.142980,phemex,0.0,1155375000,0.0,7074
2025-07-25T07:30:07.183688,phemex,1155285000,1155375000,20000,0
2025-07-25T07:30:07.223106,phemex,1155375000,1155406000,925,0
2025-07-25T07:30:07.237692,huobi,115578.94,115578.95,0.895989,0.00011
2025-07-25T07:30:07.263540,phemex,1155406000,1155407000,17180,6934
2025-07-25T07:30:07.303189,phemex,1155275000,1155407000,16000,14008
2025-07-25T07:30:07.435039,huobi,115578.94,115578.95,0.895989,1.9999719672138e-05
2025-07-25T07:30:07.563587,phemex,1155406000,0.0,18105,0.0
2025-07-25T07:30:07.703906,phemex,0.0,1155427000,0.0,0
2025-07-25T07:30:07.735578,huobi,115583.31,115585.0,0.00865,0.00021
2025-07-25T07:30:07.743948,phemex,0.0,1155767000,0.0,17180
2025-07-25T07:30:07.764862,phemex,0.0,1155583000,0.0,0
2025-07-25T07:30:07.824501,phemex,0.0,1155457000,0.0,0
2025-07-25T07:30:07.836086,huobi,115584.99,115585.0,0.509149,0.00021
2025-07-25T07:30:07.844179,phemex,1155285000,1155460000,0,0
2025-07-25T07:30:07.884618,phemex,1155406000,1155523000,19018,0
2025-07-25T07:30:07.904288,phemex,1155406000,1155407000,152915,0
2025-07-25T07:30:07.935076,huobi,115584.99,115585.0,0.553742,1e-05
2025-07-25T07:30:07.946027,phemex,1155451000,1155480000,151467,0
2025-07-25T07:30:07.992367,bitrue,115000.0,115564.48,1.001,0.0001
2025-07-25T07:30:07.994118,phemex,1155406000,1155525000,1830,0
2025-07-25T07:30:08.006489,phemex,1155451000,1155510000,152460,0
2025-07-25T07:30:08.012150,phemex,1155451000,1155452000,152460,1
2025-07-25T07:30:08.014751,phemex,0.0,1155810000,0.0,2187
2025-07-25T07:30:08.025313,phemex,1155451000,0.0,152787,0.0
2025-07-25T07:30:08.035121,huobi,115594.99,115595.0,0.302259,0.00021
2025-07-25T07:30:08.066366,phemex,1155451000,1155533000,152914,0
2025-07-25T07:30:08.085566,phemex,0.0,1155538000,0.0,0
2025-07-25T07:30:08.126753,phemex,0.0,1155634000,0.0,995
2025-07-25T07:30:08.139185,huobi,115594.99,115595.0,0.305913,0.00021
2025-07-25T07:30:08.165127,phemex,1155071000,1155657000,0,0
2025-07-25T07:30:08.185374,phemex,0.0,1155607000,0.0,0
2025-07-25T07:30:08.225429,phemex,0.0,1155609000,0.0,0
2025-07-25T07:30:08.236319,huobi,115594.99,115597.47,0.300205,5.1e-05
2025-07-25T07:30:08.266973,phemex,1155451000,1155632000,153297,0
2025-07-25T07:30:08.306088,phemex,0.0,1155634000,0.0,0
2025-07-25T07:30:08.334469,huobi,115599.99,115600.0,0.431684,8.1e-05
2025-07-25T07:30:08.435725,huobi,115604.99,115605.0,0.37161,0.00021
2025-07-25T07:30:08.537020,huobi,115609.99,115610.0,0.369565,0.00021
2025-07-25T07:30:08.636191,huobi,115609.99,115610.0,0.370374,3e-05
2025-07-25T07:30:08.750474,phemex,0.0,1155766000,0.0,0
2025-07-25T07:30:08.755001,phemex,0.0,1155649000,0.0,0
2025-07-25T07:30:08.756514,phemex,1155451000,1155693000,170931,2187
2025-07-25T07:30:08.757223,phemex,1155451000,0.0,185931,0.0
2025-07-25T07:30:09.044052,bitrue,115557.67,115557.68,29.1423,1.4634
2025-07-25T07:30:09.107222,phemex,0.0,1155684000,0.0,0
2025-07-25T07:30:09.126957,phemex,0.0,1155844000,0.0,6914
2025-07-25T07:30:09.187868,phemex,1155408000,1155641000,20000,0
2025-07-25T07:30:09.227484,phemex,1155275000,1155646000,16000,0
2025-07-25T07:30:09.267646,phemex,1155365000,1155648000,7500,0
2025-07-25T07:30:09.287280,phemex,1155369000,1155690000,7500,0
2025-07-25T07:30:09.307304,phemex,0.0,1155638000,0.0,0
2025-07-25T07:30:09.337983,huobi,115614.99,115615.0,0.411902,0.00021
2025-07-25T07:30:09.347402,phemex,1155451000,1155709000,200931,7074
2025-07-25T07:30:09.387421,phemex,0.0,1155706000,0.0,0
2025-07-25T07:30:09.428907,phemex,0.0,1155762000,0.0,0
2025-07-25T07:30:09.434357,huobi,115619.99,115620.0,0.362218,0.00021
2025-07-25T07:30:09.467812,phemex,1155451000,1155776000,275931,1
2025-07-25T07:30:09.507903,phemex,1155451000,1155452000,290931,0
2025-07-25T07:30:09.532456,phemex,1155572000,1155573000,154287,0
2025-07-25T07:30:09.535510,huobi,115619.99,115620.0,0.375015,1e-05
2025-07-25T07:30:09.548801,phemex,1155708000,1155909000,67122,130164
2025-07-25T07:30:09.568609,phemex,1155734000,1155709000,925,0
2025-07-25T07:30:09.588515,phemex,1155774000,1155776000,18105,0
2025-07-25T07:30:09.608081,phemex,1155774000,0.0,17180,0.0
2025-07-25T07:30:09.634728,huobi,115624.99,115625.0,0.369511,0.00076
2025-07-25T07:30:09.648489,phemex,1155758000,1156148000,925,17180
2025-07-25T07:30:09.688367,phemex,1155572000,1155775000,87122,14007
2025-07-25T07:30:09.728299,phemex,1155774000,0.0,18105,0.0
2025-07-25T07:30:09.768517,phemex,1155774000,0.0,84345,0.0
2025-07-25T07:30:09.808573,phemex,1155708000,1156093000,1182,49636
2025-07-25T07:30:09.868630,phemex,1155774000,0.0,151850,0.0
2025-07-25T07:30:09.928772,phemex,1155736000,0.0,20000,0.0
2025-07-25T07:30:09.969144,phemex,1155572000,1155888000,0,20000
2025-07-25T07:30:10.091951,bitrue,115586.63,115586.64,24.5264,2.5241
2025-07-25T07:30:10.134252,huobi,115624.99,115625.0,0.518771,0.00076
2025-07-25T07:30:10.493576,phemex,1155774000,0.0,85610,0.0
2025-07-25T07:30:10.497213,phemex,0.0,1155908000,0.0,0
2025-07-25T07:30:10.498916,phemex,1155738000,0.0,8000,0.0
2025-07-25T07:30:10.529596,phemex,1155774000,1155833000,85695,0
2025-07-25T07:30:10.569556,phemex,1155774000,0.0,86349,0.0
2025-07-25T07:30:10.609620,phemex,0.0,1155888000,0.0,0
2025-07-25T07:30:10.709823,phemex,0.0,1155932000,0.0,890
2025-07-25T07:30:10.749814,phemex,0.0,1155885000,0.0,895
2025-07-25T07:30:10.930389,phemex,1155774000,0.0,86612,0.0
2025-07-25T07:30:10.934300,huobi,115624.99,115625.0,0.726437,0.00076
2025-07-25T07:30:11.130726,phemex,0.0,1155855000,0.0,0
2025-07-25T07:30:11.135704,huobi,115624.99,115630.0,0.577177,0.00021
2025-07-25T07:30:11.150699,phemex,1155774000,1155874000,86770,0
2025-07-25T07:30:11.170585,phemex,1155774000,1155775000,86925,6933
2025-07-25T07:30:11.210605,phemex,1155774000,1155775000,87071,0
2025-07-25T07:30:11.231566,phemex,1155815000,1155816000,151466,0
2025-07-25T07:30:11.233632,huobi,115634.99,115635.0,0.297159,0.00021
2025-07-25T07:30:11.250772,phemex,1155895000,1156118000,150542,2205
2025-07-25T07:30:11.270690,phemex,1155444000,0.0,24163,0.0
2025-07-25T07:30:11.310898,phemex,1155815000,0.0,0,0.0
2025-07-25T07:30:11.333524,huobi,115634.99,115635.0,0.300915,0.00021
2025-07-25T07:30:11.350702,phemex,1155895000,0.0,151466,0.0
2025-07-25T07:30:11.391036,phemex,1155895000,1155896000,924,14010
2025-07-25T07:30:11.434654,huobi,115634.99,115635.0,0.053756,0.262337
2025-07-25T07:30:11.451003,phemex,1155895000,1155896000,0,482948
2025-07-25T07:30:11.491729,phemex,0.0,1155895000,0.0,7074
2025-07-25T07:30:11.511077,phemex,1155792000,1155895000,17180,84274
2025-07-25T07:30:11.531461,phemex,1155793000,1155894000,924,156683
2025-07-25T07:30:11.551400,phemex,1155794000,1155851000,17180,134244
2025-07-25T07:30:11.591863,phemex,1155793000,1155893000,0,49191
2025-07-25T07:30:11.632223,phemex,1155795000,1155851000,924,7074
2025-07-25T07:30:11.671469,phemex,1155835000,1155851000,67122,0
2025-07-25T07:30:11.691932,phemex,0.0,1155896000,0.0,21936
2025-07-25T07:30:11.731602,phemex,1155836000,1155894000,924,7074
2025-07-25T07:30:11.771707,phemex,1155836000,1155893000,0,385859
2025-07-25T07:30:11.831848,phemex,1155825000,1155890000,0,17180
2025-07-25T07:30:11.852292,phemex,1155407000,1155889000,24819,7074
2025-07-25T07:30:11.872703,phemex,1155795000,1155889000,67122,125085
2025-07-25T07:30:11.992136,phemex,1155789000,1155836000,0,355
2025-07-25T07:30:12.012303,phemex,0.0,1155878000,0.0,67122
2025-07-25T07:30:12.032923,phemex,1155796000,1155878000,924,0
2025-07-25T07:30:12.072207,phemex,1155795000,1155835000,0,7074
2025-07-25T07:30:12.092228,phemex,0.0,1156038000,0.0,0
2025-07-25T07:30:12.188085,bitrue,115602.49,115602.5,29.2556,1.1413
2025-07-25T07:30:12.234364,huobi,115634.99,115635.0,0.053756,0.25455388935011025
2025-07-25T07:30:12.334697,huobi,115634.99,115635.0,0.003756,0.3260428893501103
2025-07-25T07:30:12.513774,phemex,1155796000,1155836000,0,0
2025-07-25T07:30:12.519728,phemex,1155789000,1155835000,0,0
2025-07-25T07:30:12.521661,phemex,1155764000,1155789000,924,7074
2025-07-25T07:30:12.522862,phemex,1155789000,1155789000,924,0
2025-07-25T07:30:12.523846,phemex,1155793000,1155843000,88388,134244
2025-07-25T07:30:12.524652,phemex,1155789000,1155794000,0,134244
2025-07-25T07:30:12.525384,phemex,1155793000,1155794000,0,141318
2025-07-25T07:30:12.526065,phemex,1155438000,1155789000,0,207546
2025-07-25T07:30:12.527272,phemex,0.0,1155789000,0.0,207901
2025-07-25T07:30:12.527601,phemex,1155783000,1155789000,0,242549
2025-07-25T07:30:12.528453,phemex,1155788000,1155789000,0,258651
2025-07-25T07:30:12.530094,phemex,1155780000,1155781000,0,158498
2025-07-25T07:30:12.530131,phemex,1155745000,1155746000,0,175966
2025-07-25T07:30:12.533222,huobi,115634.99,115635.0,0.003756,0.32961188935011027
2025-07-25T07:30:12.533799,phemex,0.0,1155780000,0.0,0
2025-07-25T07:30:12.573696,phemex,1155738000,1155739000,0,134244
2025-07-25T07:30:12.593988,phemex,1155732000,1155737000,0,141318
2025-07-25T07:30:12.614168,phemex,0.0,1155739000,0.0,0
2025-07-25T07:30:12.653205,phemex,1155736000,1155855000,0,17180
2025-07-25T07:30:12.693618,phemex,1155598000,1155737000,20000,134244
2025-07-25T07:30:12.733581,huobi,115634.99,115635.0,0.003756,0.47887188935011027
2025-07-25T07:30:12.753926,phemex,1155723000,1155737000,17180,67122
2025-07-25T07:30:12.793874,phemex,1155736000,1155737000,67122,0
2025-07-25T07:30:12.833639,phemex,1155737000,1155758000,924,100876
2025-07-25T07:30:12.834336,huobi,115634.99,115635.0,0.003233,0.32961188935011027
2025-07-25T07:30:12.873911,phemex,1155737000,1155737000,0,7074
2025-07-25T07:30:12.913984,phemex,1155719000,1155737000,1912,0
2025-07-25T07:30:12.934263,huobi,115625.13,115625.14,0.001848,0.061338
2025-07-25T07:30:12.953959,phemex,1155724000,1155756000,924,100876
2025-07-25T07:30:13.014183,phemex,1155724000,1155755000,0,7074
2025-07-25T07:30:13.054063,phemex,1155723000,1155755000,924,73302
2025-07-25T07:30:13.074005,phemex,0.0,1155754000,0.0,7074
2025-07-25T07:30:13.114165,phemex,0.0,1155754000,0.0,41722
2025-07-25T07:30:13.135661,huobi,115625.13,115625.14,0.005081,0.061338
2025-07-25T07:30:13.154224,phemex,1155725000,1155753000,17180,66228
2025-07-25T07:30:13.194455,phemex,1155727000,1155754000,67122,7074
2025-07-25T07:30:13.234948,huobi,115625.13,115625.14,0.259839,0.061338
2025-07-25T07:30:13.236215,phemex,1155752000,0.0,133362,0.0
2025-07-25T07:30:13.254403,phemex,1155727000,0.0,924,0.0
2025-07-25T07:30:13.303714,phemex,1155752000,1156129000,151466,6957
2025-07-25T07:30:13.335147,phemex,0.0,1155753000,0.0,107950
2025-07-25T07:30:13.354824,phemex,1155752000,0.0,85226,0.0
2025-07-25T07:30:13.414578,phemex,0.0,1155811000,0.0,0
2025-07-25T07:30:13.534975,phemex,1155752000,0.0,68046,0.0
2025-07-25T07:30:13.535332,huobi,115625.13,115625.14,0.252531,0.061338
2025-07-25T07:30:13.595019,phemex,0.0,1155869000,0.0,17180
2025-07-25T07:30:13.633352,huobi,115625.13,115625.14,0.00075,0.061338
2025-07-25T07:30:13.655554,phemex,1155752000,0.0,85226,0.0
2025-07-25T07:30:13.696128,phemex,0.0,1155869000,0.0,0
2025-07-25T07:30:13.933713,huobi,115625.13,115625.14,0.008058,0.061338
2025-07-25T07:30:14.266492,phemex,0.0,1155869000,0.0,17180
2025-07-25T07:30:14.275758,bitrue,115604.0,115604.01,0.9744,20.2967
2025-07-25T07:30:14.357710,phemex,1155752000,0.0,18104,0.0
2025-07-25T07:30:14.376442,phemex,1155494000,1155869000,1,0
2025-07-25T07:30:14.433871,huobi,115625.13,115625.14,0.306097,0.05
2025-07-25T07:30:14.436356,phemex,1155752000,1155753000,151467,7074
2025-07-25T07:30:14.456425,phemex,1155752000,1155812000,150543,0
2025-07-25T07:30:14.517449,phemex,1155773000,1155753000,924,0
2025-07-25T07:30:14.534150,huobi,115631.64,115631.65,0.256097,0.004342
2025-07-25T07:30:14.536638,phemex,1155773000,0.0,67165,0.0
2025-07-25T07:30:14.576733,phemex,1155773000,1155950000,151467,103329
2025-07-25T07:30:14.633773,huobi,115631.64,115631.65,0.341723,0.001651
2025-07-25T07:30:14.676875,phemex,1155752000,1156150000,89,61418
2025-07-25T07:30:14.733830,huobi,115631.64,115631.65,0.405413,0.001651
2025-07-25T07:30:14.737104,phemex,0.0,1156110000,0.0,367
2025-07-25T07:30:14.797598,phemex,1155424000,0.0,327,0.0
2025-07-25T07:30:14.835267,huobi,115631.64,115631.65,0.334415,0.263786
2025-07-25T07:30:14.919973,phemex,1155773000,0.0,151850,0.0
2025-07-25T07:30:14.934712,huobi,115631.64,115631.65,0.341723,0.004342
2025-07-25T07:30:15.034667,huobi,115631.64,115631.65,0.341723,0.001651
2025-07-25T07:30:15.234484,huobi,115631.64,115631.65,0.341723,0.261095
2025-07-25T07:30:15.319390,bitrue,115604.0,115604.01,0.9744,20.2967
2025-07-25T07:30:15.333605,huobi,115631.64,115631.65,0.334415,0.263786
2025-07-25T07:30:15.534050,huobi,115631.64,115631.65,0.009396,0.2636960363092631
2025-07-25T07:30:15.597951,phemex,1155574000,0.0,1,0.0
2025-07-25T07:30:15.598842,phemex,1155691000,0.0,4962,0.0
2025-07-25T07:30:15.600198,phemex,1155773000,0.0,85609,0.0
2025-07-25T07:30:15.600876,phemex,1155773000,0.0,18487,0.0
2025-07-25T07:30:15.601414,phemex,1155773000,1155774000,1307,14010
2025-07-25T07:30:15.602260,phemex,0.0,1155890000,0.0,77200
2025-07-25T07:30:15.602845,phemex,0.0,1155890000,0.0,94483
2025-07-25T07:30:15.618675,phemex,1155773000,0.0,924,0.0
2025-07-25T07:30:15.634999,huobi,115631.64,115631.65,0.009396,0.26351603630926307
2025-07-25T07:30:15.639352,phemex,1155773000,0.0,0,0.0
2025-07-25T07:30:16.039979,phemex,1155753000,1155773000,924,7074
2025-07-25T07:30:16.045238,phemex,1155747000,1155754000,39940,134244
2025-07-25T07:30:16.046524,phemex,1155747000,0.0,0,0.0
2025-07-25T07:30:16.048120,phemex,1155752000,1155754000,0,211444
2025-07-25T07:30:16.049834,phemex,1155738000,0.0,0,0.0
2025-07-25T07:30:16.050872,phemex,0.0,1155754000,0.0,77200
2025-07-25T07:30:16.050917,phemex,1155424000,1155754000,0,77555
2025-07-25T07:30:16.280727,phemex,0.0,1155946000,0.0,367
2025-07-25T07:30:16.363523,bitrue,115604.0,115604.01,0.9744,20.2967
2025-07-25T07:30:16.420711,phemex,1155753000,1155753000,0,7074
2025-07-25T07:30:16.460112,phemex,1155639000,1155726000,153121,7074
2025-07-25T07:30:16.500739,phemex,1155520000,1155726000,0,7074
2025-07-25T07:30:16.560274,phemex,1155725000,0.0,0,0.0
2025-07-25T07:30:16.600950,phemex,0.0,1155723000,0.0,141318
2025-07-25T07:30:16.634034,huobi,115631.64,115631.65,0.000749,0.26351603630926307
2025-07-25T07:30:16.642245,phemex,1155720000,1155723000,0,134244
2025-07-25T07:30:16.681201,phemex,1155672000,1155723000,924,141318
2025-07-25T07:30:16.734173,huobi,115631.64,115631.65,0.000749,0.26333603630926306
2025-07-25T07:30:16.741134,phemex,0.0,1155723000,0.0,141673
2025-07-25T07:30:16.780654,phemex,0.0,1155976000,0.0,2158
2025-07-25T07:30:16.860974,phemex,1155722000,0.0,983,0.0
2025-07-25T07:30:16.901741,phemex,1155722000,0.0,1966,0.0
2025-07-25T07:30:16.997147,phemex,0.0,1155723000,0.0,7429
2025-07-25T07:30:17.021295,phemex,1155722000,0.0,2890,0.0
2025-07-25T07:30:17.061316,phemex,1155672000,0.0,0,0.0
2025-07-25T07:30:17.141848,phemex,1155722000,0.0,1926,0.0
2025-07-25T07:30:17.181467,phemex,0.0,1155723000,0.0,141673
2025-07-25T07:30:17.734586,huobi,115631.64,115631.65,0.000749,0.41259603630926306
2025-07-25T07:30:17.834706,huobi,115631.64,115631.65,0.000749,0.003892036309263079
2025-07-25T07:30:17.879767,phemex,0.0,1155816000,0.0,1
2025-07-25T07:30:17.885756,phemex,0.0,1155723000,0.0,132501
2025-07-25T07:30:17.885830,phemex,1155722000,1155723000,1002,140499
2025-07-25T07:30:17.887262,phemex,0.0,1155737000,0.0,8000
2025-07-25T07:30:17.888468,phemex,0.0,1155723000,0.0,140854
2025-07-25T07:30:17.888507,phemex,0.0,1155723000,0.0,158137
2025-07-25T07:30:17.923093,phemex,1155722000,0.0,983,0.0
2025-07-25T07:30:17.962578,phemex,0.0,1155723000,0.0,140854
2025-07-25T07:30:18.002729,phemex,0.0,1155723000,0.0,156956
2025-07-25T07:30:18.043111,phemex,1155573000,0.0,15000,0.0
2025-07-25T07:30:18.203358,phemex,0.0,1155723000,0.0,174239
2025-07-25T07:30:18.243073,phemex,1155414000,1155856000,25530,25458
2025-07-25T07:30:18.303866,phemex,1155721000,0.0,0,0.0
2025-07-25T07:30:18.323212,phemex,1155719000,1155723000,0,356398
2025-07-25T07:30:18.343156,phemex,0.0,1155723000,0.0,401263
2025-07-25T07:30:18.383170,phemex,1155608000,1155774000,0,6936
2025-07-25T07:30:18.423411,phemex,1155615000,1155737000,1,0
2025-07-25T07:30:18.436103,huobi,115631.64,115631.65,0.000749,0.005492036309263079
2025-07-25T07:30:18.445437,phemex,1155695000,0.0,0,0.0
2025-07-25T07:30:18.453303,bitrue,115604.0,115604.01,0.9744,20.2967
2025-07-25T07:30:18.483448,phemex,1155545000,1155723000,0,551263
2025-07-25T07:30:18.523626,phemex,1155456000,1155723000,12,612681
2025-07-25T07:30:18.534968,huobi,115615.0,115615.01,0.000959,0.324334
2025-07-25T07:30:18.564832,phemex,1155668000,1155723000,0,652681
2025-07-25T07:30:18.623885,phemex,1155639000,1155792000,0,367
2025-07-25T07:30:18.635282,huobi,115615.0,115615.01,0.00021,0.574969
2025-07-25T07:30:18.644741,phemex,1155596000,0.0,0,0.0
2025-07-25T07:30:18.663762,phemex,1155722000,1155723000,0,1202790
2025-07-25T07:30:18.684384,phemex,1155456000,1155616000,0,159525
2025-07-25T07:30:18.704830,phemex,1155268000,1155616000,25530,267336
2025-07-25T07:30:18.724008,phemex,1155451000,1155616000,17180,284082
2025-07-25T07:30:18.764208,phemex,1155388000,1155616000,12,416799
2025-07-25T07:30:18.924389,phemex,0.0,1155723000,0.0,140341
2025-07-25T07:30:18.964447,phemex,0.0,1155616000,0.0,417154
2025-07-25T07:30:19.064628,phemex,0.0,1155723000,0.0,116418
2025-07-25T07:30:19.144963,phemex,0.0,1155843000,0.0,0
2025-07-25T07:30:19.184864,phemex,0.0,1155646000,0.0,20000
2025-07-25T07:30:19.434356,huobi,115615.0,115615.01,0.00021,0.724229
2025-07-25T07:30:19.497259,bitrue,115000.0,115604.01,1.001,20.2967
2025-07-25T07:30:19.635363,huobi,115615.0,115615.01,0.00021,0.574969
2025-07-25T07:30:19.734512,huobi,115615.0,115615.01,0.00021,0.573369
2025-07-25T07:30:20.026182,phemex,1155562000,0.0,7998,0.0
2025-07-25T07:30:20.386477,phemex,0.0,1155735000,0.0,1
2025-07-25T07:30:20.545156,bitrue,115580.88,115580.89,2.4673,16.5991
2025-07-25T07:30:20.687117,phemex,0.0,1155616000,0.0,900701
2025-07-25T07:30:20.727216,phemex,0.0,1155616000,0.0,1228093
2025-07-25T07:30:21.108242,phemex,1155562000,1155616000,0,1228094
2025-07-25T07:30:21.236333,huobi,115615.0,115615.01,0.00021,0.722629
2025-07-25T07:30:21.334930,huobi,115615.0,115615.01,0.00021,0.573369
2025-07-25T07:30:21.611890,phemex,0.0,1155695000,0.0,1
2025-07-25T07:30:22.190020,phemex,0.0,1155824000,0.0,0
2025-07-25T07:30:22.334871,huobi,115615.0,115615.01,0.00021,0.322734
2025-07-25T07:30:22.490326,phemex,0.0,1155616000,0.0,1305194
2025-07-25T07:30:22.570463,phemex,0.0,1155773000,0.0,2170
2025-07-25T07:30:22.634932,bitrue,115580.0,115580.01,0.0452,15.6193
2025-07-25T07:30:23.426200,phemex,0.0,1155616000,0.0,1014523
2025-07-25T07:30:23.429177,phemex,0.0,1155616000,0.0,850290
2025-07-25T07:30:23.430004,phemex,0.0,1155616000,0.0,510357
2025-07-25T07:30:23.431135,phemex,0.0,1155616000,0.0,443235
2025-07-25T07:30:23.432124,phemex,0.0,1155616000,0.0,376113
2025-07-25T07:30:23.472345,phemex,0.0,1155620000,0.0,77100
2025-07-25T07:30:23.652374,phemex,1155567000,0.0,0,0.0
2025-07-25T07:30:23.673222,phemex,1155219000,1155616000,17283,928124
2025-07-25T07:30:23.684006,bitrue,115580.0,115580.01,0.0452,15.6193
2025-07-25T07:30:23.712599,phemex,0.0,1155616000,0.0,1142266
2025-07-25T07:30:23.734205,huobi,115615.0,115615.01,0.00021,0.333944
2025-07-25T07:30:23.752279,phemex,1155542000,0.0,0,0.0
2025-07-25T07:30:23.835202,phemex,1155198000,0.0,0,0.0
2025-07-25T07:30:23.835251,huobi,115615.0,115615.01,0.00021,0.54152
2025-07-25T07:30:23.872519,phemex,1155491000,0.0,0,0.0
2025-07-25T07:30:23.912757,phemex,1155479000,1155634000,130458,23997
2025-07-25T07:30:23.936230,huobi,115610.0,115615.01,0.00021,0.49161
2025-07-25T07:30:23.953010,phemex,1155508000,1155616000,0,1170950
2025-07-25T07:30:23.972739,phemex,1155265000,0.0,154377,0.0
2025-07-25T07:30:24.035007,huobi,115610.0,115610.01,0.001189,0.013337
2025-07-25T07:30:24.134455,huobi,115605.0,115605.01,0.00021,0.263906
2025-07-25T07:30:24.153398,phemex,1155485000,0.0,0,0.0
2025-07-25T07:30:24.651226,phemex,0.0,1155773000,0.0,0
2025-07-25T07:30:24.654991,phemex,1155528000,1155616000,7999,1093850
2025-07-25T07:30:25.033638,huobi,115605.0,115605.01,0.00021,0.013271
2025-07-25T07:30:25.129636,phemex,0.0,1155616000,0.0,1068839
2025-07-25T07:30:25.336192,phemex,0.0,1155616000,0.0,1093851
2025-07-25T07:30:25.456144,phemex,0.0,1155616000,0.0,1170951
2025-07-25T07:30:25.778652,bitrue,115580.0,115580.01,0.0452,15.6193
2025-07-25T07:30:27.439123,phemex,0.0,1155616000,0.0,1093851
2025-07-25T07:30:27.679755,phemex,0.0,1155616000,0.0,1075456
2025-07-25T07:30:27.699817,phemex,0.0,1155616000,0.0,1043437
2025-07-25T07:30:27.720413,phemex,0.0,1155616000,0.0,1093858
2025-07-25T07:30:27.871923,bitrue,115580.0,115580.01,0.0452,15.6193
2025-07-25T07:30:28.462992,phemex,0.0,1155616000,0.0,1170958
2025-07-25T07:30:28.632824,huobi,115605.0,115605.01,0.00021,0.012827247605531975
2025-07-25T07:30:29.964393,bitrue,115580.0,115580.01,0.0452,15.6193
2025-07-25T07:30:30.134163,huobi,115605.0,115605.01,0.255021,0.010136247605531975
2025-07-25T07:30:30.388574,phemex,1155265000,0.0,0,0.0
2025-07-25T07:30:30.404480,phemex,0.0,1155616000,0.0,1093858
2025-07-25T07:30:30.533503,huobi,115605.0,115605.01,0.24727,0.012827247605531975
2025-07-25T07:30:30.633192,huobi,115605.0,115605.01,0.254578,0.010136247605531975
2025-07-25T07:30:30.885766,phemex,1155398000,0.0,835,0.0
2025-07-25T07:30:31.425763,phemex,0.0,1155616000,0.0,648542
2025-07-25T07:30:31.431819,phemex,0.0,1155616000,0.0,481796
2025-07-25T07:30:31.433929,huobi,115605.0,115605.01,0.431866,0.008649
2025-07-25T07:30:31.435476,phemex,0.0,1155616000,0.0,153313
2025-07-25T07:30:31.439230,phemex,0.0,1155616000,0.0,192910
2025-07-25T07:30:31.525511,phemex,1155615000,0.0,374,0.0
2025-07-25T07:30:31.545596,phemex,0.0,1155815000,0.0,23717
2025-07-25T07:30:31.585814,phemex,1155615000,0.0,373,0.0
2025-07-25T07:30:31.633275,huobi,115605.0,115605.01,0.431866,0.010579
2025-07-25T07:30:31.733236,huobi,115605.0,115605.01,0.431866,0.009616000083300888
2025-07-25T07:30:32.060622,bitrue,115580.0,115580.01,0.0452,15.6193
2025-07-25T07:30:32.063961,phemex,1155615000,0.0,0,0.0
2025-07-25T07:30:32.068826,phemex,1155583000,1155616000,103862,192909
2025-07-25T07:30:32.069057,phemex,1155615000,1155616000,7999,184911
2025-07-25T07:30:32.070870,phemex,1155615000,1155616000,0,192910
2025-07-25T07:30:32.126561,phemex,0.0,1155615000,0.0,7999
2025-07-25T07:30:32.147116,phemex,0.0,1155615000,0.0,85099
2025-07-25T07:30:32.186660,phemex,0.0,1155614000,0.0,7999
2025-07-25T07:30:32.226726,phemex,1155584000,1155614000,7999,177976
2025-07-25T07:30:32.266862,phemex,1155584000,1155613000,7999,7999
2025-07-25T07:30:32.286683,phemex,1155583000,0.0,103862,0.0
2025-07-25T07:30:32.326738,phemex,0.0,1155613000,0.0,77100
2025-07-25T07:30:32.367961,phemex,1155583000,1155612000,111861,7999
2025-07-25T07:30:32.387676,phemex,1155584000,0.0,0,0.0
2025-07-25T07:30:32.427925,phemex,0.0,1155612000,0.0,177976
2025-07-25T07:30:32.467913,phemex,0.0,1155612000,0.0,177976
2025-07-25T07:30:32.507925,phemex,0.0,1155584000,0.0,7999
2025-07-25T07:30:32.634190,huobi,115605.0,115605.01,0.368176,0.009526000083300889
2025-07-25T07:30:32.890058,phemex,0.0,1155584000,0.0,0
2025-07-25T07:30:32.893625,phemex,1155583000,1155611000,7999,34983
2025-07-25T07:30:32.894881,phemex,1155583000,1155584000,0,67122
2025-07-25T07:30:32.895627,phemex,1155578000,1155584000,8895,0
2025-07-25T07:30:32.896150,phemex,0.0,1155611000,0.0,69631
2025-07-25T07:30:32.896932,phemex,0.0,1155610000,0.0,31245
2025-07-25T07:30:32.898386,phemex,0.0,1155612000,0.0,0
2025-07-25T07:30:32.898436,phemex,0.0,1155579000,0.0,7999
2025-07-25T07:30:32.898471,phemex,0.0,1155579000,0.0,0
2025-07-25T07:30:32.899602,phemex,0.0,1155608000,0.0,74227
2025-07-25T07:30:32.908674,phemex,0.0,1155608000,0.0,100876
2025-07-25T07:30:32.988905,phemex,0.0,1155579000,0.0,7999
2025-07-25T07:30:33.028891,phemex,0.0,1155608000,0.0,0
2025-07-25T07:30:33.068896,phemex,0.0,1155579000,0.0,0
2025-07-25T07:30:33.089356,phemex,0.0,1155614000,0.0,31245
2025-07-25T07:30:33.129174,phemex,0.0,1155579000,0.0,134244
2025-07-25T07:30:33.189488,phemex,0.0,1155613000,0.0,0
2025-07-25T07:30:33.229387,phemex,0.0,1155579000,0.0,142243
2025-07-25T07:30:33.250529,phemex,0.0,1155612000,0.0,77100
2025-07-25T07:30:34.223958,huobi,115605.0,115605.01,0.007308,0.009526000083300889
2025-07-25T07:30:34.224331,huobi,115600.0,115600.01,0.25114,0.008649
2025-07-25T07:30:34.224630,phemex,0.0,1155579000,0.0,219343
2025-07-25T07:30:34.224665,phemex,0.0,1155612000,0.0,0
2025-07-25T07:30:34.224691,phemex,0.0,1155579000,0.0,219718
2025-07-25T07:30:34.224721,phemex,0.0,1155579000,0.0,338387
2025-07-25T07:30:34.224759,phemex,1155313000,1155579000,0,354489
2025-07-25T07:30:34.233533,huobi,115600.0,115600.01,0.31483,0.008649
2025-07-25T07:30:34.243860,bitrue,115580.0,115580.01,0.0452,15.6193
2025-07-25T07:30:35.133433,huobi,115600.0,115600.01,0.46409,0.008649
2025-07-25T07:30:35.134143,phemex,0.0,1155620000,0.0,77100
2025-07-25T07:30:35.135905,phemex,1155578000,0.0,7999,0.0
2025-07-25T07:30:35.138475,phemex,0.0,1155579000,0.0,354489
2025-07-25T07:30:35.139754,phemex,0.0,1155579000,0.0,354489
2025-07-25T07:30:35.141342,phemex,0.0,1155579000,0.0,346490
2025-07-25T07:30:35.142830,phemex,0.0,1155580000,0.0,0
2025-07-25T07:30:35.143635,phemex,0.0,1155579000,0.0,346490
2025-07-25T07:30:35.145144,phemex,0.0,1155586000,0.0,7999
2025-07-25T07:30:35.145631,phemex,0.0,1155579000,0.0,269390
2025-07-25T07:30:35.152917,phemex,0.0,1155579000,0.0,277389
2025-07-25T07:30:35.192891,phemex,1155578000,0.0,0,0.0
2025-07-25T07:30:35.232669,phemex,1155575000,0.0,892,0.0
2025-07-25T07:30:35.272743,phemex,0.0,1155576000,0.0,134244
2025-07-25T07:30:35.293562,phemex,0.0,1155579000,0.0,99419
2025-07-25T07:30:35.732703,huobi,115600.0,115600.01,0.31483,0.008649
2025-07-25T07:30:35.757758,phemex,0.0,1155576000,0.0,322192
2025-07-25T07:30:35.761143,phemex,0.0,1155576000,0.0,330191
2025-07-25T07:30:35.793588,phemex,1155257000,0.0,7500,0.0
2025-07-25T07:30:35.834879,huobi,115600.0,115600.01,0.46409,0.008649
2025-07-25T07:30:35.913871,phemex,1155575000,1155576000,8891,253091
2025-07-25T07:30:35.956101,phemex,0.0,1155576000,0.0,118847
2025-07-25T07:30:35.994278,phemex,0.0,1155578000,0.0,0
2025-07-25T07:30:36.034402,phemex,1155575000,0.0,7999,0.0
2025-07-25T07:30:36.054450,phemex,1155575000,0.0,0,0.0
2025-07-25T07:30:36.073995,phemex,1155303000,0.0,7,0.0
2025-07-25T07:30:36.114886,phemex,1155552000,1155576000,7998,110848
2025-07-25T07:30:36.234318,phemex,0.0,1155589000,0.0,0
2025-07-25T07:30:36.274293,phemex,0.0,1155576000,0.0,118846
2025-07-25T07:30:36.334663,phemex,1155515000,1155576000,970,195946
2025-07-25T07:30:36.336300,bitrue,115580.0,115580.01,0.0452,15.6193
2025-07-25T07:30:36.374722,phemex,0.0,1155575000,0.0,7998
2025-07-25T07:30:36.415212,phemex,0.0,1155574000,0.0,46700
2025-07-25T07:30:36.433722,huobi,115600.0,115600.01,0.31483,0.008649
2025-07-25T07:30:36.454923,phemex,0.0,1155553000,0.0,134244
2025-07-25T07:30:36.474866,phemex,1155551000,0.0,0,0.0
2025-07-25T07:30:36.515052,phemex,1155532000,1155553000,0,211344
2025-07-25T07:30:36.554994,phemex,0.0,1155573000,0.0,0
2025-07-25T07:30:36.636104,huobi,115600.0,115600.01,0.003864,0.008649
2025-07-25T07:30:36.715227,phemex,0.0,1155553000,0.0,211344
2025-07-25T07:30:36.755821,phemex,1155552000,1155553000,0,219342
2025-07-25T07:30:36.815299,phemex,1155535000,1155553000,7998,211344
2025-07-25T07:30:36.834410,huobi,115600.0,115600.01,0.153124,0.008649
2025-07-25T07:30:36.835712,phemex,1155535000,0.0,0,0.0
2025-07-25T07:30:36.875939,phemex,0.0,1155552000,0.0,7998
2025-07-25T07:30:36.915656,phemex,1155450000,1155553000,816,0
2025-07-25T07:30:36.956014,phemex,0.0,1155552000,0.0,0
2025-07-25T07:30:36.975803,phemex,0.0,1155572000,0.0,16102
2025-07-25T07:30:37.016894,phemex,0.0,1155571000,0.0,7998
2025-07-25T07:30:37.056852,phemex,0.0,1155571000,0.0,0
2025-07-25T07:30:37.095676,phemex,0.0,1155572000,0.0,0
2025-07-25T07:30:37.136502,phemex,0.0,1155612000,0.0,81228
2025-07-25T07:30:37.155965,phemex,0.0,1155612000,0.0,15000
2025-07-25T07:30:37.195989,phemex,0.0,1155582000,0.0,134244
2025-07-25T07:30:37.236189,phemex,0.0,1155581000,0.0,7998
2025-07-25T07:30:37.255919,phemex,0.0,1155582000,0.0,67122
2025-07-25T07:30:37.296015,phemex,0.0,1155582000,0.0,0
2025-07-25T07:30:37.336020,phemex,0.0,1155581000,0.0,0
2025-07-25T07:30:37.356940,phemex,0.0,1155610000,0.0,69631
2025-07-25T07:30:37.396546,phemex,1155516000,1155584000,7998,134244
2025-07-25T07:30:37.456210,phemex,1155516000,1155583000,0,7998
2025-07-25T07:30:37.477258,phemex,1155516000,1155581000,7998,67122
2025-07-25T07:30:37.516710,phemex,1155504000,1155580000,77000,7998
2025-07-25T07:30:37.556561,phemex,0.0,1155581000,0.0,0
2025-07-25T07:30:37.576454,phemex,0.0,1155580000,0.0,0
2025-07-25T07:30:37.616466,phemex,1155517000,1155608000,17792,34648
2025-07-25T07:30:37.657537,phemex,1155518000,1155595000,7998,134244
2025-07-25T07:30:37.697333,phemex,1155518000,1155594000,102790,7998
2025-07-25T07:30:37.716700,phemex,1155518000,1155595000,94792,67122
2025-07-25T07:30:37.757253,phemex,1155520000,1155593000,17792,100876
2025-07-25T07:30:37.776855,phemex,1155521000,1155592000,7998,335666
2025-07-25T07:30:37.796727,phemex,1155520000,1155584000,0,134244
2025-07-25T07:30:37.816933,phemex,1155521000,1155579000,0,134244
2025-07-25T07:30:37.857317,phemex,1155515000,1155578000,970,50824
2025-07-25T07:30:37.917152,phemex,1155566000,1155577000,94417,73981
2025-07-25T07:30:37.996947,phemex,1155534000,1155577000,1,65983
2025-07-25T07:30:38.017194,phemex,1155566000,1155567000,0,7998
2025-07-25T07:30:38.057232,phemex,1155520000,1155567000,108489,0
2025-07-25T07:30:38.097280,phemex,1155516000,1155575000,0,7998
2025-07-25T07:30:38.117239,phemex,1155533000,0.0,0,0.0
2025-07-25T07:30:38.157466,phemex,1155534000,0.0,7999,0.0
2025-07-25T07:30:38.217777,phemex,1155534000,1155574000,7998,18903
2025-07-25T07:30:38.257642,phemex,1155534000,1155575000,0,0
2025-07-25T07:30:38.277657,phemex,1155521000,0.0,0,0.0
2025-07-25T07:30:38.317934,phemex,1155520000,1155525000,116487,134244
2025-07-25T07:30:38.335226,huobi,115600.0,115600.01,0.003864,0.008559
2025-07-25T07:30:38.337821,phemex,1155520000,1155521000,7998,142242
2025-07-25T07:30:38.378537,phemex,1155506000,1155521000,98874,134244
2025-07-25T07:30:38.417774,phemex,1155520000,1155521000,0,0
2025-07-25T07:30:38.425733,bitrue,115580.0,115580.01,0.0452,15.6193
2025-07-25T07:30:38.438165,phemex,0.0,1155523000,0.0,67122
2025-07-25T07:30:38.479202,phemex,0.0,1155513000,0.0,134244
2025-07-25T07:30:38.497930,phemex,1155511000,1155513000,0,134244
2025-07-25T07:30:38.558286,phemex,1155219000,0.0,17792,0.0
2025-07-25T07:30:38.718855,phemex,0.0,1155513000,0.0,7998
2025-07-25T07:30:38.758407,phemex,1155512000,1155513000,0,0
2025-07-25T07:30:38.798398,phemex,1155479000,1155586000,77000,134244
2025-07-25T07:30:38.834713,huobi,115605.0,115605.01,0.008649,0.269606
2025-07-25T07:30:38.838205,phemex,0.0,1155560000,0.0,134244
2025-07-25T07:30:38.898474,phemex,1155503000,1155555000,0,134244
2025-07-25T07:30:38.939061,phemex,1155502000,1155554000,20000,7998
2025-07-25T07:30:38.979253,phemex,1155503000,1155553000,7998,77000
2025-07-25T07:30:39.018825,phemex,1155503000,1155552000,0,7998
2025-07-25T07:30:39.035130,huobi,115605.0,115605.01,0.010476,0.269606
2025-07-25T07:30:39.078809,phemex,1155503000,1155552000,7998,84998
2025-07-25T07:30:39.098890,phemex,0.0,1155551000,0.0,7998
2025-07-25T07:30:39.118851,phemex,1155505000,1155551000,17792,7998
2025-07-25T07:30:39.137612,huobi,115605.0,115605.01,0.257746,0.00193
2025-07-25T07:30:39.138720,phemex,1155503000,1155551000,0,0
2025-07-25T07:30:39.158909,phemex,1155512000,1155594000,66240,99395
2025-07-25T07:30:39.178852,phemex,1155513000,1155594000,7998,342602
2025-07-25T07:30:39.219029,phemex,1155513000,1155593000,0,108874
2025-07-25T07:30:39.235817,huobi,115605.0,115605.01,0.321436,0.00193
2025-07-25T07:30:39.238908,phemex,1155518000,1155589000,17792,67122
2025-07-25T07:30:39.261949,phemex,1155519000,1155592000,7998,190554
2025-07-25T07:30:39.299160,phemex,1155519000,1155588000,7998,33960
2025-07-25T07:30:39.319251,phemex,1155519000,1155587000,0,7998
2025-07-25T07:30:39.334295,huobi,115605.0,115605.01,0.074166,0.00193
2025-07-25T07:30:39.359274,phemex,1155495000,1155586000,25790,28446
2025-07-25T07:30:39.379320,phemex,1155495000,0.0,17792,0.0
2025-07-25T07:30:39.419585,phemex,1155496000,1155585000,7998,7998
2025-07-25T07:30:39.471831,bitrue,115580.0,115580.01,0.0452,15.6193
2025-07-25T07:30:39.821752,phemex,1155565000,1155584000,553,134771
2025-07-25T07:30:39.825718,phemex,1155454000,1155585000,0,0
2025-07-25T07:30:39.827050,phemex,1155315000,1155566000,70488,7998
2025-07-25T07:30:39.827519,phemex,0.0,1155587000,0.0,0
2025-07-25T07:30:39.828663,phemex,1155495000,1155584000,0,0
2025-07-25T07:30:39.834385,huobi,115605.0,115605.01,0.010476,0.00193
2025-07-25T07:30:39.840132,phemex,0.0,1155566000,0.0,16102
2025-07-25T07:30:39.860284,phemex,0.0,1155611000,0.0,7998
