timestamp,exchange,bid,ask,bid_vol,ask_vol
2025-07-25T07:48:08.931065,huobi,3620.13,3620.14,0.052,0.0388
2025-07-25T07:48:08.931187,huobi,3620.14,3620.82,3.0071,2.762
2025-07-25T07:48:09.030110,huobi,3620.14,3620.8,0.0071,2.762
2025-07-25T07:48:09.115966,bitrue,3620.39,3620.61,7.704,7.132
2025-07-25T07:48:09.128128,huobi,3620.17,3620.38,0.0389,0.0373
2025-07-25T07:48:09.228386,huobi,3620.17,3620.36,0.0389,2.7622
2025-07-25T07:48:09.353216,bitrue,3620.72,3620.82,6.432,7.707
2025-07-25T07:48:09.427667,huobi,3620.17,3620.36,0.0389,2.7307719870178655
2025-07-25T07:48:09.527737,huobi,3620.18,3620.9,2.1452,0.0117
2025-07-25T07:48:09.629861,huobi,3620.26,3620.89,0.0386,2.762
2025-07-25T07:48:09.829549,huobi,3619.32,3620.36,11.0,0.0392
2025-07-25T07:48:09.927446,huobi,3619.35,3620.22,0.0224,0.0365
2025-07-25T07:48:10.027852,huobi,3619.35,3620.21,0.0254,2.7625
2025-07-25T07:48:10.127765,huobi,3620.02,3620.03,0.0604,0.3988
2025-07-25T07:48:10.229056,huobi,3619.76,3619.77,0.0222,0.3987
2025-07-25T07:48:10.329842,huobi,3619.76,3620.02,0.0222,2.7625
2025-07-25T07:48:10.401842,bitrue,3620.39,3620.48,7.704,7.193
2025-07-25T07:48:10.528066,huobi,3619.95,3620.05,0.0585,0.0207
2025-07-25T07:48:10.627843,huobi,3619.95,3619.96,0.0585,0.3988
2025-07-25T07:48:10.727212,huobi,3619.98,3620.05,0.0071,0.0207
2025-07-25T07:48:10.829089,huobi,3620.22,3620.69,0.0395,0.0117
2025-07-25T07:48:10.928635,huobi,3620.68,3620.69,0.052,0.0117
2025-07-25T07:48:11.028187,huobi,3620.68,3620.69,0.052,2.7736
2025-07-25T07:48:11.129932,huobi,3620.68,3620.69,0.052,2.8102
2025-07-25T07:48:11.427420,huobi,3620.68,3620.69,0.052,2.8309
2025-07-25T07:48:11.447801,bitrue,3620.77,3620.86,4.159,5.657
2025-07-25T07:48:12.128944,huobi,3620.68,3620.69,0.0556,2.8309
2025-07-25T07:48:12.728210,huobi,3620.68,3620.69,0.014,2.8309
2025-07-25T07:48:12.829046,huobi,3620.5,3620.51,0.0194,5.3067
2025-07-25T07:48:13.130536,huobi,3620.5,3620.51,0.0194,0.0369
2025-07-25T07:48:13.536360,bitrue,3620.47,3620.56,1.398,6.973
2025-07-25T07:48:13.628032,huobi,3620.5,3620.51,0.0194,0.0576
2025-07-25T07:48:13.929949,huobi,3619.3,3619.92,0.7,0.0386
2025-07-25T07:48:14.028806,huobi,3619.31,3619.91,3.0,2.7627
2025-07-25T07:48:14.231077,huobi,3619.72,3619.73,0.0586,0.3988
2025-07-25T07:48:14.328393,huobi,3619.72,3619.91,0.0586,2.7625
2025-07-25T07:48:14.428154,huobi,3619.72,3619.73,0.0223,3.1613
2025-07-25T07:48:14.527983,huobi,3619.32,3619.73,0.003,2.7625
2025-07-25T07:48:14.584175,bitrue,3620.16,3620.25,3.116,6.825
2025-07-25T07:48:14.730010,huobi,3619.3,3619.33,0.7,0.3987
2025-07-25T07:48:14.830083,huobi,3619.31,3619.32,0.4058,0.0001
2025-07-25T07:48:14.928666,huobi,3619.49,3619.5,0.3987,2.7627
2025-07-25T07:48:15.127839,huobi,3619.31,3619.32,0.0382,2.8956
2025-07-25T07:48:15.229668,huobi,3619.3,3619.31,0.7,2.8958
2025-07-25T07:48:15.329095,huobi,3619.3,3619.31,0.7,2.7629
2025-07-25T07:48:15.428319,huobi,3619.3,3619.31,0.7315,2.8199
2025-07-25T07:48:15.635037,bitrue,3619.58,3619.67,5.794,5.801
2025-07-25T07:48:16.443681,huobi,3619.3,3619.31,0.7,2.8199
2025-07-25T07:48:16.689890,bitrue,3619.37,3619.46,0.036,7.793
2025-07-25T07:48:17.740860,bitrue,3619.16,3619.25,7.519,6.069
2025-07-25T07:48:18.727758,huobi,3619.3,3619.31,1.907,0.057
2025-07-25T07:48:18.928090,huobi,3619.3,3619.31,0.7229,0.057
2025-07-25T07:48:19.028214,huobi,3619.3,3619.31,0.7,2.8199
2025-07-25T07:48:19.228533,huobi,3619.3,3619.31,0.7148,2.8199
2025-07-25T07:48:19.830501,huobi,3617.67,3618.8,0.5412,2.7635
2025-07-25T07:48:19.841515,bitrue,3619.52,3619.61,6.205,3.893
2025-07-25T07:48:19.929554,huobi,3618.07,3618.8,0.5412,2.7635
2025-07-25T07:48:20.028824,huobi,3618.5,3618.8,0.0384,2.7635
2025-07-25T07:48:20.130289,huobi,3619.14,3619.15,0.3986,2.7675
2025-07-25T07:48:20.229282,huobi,3618.07,3619.15,0.5412,2.763
2025-07-25T07:48:20.352121,huobi,3618.07,3619.09,0.5412,2.7634
2025-07-25T07:48:20.430383,huobi,3617.26,3618.02,0.003,0.0382
2025-07-25T07:48:20.528948,huobi,3617.87,3617.88,0.0374,0.1329
2025-07-25T07:48:20.629609,huobi,3617.25,3618.7,2.2592,3.612
2025-07-25T07:48:20.729117,huobi,3617.26,3617.94,3.0,2.7642
2025-07-25T07:48:20.829034,huobi,3617.91,3617.92,0.3986,2.7642
2025-07-25T07:48:20.896266,bitrue,3618.3,3618.39,0.084,6.587
2025-07-25T07:48:21.228049,huobi,3617.95,3617.96,0.3986,2.7846
2025-07-25T07:48:21.327446,huobi,3617.95,3617.96,0.423,0.0207
2025-07-25T07:48:21.429047,huobi,3617.95,3617.96,3.1289,0.0207
2025-07-25T07:48:21.528858,huobi,3618.2,3619.09,0.0381,0.7585
2025-07-25T07:48:21.628725,huobi,3618.21,3619.29,0.0236,3.3982
2025-07-25T07:48:21.728114,huobi,3618.21,3619.25,0.0236,3.004
2025-07-25T07:48:21.828504,huobi,3618.41,3618.42,0.3986,2.801
2025-07-25T07:48:21.946900,bitrue,3618.57,3618.66,6.032,2.608
2025-07-25T07:48:22.127951,huobi,3618.41,3618.42,0.3986,0.0374
2025-07-25T07:48:22.228077,huobi,3618.2,3618.42,0.0381,2.801
2025-07-25T07:48:22.331852,huobi,3618.2,3618.21,0.0381,2.8966
2025-07-25T07:48:22.431391,huobi,3618.2,3618.21,0.0381,2.7637
2025-07-25T07:48:22.627829,huobi,3617.67,3618.21,3.0,2.7637
2025-07-25T07:48:22.729253,huobi,3617.18,3617.95,0.003,2.7642
2025-07-25T07:48:22.827990,huobi,3617.18,3617.87,0.003,0.0387
2025-07-25T07:48:22.928247,huobi,3617.13,3617.67,3.613,2.897
2025-07-25T07:48:22.996828,bitrue,3617.99,3618.49,7.599,7.092
2025-07-25T07:48:23.028311,huobi,3616.82,3617.67,0.4615,2.897
2025-07-25T07:48:23.128709,huobi,3616.82,3617.54,0.4615,2.7645
2025-07-25T07:48:23.227556,huobi,3617.47,3617.48,0.0397,0.1329
2025-07-25T07:48:23.328074,huobi,3617.54,3617.55,0.3986,0.0207
2025-07-25T07:48:23.427023,huobi,3617.54,3617.55,0.3986,2.785
2025-07-25T07:48:23.627558,huobi,3617.54,3617.55,0.3986,2.7643
2025-07-25T07:48:23.827104,huobi,3617.47,3617.48,0.0397,2.8972
2025-07-25T07:48:23.927735,huobi,3617.47,3617.48,0.0397,2.7643
2025-07-25T07:48:24.029551,huobi,3617.53,3617.54,0.4236,0.0207
2025-07-25T07:48:24.045194,bitrue,3617.81,3617.98,7.854,6.92
2025-07-25T07:48:24.127415,huobi,3617.53,3617.54,0.4041,2.785
2025-07-25T07:48:24.227636,huobi,3617.53,3617.54,0.0055,0.0207
2025-07-25T07:48:24.328151,huobi,3617.53,3617.54,0.0055,2.785
2025-07-25T07:48:24.828468,huobi,3616.82,3617.41,0.7,2.7646
2025-07-25T07:48:25.034970,huobi,3617.4,3617.41,0.3986,2.7646
2025-07-25T07:48:25.089245,bitrue,3617.39,3617.48,4.557,7.786
2025-07-25T07:48:25.173037,huobi,3616.82,3617.41,0.7,2.8025
2025-07-25T07:48:25.230470,huobi,3616.83,3617.41,3.0,2.7646
2025-07-25T07:48:25.328256,huobi,3616.86,3617.32,0.0254,0.0399
2025-07-25T07:48:25.427698,huobi,3617.31,3617.32,0.4238,0.0399
2025-07-25T07:48:25.528650,huobi,3617.31,3618.2,0.4238,2.7643
2025-07-25T07:48:25.628900,huobi,3617.38,3618.14,0.0364,2.7641
2025-07-25T07:48:25.727806,huobi,3617.38,3617.56,0.0364,0.0398
2025-07-25T07:48:25.827356,huobi,3617.55,3617.56,0.052,2.804
2025-07-25T07:48:26.028917,huobi,3618.0,3618.65,0.0375,0.0075
2025-07-25T07:48:26.128140,huobi,3618.0,3618.9,0.0375,0.004
2025-07-25T07:48:26.141233,bitrue,3617.62,3617.91,7.815,5.905
2025-07-25T07:48:26.228164,huobi,3618.0,3618.89,0.0375,0.7585
2025-07-25T07:48:26.328106,huobi,3618.0,3618.01,0.0619,0.1329
2025-07-25T07:48:26.428376,huobi,3618.0,3618.01,0.0375,2.7639
2025-07-25T07:48:26.630552,huobi,3617.04,3617.99,3.003,2.7643
2025-07-25T07:48:26.827678,huobi,3617.78,3617.79,0.0372,2.8969
2025-07-25T07:48:26.927758,huobi,3617.06,3617.79,3.003,2.8969
2025-07-25T07:48:27.027409,huobi,3617.06,3617.71,0.003,2.7643
2025-07-25T07:48:27.127588,huobi,3617.47,3617.48,0.0384,2.8971
2025-07-25T07:48:27.189145,bitrue,3617.69,3617.78,3.528,7.598
2025-07-25T07:48:27.327898,huobi,3617.47,3617.48,0.0384,2.7642
2025-07-25T07:48:27.527775,huobi,3618.0,3618.01,0.3672,0.1331
2025-07-25T07:48:27.675119,huobi,3618.0,3618.29,2.8034,0.0043
2025-07-25T07:48:27.727710,huobi,3618.0,3618.01,0.0915,0.2038
2025-07-25T07:48:27.827098,huobi,3618.0,3618.01,0.0915,2.9677
2025-07-25T07:48:27.926439,huobi,3618.13,3618.14,0.3277,0.0365
2025-07-25T07:48:28.027155,huobi,3618.13,3618.14,0.052,0.0365
2025-07-25T07:48:28.128450,huobi,3618.22,3618.93,2.7635,0.7585
2025-07-25T07:48:28.228006,huobi,3618.25,3618.9,0.003,2.7635
2025-07-25T07:48:28.233545,bitrue,3618.18,3618.33,5.999,6.712
2025-07-25T07:48:28.327549,huobi,3618.25,3618.4,2.7637,0.037
2025-07-25T07:48:28.426926,huobi,3618.39,3618.68,3.0913,0.0042
2025-07-25T07:48:28.527226,huobi,3618.39,3618.67,3.0913,2.7635
2025-07-25T07:48:28.728365,huobi,3618.73,3618.74,0.3277,0.0379
2025-07-25T07:48:28.827074,huobi,3618.4,3618.71,0.0362,2.7635
2025-07-25T07:48:28.930238,huobi,3618.51,3618.52,2.8022,0.2038
2025-07-25T07:48:29.027672,huobi,3618.51,3618.52,2.8022,0.0207
2025-07-25T07:48:29.230561,huobi,3618.11,3618.68,3.0,0.0393
2025-07-25T07:48:29.278117,bitrue,3618.64,3618.73,7.301,1.521
2025-07-25T07:48:29.329030,huobi,3618.96,3618.97,0.3277,0.0074
2025-07-25T07:48:29.428490,huobi,3618.66,3618.67,0.052,0.2038
2025-07-25T07:48:29.528065,huobi,3618.66,3618.67,0.0896,2.9672
2025-07-25T07:48:29.627427,huobi,3618.66,3618.67,0.0896,0.2038
2025-07-25T07:48:29.828046,huobi,3617.97,3618.65,0.003,2.7637
2025-07-25T07:48:30.027020,huobi,3618.45,3618.46,0.0916,2.9674
2025-07-25T07:48:30.328226,huobi,3618.45,3618.46,0.052,2.9674
2025-07-25T07:48:30.492874,bitrue,3618.54,3618.63,6.816,5.479
2025-07-25T07:48:30.526862,huobi,3618.45,3618.46,0.052,2.9881
2025-07-25T07:48:30.628673,huobi,3617.41,3617.98,0.003,0.0383
2025-07-25T07:48:30.731332,huobi,3617.41,3617.97,0.003,2.7641
2025-07-25T07:48:30.828246,huobi,3617.75,3617.76,0.0368,0.2038
2025-07-25T07:48:30.927463,huobi,3617.97,3618.73,0.038,2.7641
2025-07-25T07:48:31.126876,huobi,3617.97,3618.13,0.038,0.0385
2025-07-25T07:48:31.228972,huobi,3617.97,3617.98,0.038,2.9677
2025-07-25T07:48:31.327270,huobi,3617.97,3617.98,0.038,2.7639
2025-07-25T07:48:31.429922,huobi,3618.47,3618.48,0.3277,0.2038
2025-07-25T07:48:31.528034,huobi,3618.1,3618.11,2.7637,0.0207
2025-07-25T07:48:31.538263,bitrue,3618.16,3618.25,7.03,3.307
2025-07-25T07:48:31.627758,huobi,3618.1,3618.11,0.052,2.7845
2025-07-25T07:48:32.127989,huobi,3618.1,3618.11,0.0796,2.7845
2025-07-25T07:48:32.583585,bitrue,3618.3,3618.39,7.656,0.859
2025-07-25T07:48:32.728136,huobi,3617.39,3617.96,3.618,2.7641
2025-07-25T07:48:32.828603,huobi,3616.85,3617.84,0.003,0.004
2025-07-25T07:48:32.927936,huobi,3617.04,3617.83,3.617,2.7644
2025-07-25T07:48:33.026436,huobi,3617.67,3617.68,0.0395,2.9679
2025-07-25T07:48:33.331448,huobi,3616.86,3617.61,0.003,0.0392
2025-07-25T07:48:33.428891,huobi,3616.86,3617.41,0.003,0.0364
2025-07-25T07:48:33.528501,huobi,3616.66,3617.4,0.003,2.7646
2025-07-25T07:48:33.629194,bitrue,3617.62,3617.94,7.815,7.904
2025-07-25T07:48:33.629234,huobi,3617.18,3617.19,0.0648,2.7646
2025-07-25T07:48:33.830630,huobi,3617.18,3617.19,0.0276,2.8029
2025-07-25T07:48:34.329054,huobi,3616.93,3617.19,0.0378,2.8029
2025-07-25T07:48:34.430372,huobi,3616.72,3616.73,0.4,0.0622
2025-07-25T07:48:34.528981,huobi,3616.72,3616.73,0.4,2.8633
2025-07-25T07:48:34.813178,bitrue,3616.8,3617.18,6.251,5.957
2025-07-25T07:48:34.833249,huobi,3616.72,3616.73,0.4,4.7948
2025-07-25T07:48:35.130598,huobi,3616.72,3616.73,0.2454,5.6354
2025-07-25T07:48:35.228467,huobi,3616.72,3616.73,0.2454,0.4967
2025-07-25T07:48:35.628082,huobi,3616.72,3616.73,0.2454,0.5174
2025-07-25T07:48:35.727249,huobi,3616.36,3616.37,0.0117,3.0066
2025-07-25T07:48:35.859526,bitrue,3616.18,3616.46,6.644,6.87
2025-07-25T07:48:36.727422,huobi,3616.36,3616.37,0.0117,3.0273
2025-07-25T07:48:37.328055,huobi,3616.36,3616.37,0.0117,3.0275
2025-07-25T07:48:38.228597,huobi,3616.36,3616.37,0.0117,2.8237
2025-07-25T07:48:38.428704,huobi,3616.36,3616.37,2.7769,2.8237
2025-07-25T07:48:38.528296,huobi,3616.36,3616.37,2.7769,0.0585
2025-07-25T07:48:38.727442,huobi,3616.36,3616.37,0.0117,2.8237
2025-07-25T07:48:39.426693,huobi,3616.36,3616.37,2.7769,0.0585
2025-07-25T07:48:39.527500,huobi,3616.36,3616.37,2.7769,2.8237
2025-07-25T07:48:39.627054,huobi,3616.36,3616.37,0.0117,2.8237
2025-07-25T07:48:39.728008,huobi,3615.45,3616.0,0.3,0.0384
2025-07-25T07:48:39.828121,huobi,3616.07,3616.65,0.3277,0.004
2025-07-25T07:48:39.927397,huobi,3615.99,3616.51,0.052,0.0022
2025-07-25T07:48:40.069340,huobi,3615.99,3616.48,0.052,2.7652
2025-07-25T07:48:40.127271,huobi,3616.16,3616.17,0.052,2.8015
2025-07-25T07:48:40.194975,bitrue,3615.8,3615.89,5.769,7.591
2025-07-25T07:48:40.228165,huobi,3616.16,3616.5,0.052,2.7858
2025-07-25T07:48:40.328135,huobi,3616.49,3616.78,0.3277,0.0043
2025-07-25T07:48:40.427026,huobi,3616.49,3616.5,3.1448,0.0391
2025-07-25T07:48:40.627257,huobi,3616.49,3616.5,2.8171,0.0391
2025-07-25T07:48:40.729032,huobi,3616.77,3617.61,0.3277,0.0021
2025-07-25T07:48:40.829346,huobi,3616.5,3617.54,0.038,0.4424
2025-07-25T07:48:40.929643,huobi,3616.53,3616.75,0.003,0.039
2025-07-25T07:48:41.027887,huobi,3616.74,3616.75,0.3277,2.8038
2025-07-25T07:48:41.227226,huobi,3616.5,3616.75,0.038,2.8038
2025-07-25T07:48:41.241151,bitrue,3616.69,3616.93,7.32,5.574
2025-07-25T07:48:41.428013,huobi,3616.5,3616.51,0.038,2.9688
2025-07-25T07:48:41.527595,huobi,3616.5,3616.51,0.038,2.765
2025-07-25T07:48:41.733824,huobi,3615.96,3616.5,0.003,0.0022
2025-07-25T07:48:41.829021,huobi,3615.71,3616.3,0.003,0.0018
2025-07-25T07:48:41.927054,huobi,3616.12,3616.13,0.037,2.9691
2025-07-25T07:48:42.027125,huobi,3616.12,3616.13,0.037,2.7653
2025-07-25T07:48:42.226721,huobi,3616.12,3616.24,0.037,2.8018
2025-07-25T07:48:42.288281,bitrue,3616.52,3616.61,0.025,7.262
2025-07-25T07:48:42.327466,huobi,3616.12,3616.13,2.8023,2.7653
2025-07-25T07:48:42.427128,huobi,3616.23,3616.24,3.145,0.0365
2025-07-25T07:48:42.626309,huobi,3616.23,3616.83,3.145,2.7653
2025-07-25T07:48:42.727649,huobi,3616.23,3616.8,0.052,0.7585
2025-07-25T07:48:42.827479,huobi,3616.23,3616.24,0.052,2.786
2025-07-25T07:48:43.328055,huobi,3616.23,3616.24,0.0796,2.786
2025-07-25T07:48:43.339052,bitrue,3616.35,3616.44,5.453,5.981
2025-07-25T07:48:43.626992,huobi,3616.23,3616.24,2.8449,0.0207
2025-07-25T07:48:43.727298,huobi,3616.23,3616.24,0.0796,2.786
2025-07-25T07:48:43.927544,huobi,3616.23,3616.24,2.8449,0.0207
2025-07-25T07:48:44.027739,huobi,3616.23,3616.24,0.0796,2.786
2025-07-25T07:48:44.128145,huobi,3616.23,3616.24,0.0796,0.0207
2025-07-25T07:48:44.226864,huobi,3616.23,3616.24,0.0796,2.786
2025-07-25T07:48:44.730275,huobi,3616.23,3616.24,0.052,2.786
2025-07-25T07:48:44.831472,huobi,3615.29,3615.81,0.0115,2.9694
2025-07-25T07:48:44.928355,huobi,3615.29,3615.8,0.0115,0.0022
2025-07-25T07:48:45.127185,huobi,3615.82,3615.83,0.3277,2.8042
2025-07-25T07:48:45.327254,huobi,3615.82,3615.83,0.3277,2.8249
2025-07-25T07:48:45.426930,huobi,3615.63,3615.83,0.0397,2.8042
2025-07-25T07:48:45.526641,huobi,3615.82,3615.83,0.3277,2.8042
2025-07-25T07:48:45.560742,bitrue,3615.8,3615.9,5.769,6.059
2025-07-25T07:48:45.627213,huobi,3615.63,3615.83,0.0397,2.8042
2025-07-25T07:48:45.726973,huobi,3615.82,3615.83,0.3277,2.8042
2025-07-25T07:48:45.827141,huobi,3615.29,3615.64,0.0115,0.2038
2025-07-25T07:48:45.927383,huobi,3615.3,3615.63,0.04,2.7658
2025-07-25T07:48:46.027106,huobi,3615.62,3615.63,0.3277,2.7658
2025-07-25T07:48:46.226771,huobi,3615.73,3615.74,3.0933,0.0394
2025-07-25T07:48:46.327562,huobi,3615.73,3615.74,3.0933,0.0601
2025-07-25T07:48:46.427501,huobi,3615.73,3615.74,3.0933,0.0207
2025-07-25T07:48:46.626966,huobi,3615.73,3615.74,3.1453,0.0207
2025-07-25T07:48:46.727027,huobi,3615.73,3615.74,0.3797,0.0207
2025-07-25T07:48:46.827177,huobi,3615.73,3615.74,3.1453,0.0207
2025-07-25T07:48:47.027330,huobi,3615.73,3615.74,2.8176,0.0207
2025-07-25T07:48:47.126866,huobi,3615.73,3615.74,0.052,0.0207
2025-07-25T07:48:47.226743,huobi,3615.73,3615.74,0.052,2.7863
2025-07-25T07:48:47.428001,huobi,3615.73,3615.74,0.0796,2.7863
2025-07-25T07:48:47.527035,huobi,3615.73,3615.74,2.8452,0.0207
2025-07-25T07:48:47.627460,huobi,3615.73,3615.74,2.7725,0.0207
2025-07-25T07:48:47.652638,bitrue,3615.97,3616.06,5.7,4.755
2025-07-25T07:48:47.726451,huobi,3615.73,3615.74,2.8245,0.0207
2025-07-25T07:48:48.426775,huobi,3615.73,3615.74,2.8641,0.0207
2025-07-25T07:48:48.927411,huobi,3615.99,3616.0,3.0932,0.0376
2025-07-25T07:48:49.227478,huobi,3615.99,3616.0,3.0931,2.803
2025-07-25T07:48:49.427017,huobi,3615.99,3616.0,0.3277,2.8237
2025-07-25T07:48:49.528246,huobi,3615.99,3616.0,0.3277,2.803
2025-07-25T07:48:49.629152,huobi,3615.86,3615.87,0.0394,2.9693
2025-07-25T07:48:49.728001,huobi,3615.29,3615.78,0.0115,0.0392
2025-07-25T07:48:49.748227,bitrue,3616.19,3616.29,6.565,5.601
2025-07-25T07:48:49.827401,huobi,3615.29,3615.77,0.0115,2.7658
2025-07-25T07:48:49.927956,huobi,3615.58,3615.59,0.3277,2.7658
2025-07-25T07:48:50.142179,huobi,3615.59,3616.45,0.3277,2.7654
2025-07-25T07:48:50.228153,huobi,3615.59,3616.35,0.3277,2.7655
2025-07-25T07:48:50.328833,huobi,3615.69,3615.7,3.1454,0.0371
2025-07-25T07:48:50.527394,huobi,3615.69,3615.7,3.1454,0.0785
2025-07-25T07:48:50.796755,bitrue,3615.89,3615.98,6.95,2.431
2025-07-25T07:48:50.927717,huobi,3615.69,3615.7,3.184,0.0414
2025-07-25T07:48:51.127168,huobi,3616.13,3616.63,0.3277,0.0018
2025-07-25T07:48:51.228170,huobi,3616.19,3616.2,3.093,0.0372
2025-07-25T07:48:51.429525,huobi,3616.47,3616.48,3.0928,0.0414
2025-07-25T07:48:51.528733,huobi,3616.75,3616.76,3.0927,0.0041
2025-07-25T07:48:51.629232,huobi,3616.79,3616.8,3.0925,0.0361
2025-07-25T07:48:51.728769,huobi,3616.79,3616.8,0.3797,0.0361
2025-07-25T07:48:51.830537,huobi,3616.79,3617.26,3.1445,0.0132
2025-07-25T07:48:51.849045,bitrue,3616.85,3616.94,6.259,0.038
2025-07-25T07:48:51.928591,huobi,3616.81,3617.5,2.7646,0.7585
2025-07-25T07:48:52.028232,huobi,3616.83,3617.57,2.7646,0.0014
2025-07-25T07:48:52.127829,huobi,3616.82,3616.83,0.003,0.0389
2025-07-25T07:48:52.228041,huobi,3616.82,3616.83,0.055,2.8037
2025-07-25T07:48:52.575489,huobi,3616.82,3616.83,2.8168,2.8037
2025-07-25T07:48:52.827609,huobi,3616.82,3616.83,0.052,2.8037
2025-07-25T07:48:52.892492,bitrue,3616.92,3617.13,5.416,4.942
2025-07-25T07:48:53.027103,huobi,3616.82,3616.83,0.0796,2.8451
2025-07-25T07:48:53.527516,huobi,3616.82,3616.83,0.0796,0.0803
2025-07-25T07:48:53.627980,huobi,3616.82,3616.83,2.8444,0.0803
2025-07-25T07:48:53.727940,huobi,3616.82,3616.83,2.8444,2.8451
2025-07-25T07:48:54.027497,huobi,3616.82,3616.87,2.8168,0.0414
2025-07-25T07:48:54.127421,huobi,3616.86,3616.87,3.0925,0.0414
2025-07-25T07:48:54.428081,huobi,3616.89,3617.53,0.003,0.0022
2025-07-25T07:48:54.527501,huobi,3616.89,3617.09,0.003,0.0366
2025-07-25T07:48:54.627419,huobi,3617.18,3617.19,3.0922,0.0377
2025-07-25T07:48:54.827717,huobi,3617.18,3617.19,2.7645,0.0377
2025-07-25T07:48:54.980675,bitrue,3617.52,3617.63,6.119,5.454
2025-07-25T07:48:55.064772,huobi,3617.2,3617.55,2.7644,0.0043
2025-07-25T07:48:55.127599,huobi,3617.84,3617.85,0.3277,0.0042
2025-07-25T07:48:55.228456,huobi,3616.84,3617.35,0.003,2.7646
2025-07-25T07:48:55.327291,huobi,3616.86,3617.36,5.7646,0.0397
2025-07-25T07:48:55.427064,huobi,3616.88,3617.36,5.7646,0.0397
2025-07-25T07:48:55.527852,huobi,3617.35,3617.36,3.0921,0.0397
2025-07-25T07:48:55.927196,huobi,3617.35,3617.36,3.0921,0.0811
2025-07-25T07:48:56.026570,huobi,3617.35,3617.36,5.4238,0.0811
2025-07-25T07:48:56.029617,bitrue,3617.52,3617.63,6.119,5.454
2025-07-25T07:48:56.127682,huobi,3617.35,3617.36,5.4238,0.0414
2025-07-25T07:48:56.227717,huobi,3617.35,3617.36,0.3277,0.0414
2025-07-25T07:48:57.227663,huobi,3617.35,3617.36,0.3436,0.0414
2025-07-25T07:48:58.528866,huobi,3617.35,3617.36,0.3436,2.8058
2025-07-25T07:48:59.130076,huobi,3617.35,3617.36,0.0159,2.8058
2025-07-25T07:48:59.928281,huobi,3617.35,3617.36,0.0159,2.8452
2025-07-25T07:49:00.037058,huobi,3617.35,3617.36,0.0159,2.8452
2025-07-25T07:49:00.333402,bitrue,3617.34,3617.43,0.332,6.373
2025-07-25T07:49:00.828962,huobi,3616.61,3617.08,2.7646,2.7648
2025-07-25T07:49:00.928757,huobi,3616.39,3616.85,0.0073,0.0382
2025-07-25T07:49:01.028062,huobi,3616.39,3616.59,0.0073,0.0018
2025-07-25T07:49:01.128602,huobi,3616.39,3616.4,0.3277,0.2038
2025-07-25T07:49:01.228455,huobi,3616.05,3616.75,0.5412,0.0367
2025-07-25T07:49:01.328904,huobi,3616.49,3616.5,0.0455,3.1638
2025-07-25T07:49:01.378576,bitrue,3616.92,3617.01,5.416,5.882
2025-07-25T07:49:01.426594,huobi,3616.49,3616.5,0.0975,3.1638
2025-07-25T07:49:01.628472,huobi,3616.04,3616.05,2.7059,0.0369
2025-07-25T07:49:01.726575,huobi,3616.04,3616.05,8.4713,0.0369
2025-07-25T07:49:01.827899,huobi,3616.51,3616.52,0.052,2.7654
2025-07-25T07:49:02.027240,huobi,3616.51,3616.52,2.765,0.3988
2025-07-25T07:49:02.126898,huobi,3616.51,3616.53,2.817,0.0361
2025-07-25T07:49:02.226368,huobi,3616.52,3616.53,2.765,0.0361
2025-07-25T07:49:02.327104,huobi,3616.52,3616.53,2.817,0.0361
2025-07-25T07:49:02.424993,bitrue,3616.73,3616.82,1.751,5.769
2025-07-25T07:49:02.426616,huobi,3616.34,3617.05,0.0254,0.0045
2025-07-25T07:49:02.527604,huobi,3616.51,3617.04,0.052,2.7651
2025-07-25T07:49:02.627894,huobi,3616.51,3616.61,0.052,0.0377
2025-07-25T07:49:02.727640,huobi,3616.51,3617.35,0.052,0.0022
2025-07-25T07:49:02.827823,huobi,3616.51,3617.29,0.052,0.4424
2025-07-25T07:49:02.927876,huobi,3616.51,3616.52,0.052,2.8016
2025-07-25T07:49:03.126858,huobi,3616.51,3616.52,0.052,2.843
2025-07-25T07:49:03.227743,huobi,3616.51,3616.52,0.0796,2.8064
2025-07-25T07:49:03.426808,huobi,3616.51,3616.52,0.0796,2.8446
2025-07-25T07:49:03.527100,huobi,3615.75,3616.41,3.0,0.0369
2025-07-25T07:49:03.626526,huobi,3615.77,3616.4,3.0,2.7654
2025-07-25T07:49:03.728330,huobi,3616.39,3616.4,0.052,2.7654
2025-07-25T07:49:03.826616,huobi,3615.76,3616.39,0.0891,0.1939
2025-07-25T07:49:03.926445,huobi,3616.38,3616.39,0.052,0.3988
2025-07-25T07:49:04.229041,huobi,3616.38,3616.39,0.052,0.4365
2025-07-25T07:49:04.329450,huobi,3616.1,3616.11,0.0044,0.3987
2025-07-25T07:49:04.427608,huobi,3615.96,3616.14,0.037,0.0883
2025-07-25T07:49:04.516551,bitrue,3616.62,3616.71,2.588,7.182
2025-07-25T07:49:04.527947,huobi,3615.96,3616.17,0.037,0.0387
2025-07-25T07:49:04.628318,huobi,3615.73,3616.17,0.0038,0.0387
2025-07-25T07:49:04.727765,huobi,3615.74,3615.83,0.7118,0.0362
2025-07-25T07:49:04.830834,huobi,3615.73,3615.74,0.0038,0.3987
2025-07-25T07:49:04.928679,huobi,3615.73,3615.74,0.0038,0.0997
2025-07-25T07:49:05.026829,huobi,3615.66,3616.83,0.0172,3.7585
2025-07-25T07:49:05.146429,huobi,3615.61,3616.76,0.0392,2.7653
2025-07-25T07:49:05.227208,huobi,3615.61,3616.68,0.0392,2.7653
2025-07-25T07:49:05.327216,huobi,3615.81,3616.42,0.2325,0.0039
2025-07-25T07:49:05.426469,huobi,3615.81,3615.82,0.2325,0.0378
2025-07-25T07:49:05.526778,huobi,3615.81,3615.82,0.2845,0.0378
2025-07-25T07:49:05.563567,bitrue,3616.1,3616.19,6.292,6.935
2025-07-25T07:49:05.726663,huobi,3615.81,3615.82,0.052,0.0378
2025-07-25T07:49:06.026339,huobi,3615.53,3616.42,3.0,0.0039
2025-07-25T07:49:06.126711,huobi,3615.72,3615.73,3.0026,0.0378
2025-07-25T07:49:06.327021,huobi,3615.72,3616.56,3.0026,2.7653
2025-07-25T07:49:06.426962,huobi,3615.72,3616.56,2.5846,2.7653
2025-07-25T07:49:06.526369,huobi,3616.21,3616.22,0.0022,2.8427
2025-07-25T07:49:06.619705,bitrue,3616.15,3616.58,5.902,3.376
2025-07-25T07:49:06.626594,huobi,3616.21,3616.22,0.0022,3.2788
2025-07-25T07:49:07.127765,huobi,3616.21,3616.22,0.0022,3.279
2025-07-25T07:49:07.228384,huobi,3616.21,3616.22,0.0022,2.8802
2025-07-25T07:49:07.329615,huobi,3616.21,3616.22,0.0022,0.1149
2025-07-25T07:49:07.427026,huobi,3616.21,3616.22,0.0542,0.1149
2025-07-25T07:49:07.527163,huobi,3616.22,3616.49,0.006,2.7652
2025-07-25T07:49:07.627161,huobi,3615.88,3616.22,0.0366,2.7654
2025-07-25T07:49:07.826256,huobi,3615.74,3615.95,0.7442,0.0248
2025-07-25T07:49:08.025659,huobi,3615.79,3615.95,0.006,0.0248
2025-07-25T07:49:09.264603,huobi,3615.94,3615.95,0.0111,0.0248
2025-07-25T07:49:09.264884,huobi,3615.94,3615.95,0.0111,2.7903
2025-07-25T07:49:09.265054,bitrue,3616.15,3616.58,5.902,3.376
2025-07-25T07:49:09.774331,bitrue,3616.15,3616.58,5.902,3.376
2025-07-25T07:49:10.226958,huobi,3615.94,3615.95,0.0111,0.0248
2025-07-25T07:49:10.428197,huobi,3615.94,3615.95,0.0111,2.7903
2025-07-25T07:49:12.029151,huobi,3615.94,3615.95,0.0111,0.0248
2025-07-25T07:49:12.526896,huobi,3615.94,3615.95,0.0111,2.7903
2025-07-25T07:49:14.628256,huobi,3615.94,3615.95,0.0111,0.0248
2025-07-25T07:49:15.127022,huobi,3615.94,3615.95,0.0111,2.7903
2025-07-25T07:49:15.526738,huobi,3615.94,3615.95,0.0111,0.0248
2025-07-25T07:49:16.626830,huobi,3615.95,3616.84,0.006,0.0041
2025-07-25T07:49:16.727718,huobi,3616.4,3617.29,0.0389,1.517
2025-07-25T07:49:16.826969,huobi,3616.4,3617.32,0.0389,0.4
2025-07-25T07:49:16.927298,huobi,3616.41,3616.62,0.006,0.0395
2025-07-25T07:49:17.028352,huobi,3616.55,3617.32,0.0388,0.4
2025-07-25T07:49:17.095547,bitrue,3616.95,3617.04,6.338,6.198
2025-07-25T07:49:17.228351,huobi,3616.98,3616.99,0.0218,0.3988
2025-07-25T07:49:17.328549,huobi,3616.98,3616.99,0.0218,0.0368
2025-07-25T07:49:17.527483,huobi,3616.98,3616.99,0.0218,2.8014
2025-07-25T07:49:17.627144,huobi,3616.98,3616.99,0.0218,0.0368
2025-07-25T07:49:17.727233,huobi,3616.98,3616.99,0.0218,2.8014
2025-07-25T07:49:18.139808,bitrue,3617.12,3617.21,6.123,1.227
2025-07-25T07:49:19.127172,huobi,3616.98,3616.99,0.0218,0.0368
2025-07-25T07:49:19.626192,huobi,3616.99,3617.3,0.006,2.7646
2025-07-25T07:49:19.726825,huobi,3616.87,3617.3,0.5412,2.7646
2025-07-25T07:49:19.826984,huobi,3616.6,3616.98,0.0044,0.0386
2025-07-25T07:49:19.927391,huobi,3616.6,3616.96,0.0044,2.7648
2025-07-25T07:49:20.026618,huobi,3616.55,3616.96,3.0,2.7648
2025-07-25T07:49:20.127575,huobi,3616.77,3616.96,0.0377,2.7648
2025-07-25T07:49:20.225114,bitrue,3617.28,3617.37,6.135,0.126
2025-07-25T07:49:20.227240,huobi,3616.77,3616.78,0.0377,0.3988
2025-07-25T07:49:20.328874,huobi,3616.78,3616.79,1.1971,0.3988
2025-07-25T07:49:20.428586,huobi,3616.78,3616.98,1.1971,0.0386
2025-07-25T07:49:20.526732,huobi,3616.78,3616.79,1.1971,0.3988
2025-07-25T07:49:20.628996,huobi,3616.78,3616.97,1.1971,2.7648
2025-07-25T07:49:20.728418,huobi,3616.78,3616.96,1.1971,2.7648
2025-07-25T07:49:20.926977,huobi,3616.78,3616.79,1.1971,0.3988
2025-07-25T07:49:21.126996,huobi,3616.95,3616.96,0.1663,2.7648
2025-07-25T07:49:21.227553,huobi,3616.78,3616.98,1.1971,2.8032
2025-07-25T07:49:21.327113,huobi,3616.97,3616.98,0.1663,0.0386
2025-07-25T07:49:22.126808,huobi,3617.31,3617.32,0.1663,3.1646
2025-07-25T07:49:22.228630,huobi,3617.31,3617.32,0.1663,0.4
2025-07-25T07:49:22.313202,bitrue,3617.45,3617.54,7.178,2.836
2025-07-25T07:49:22.327289,huobi,3617.04,3617.17,2.7059,0.0384
2025-07-25T07:49:22.527227,huobi,3617.16,3617.17,0.1939,0.0384
2025-07-25T07:49:22.727237,huobi,3617.16,3617.17,0.0276,0.0384
2025-07-25T07:49:22.827451,huobi,3617.16,3617.17,0.0276,2.8029
2025-07-25T07:49:23.026725,huobi,3617.16,3617.17,0.0276,0.0384
2025-07-25T07:49:23.328080,huobi,3617.31,3617.32,0.1663,0.4
2025-07-25T07:49:23.362132,bitrue,3617.45,3617.63,7.178,5.454
2025-07-25T07:49:23.528831,huobi,3617.54,3617.55,0.1663,0.4036
2025-07-25T07:49:23.627510,huobi,3617.24,3617.25,0.1663,0.0386
2025-07-25T07:49:24.412156,bitrue,3617.45,3617.63,7.178,5.454
2025-07-25T07:49:25.028600,huobi,3617.24,3617.25,0.1939,0.0386
2025-07-25T07:49:26.527006,huobi,3617.25,3617.79,0.006,2.7645
2025-07-25T07:49:26.628010,huobi,3618.03,3618.93,1.3351,0.4
2025-07-25T07:49:26.729220,huobi,3618.29,3618.93,1.3348,0.4
2025-07-25T07:49:26.828728,huobi,3618.64,3618.65,1.5012,0.0374
2025-07-25T07:49:26.927944,huobi,3618.92,3618.93,0.1663,0.4
2025-07-25T07:49:27.026991,huobi,3618.54,3618.93,1.3347,0.4
2025-07-25T07:49:27.128926,huobi,3618.92,3618.93,0.1663,0.4373
2025-07-25T07:49:27.226361,huobi,3618.92,3618.93,1.3344,0.4373
2025-07-25T07:49:27.529076,huobi,3619.19,3619.48,0.1663,0.0138
2025-07-25T07:49:27.555046,bitrue,3618.56,3618.99,7.116,0.1
2025-07-25T07:49:27.631338,huobi,3619.19,3619.2,1.5006,0.3653
2025-07-25T07:49:27.728966,huobi,3619.47,3619.48,0.1663,0.3653
2025-07-25T07:49:27.827090,huobi,3619.28,3619.29,1.386,0.0399
2025-07-25T07:49:27.937861,huobi,3619.28,3619.29,1.3133,0.0399
2025-07-25T07:49:28.029007,huobi,3619.28,3619.29,1.3653,0.0399
2025-07-25T07:49:28.127821,huobi,3619.56,3619.57,0.1663,0.3653
2025-07-25T07:49:28.227224,huobi,3619.56,3619.98,1.313,0.3148
2025-07-25T07:49:28.327854,huobi,3619.44,3619.45,0.1663,0.0396
2025-07-25T07:49:28.426689,huobi,3619.44,3619.45,0.2183,2.8023
2025-07-25T07:49:28.526592,huobi,3619.44,3619.45,0.052,2.8023
2025-07-25T07:49:28.597611,bitrue,3619.64,3619.73,5.494,6.336
2025-07-25T07:49:28.726753,huobi,3619.44,3619.45,0.0544,2.8023
2025-07-25T07:49:29.126575,huobi,3619.44,3619.45,0.0544,2.7627
2025-07-25T07:49:29.226268,huobi,3619.67,3619.68,0.0131,3.1278
2025-07-25T07:49:29.427519,huobi,3619.67,3619.68,0.0131,3.1639
2025-07-25T07:49:29.628396,huobi,3619.67,3619.68,0.0131,2.7986
2025-07-25T07:49:29.639427,bitrue,3619.64,3619.73,5.494,6.336
2025-07-25T07:49:34.328875,huobi,3618.99,3619.67,0.0039,0.1939
2025-07-25T07:49:34.427872,huobi,3618.71,3619.0,0.0394,3.1284
2025-07-25T07:49:34.526544,huobi,3618.71,3619.56,0.1663,2.763
2025-07-25T07:49:34.627833,huobi,3618.29,3618.73,1.3174,0.0372
2025-07-25T07:49:34.728341,huobi,3618.32,3618.72,0.0032,2.7635
2025-07-25T07:49:34.826916,huobi,3618.52,3618.53,0.0371,3.1288
2025-07-25T07:49:34.895384,bitrue,3618.95,3619.04,5.013,7.866
2025-07-25T07:49:34.927096,huobi,3618.24,3618.62,0.1663,0.0041
2025-07-25T07:49:35.026606,huobi,3618.24,3618.25,0.1663,0.3653
2025-07-25T07:49:35.128506,huobi,3618.36,3618.37,0.0388,3.1288
2025-07-25T07:49:35.228369,huobi,3618.08,3618.42,0.1663,0.0374
2025-07-25T07:49:35.329000,huobi,3618.29,3618.3,0.034,2.8032
2025-07-25T07:49:35.628764,huobi,3618.29,3618.3,0.034,3.8783
2025-07-25T07:49:35.729342,huobi,3617.56,3618.3,0.003,4.3207
2025-07-25T07:49:35.829853,huobi,3617.22,3617.23,0.3988,0.0993
2025-07-25T07:49:35.942905,bitrue,3618.2,3618.29,0.069,6.38
2025-07-25T07:49:36.028249,huobi,3617.3,3618.16,0.003,2.7659
2025-07-25T07:49:36.127944,huobi,3617.3,3618.16,0.003,2.7641
2025-07-25T07:49:36.227030,huobi,3617.3,3618.14,0.003,2.7641
2025-07-25T07:49:36.327504,huobi,3617.3,3617.31,1.3156,0.0993
2025-07-25T07:49:36.427071,huobi,3617.42,3617.43,1.7142,0.0388
2025-07-25T07:49:36.826654,huobi,3617.23,3617.43,0.0379,0.0388
2025-07-25T07:49:36.927137,huobi,3617.42,3617.43,1.7142,0.0388
2025-07-25T07:49:36.988896,bitrue,3617.67,3617.78,2.815,5.317
2025-07-25T07:49:37.027993,huobi,3617.42,3618.0,0.3988,2.7641
2025-07-25T07:49:37.126624,huobi,3617.23,3618.0,0.0379,2.7641
2025-07-25T07:49:37.227434,huobi,3617.43,3617.44,0.3988,0.038
2025-07-25T07:49:37.326872,huobi,3617.43,3617.44,1.7142,0.038
2025-07-25T07:49:37.626978,huobi,3617.43,3618.24,1.7142,4.2008
2025-07-25T07:49:37.726592,huobi,3617.52,3618.22,0.0376,2.764
2025-07-25T07:49:37.826692,huobi,3617.77,3617.78,0.3988,0.0391
2025-07-25T07:49:37.926892,huobi,3617.77,3617.78,1.7934,0.0432
2025-07-25T07:49:38.027001,huobi,3617.77,3617.78,0.0796,2.8073
2025-07-25T07:49:38.036856,bitrue,3618.05,3618.14,5.999,6.548
2025-07-25T07:49:38.227569,huobi,3617.77,3617.78,1.3946,0.0432
2025-07-25T07:49:38.626341,huobi,3617.77,3617.78,1.3946,0.0041
2025-07-25T07:49:38.927339,huobi,3617.77,3617.78,1.3946,0.0432
2025-07-25T07:49:39.031542,huobi,3617.83,3618.67,1.3175,0.0076
2025-07-25T07:49:39.080245,bitrue,3618.05,3618.17,5.999,1.766
2025-07-25T07:49:39.175551,huobi,3618.0,3619.2,3.0,1.517
2025-07-25T07:49:39.226174,huobi,3618.2,3618.21,0.3988,0.0366
2025-07-25T07:49:39.326462,huobi,3618.2,3618.21,0.052,2.8004
2025-07-25T07:49:39.629259,huobi,3618.2,3618.21,0.052,0.0366
2025-07-25T07:49:39.727213,huobi,3618.2,3618.21,0.052,2.8004
2025-07-25T07:49:39.826715,huobi,3617.26,3617.94,3.003,2.7642
2025-07-25T07:49:39.928773,huobi,3617.28,3619.5,12.3152,0.0306
2025-07-25T07:49:40.027957,huobi,3617.35,3619.76,8.0,0.0022
2025-07-25T07:49:40.125726,bitrue,3618.64,3618.73,5.406,6.595
2025-07-25T07:49:40.127417,huobi,3618.23,3619.26,0.0363,0.4424
2025-07-25T07:49:40.227530,huobi,3618.39,3618.4,0.052,2.7998
2025-07-25T07:49:40.927663,huobi,3618.39,3618.4,0.052,2.8039
2025-07-25T07:49:41.026809,huobi,3618.11,3618.12,1.3514,0.0994
2025-07-25T07:49:41.171327,bitrue,3618.28,3618.46,5.59,5.521
2025-07-25T07:49:41.227504,huobi,3618.25,3618.26,0.3988,0.0399
2025-07-25T07:49:41.328087,huobi,3618.25,3618.26,1.7134,0.0399
2025-07-25T07:49:41.426898,huobi,3618.11,3618.26,0.0369,2.8036
2025-07-25T07:49:41.629051,huobi,3618.25,3618.26,0.3988,2.8036
2025-07-25T07:49:41.726216,huobi,3618.11,3618.26,0.0369,2.8036
2025-07-25T07:49:41.926578,huobi,3618.11,3618.12,1.3516,0.0041
2025-07-25T07:49:42.129701,huobi,3618.11,3618.12,1.3516,2.7679
2025-07-25T07:49:42.214040,bitrue,3618.37,3618.46,2.842,5.521
2025-07-25T07:49:42.326310,huobi,3618.11,3618.12,1.3516,0.0041
2025-07-25T07:49:42.726249,huobi,3618.11,3618.12,0.0422,2.7679
2025-07-25T07:49:43.326930,huobi,3618.11,3618.12,1.3569,0.0041
2025-07-25T07:49:43.530703,huobi,3618.11,3618.12,2.141,0.0041
2025-07-25T07:49:44.828874,huobi,3618.11,3618.12,0.0422,2.7679
2025-07-25T07:49:44.931452,huobi,3618.11,3618.12,0.0053,2.7679
2025-07-25T07:49:45.326837,huobi,3618.11,3618.12,0.0053,2.8073
2025-07-25T07:49:45.727475,huobi,3617.48,3617.9,0.003,0.0396
2025-07-25T07:49:45.830591,huobi,3617.06,3617.62,0.5412,0.0395
2025-07-25T07:49:45.929412,huobi,3616.73,3617.34,0.3,2.8637
2025-07-25T07:49:46.027065,huobi,3616.74,3617.34,0.003,2.8637
2025-07-25T07:49:46.126984,huobi,3616.73,3617.34,0.3,2.8637
2025-07-25T07:49:46.226778,huobi,3617.24,3617.25,0.0642,2.8639
2025-07-25T07:49:46.328115,huobi,3617.24,3617.25,0.0276,2.8639
2025-07-25T07:49:46.387853,bitrue,3617.74,3617.83,0.006,5.387
2025-07-25T07:49:46.428184,huobi,3617.24,3617.25,0.0276,2.9011
2025-07-25T07:49:47.227132,huobi,3617.24,3617.25,0.0276,2.9052
2025-07-25T07:49:47.436245,bitrue,3617.36,3617.45,0.815,5.546
2025-07-25T07:49:48.480392,bitrue,3617.28,3617.39,6.135,6.908
2025-07-25T07:49:49.327133,huobi,3617.24,3617.25,0.0276,2.7686
2025-07-25T07:49:49.526292,bitrue,3617.21,3617.39,7.952,6.908
2025-07-25T07:49:49.625983,huobi,3617.24,3617.25,0.0276,2.8069
2025-07-25T07:49:49.726867,huobi,3616.82,3617.25,0.0387,2.8028
2025-07-25T07:49:49.827469,huobi,3616.82,3616.83,0.0387,2.8642
2025-07-25T07:49:49.927195,huobi,3616.82,3616.83,0.0387,2.7648
2025-07-25T07:49:50.128562,huobi,3616.82,3617.01,1.3548,2.7646
2025-07-25T07:49:50.228169,huobi,3617.01,3617.5,0.4048,0.0044
2025-07-25T07:49:50.327657,huobi,3617.02,3617.91,1.3156,3.61
2025-07-25T07:49:50.427348,huobi,3617.04,3617.88,1.3154,3.0
2025-07-25T07:49:50.529031,huobi,3617.14,3617.15,1.7662,0.0381
2025-07-25T07:49:50.572723,bitrue,3617.12,3617.39,6.123,6.908
2025-07-25T07:49:50.633403,huobi,3617.14,3617.15,0.052,2.8027
2025-07-25T07:49:50.828856,huobi,3617.67,3617.68,0.3988,0.0017
2025-07-25T07:49:50.928681,huobi,3617.15,3617.68,0.006,0.0994
2025-07-25T07:49:51.027698,huobi,3617.16,3617.84,1.3152,2.7643
2025-07-25T07:49:51.127470,huobi,3617.32,3617.33,1.7144,0.0367
2025-07-25T07:49:51.428362,huobi,3617.32,3617.33,1.7144,2.8011
2025-07-25T07:49:51.617656,bitrue,3617.35,3617.45,5.37,5.546
2025-07-25T07:49:51.626164,huobi,3617.32,3617.33,1.7144,0.0367
2025-07-25T07:49:51.726540,huobi,3617.32,3617.33,1.7144,0.0408
2025-07-25T07:49:52.325086,huobi,3617.32,3617.33,1.7125,0.0408
2025-07-25T07:49:52.827222,huobi,3617.32,3617.33,1.7401,0.0408
2025-07-25T07:49:52.927477,huobi,3617.32,3617.33,0.0276,2.8052
2025-07-25T07:49:54.727633,huobi,3616.31,3617.07,0.003,0.038
2025-07-25T07:49:54.827719,huobi,3616.31,3616.98,3.003,0.004
2025-07-25T07:49:54.927340,huobi,3616.54,3616.97,3.61,2.7648
2025-07-25T07:49:55.027191,huobi,3616.66,3616.67,0.0377,0.1013
2025-07-25T07:49:55.128048,huobi,3616.17,3616.67,0.4,2.7648
2025-07-25T07:49:55.227860,huobi,3616.64,3616.65,0.0276,2.7651
2025-07-25T07:49:55.727399,huobi,3616.74,3616.75,0.3988,0.0371
2025-07-25T07:49:55.811834,bitrue,3616.92,3617.01,0.55,7.81
2025-07-25T07:49:55.826355,huobi,3616.74,3616.75,1.715,0.0371
2025-07-25T07:49:56.026369,huobi,3616.74,3616.75,0.3988,0.0371
2025-07-25T07:49:56.127090,huobi,3616.74,3616.75,1.715,0.0371
2025-07-25T07:49:56.226325,huobi,3616.74,3616.75,1.3162,2.8019
2025-07-25T07:49:56.326597,huobi,3616.74,3616.75,1.715,0.0371
2025-07-25T07:49:56.428500,huobi,3616.77,3617.68,3.6666,0.0037
2025-07-25T07:49:56.540970,huobi,3617.06,3618.56,0.003,0.0077
2025-07-25T07:49:56.627751,huobi,3617.08,3618.4,0.003,0.0018
2025-07-25T07:49:56.728273,huobi,3617.4,3617.41,0.052,2.802
2025-07-25T07:49:56.827980,huobi,3617.11,3617.12,0.003,2.8658
2025-07-25T07:49:56.856019,bitrue,3617.47,3617.56,6.262,7.835
2025-07-25T07:49:56.930378,huobi,3616.65,3617.16,0.003,0.0022
2025-07-25T07:49:57.026305,huobi,3617.15,3617.16,0.3988,2.7646
2025-07-25T07:49:57.126699,huobi,3617.03,3617.04,0.0395,2.8659
2025-07-25T07:49:57.226525,huobi,3617.03,3617.04,0.0395,0.1054
2025-07-25T07:49:57.326860,huobi,3617.03,3617.04,0.0395,2.7687
2025-07-25T07:49:57.726609,huobi,3617.03,3617.04,1.3554,0.0041
2025-07-25T07:49:57.901028,bitrue,3617.34,3617.43,0.271,6.514
2025-07-25T07:49:59.025918,huobi,3617.03,3617.04,1.383,0.0041
2025-07-25T07:49:59.228149,huobi,3617.17,3617.68,0.0396,2.7646
2025-07-25T07:49:59.328373,huobi,3617.33,3617.68,0.0387,2.7646
2025-07-25T07:49:59.428594,huobi,3617.67,3617.68,0.3988,2.7646
2025-07-25T07:49:59.528473,huobi,3617.61,3617.62,1.714,0.0385
2025-07-25T07:49:59.629585,huobi,3618.18,3618.19,0.3988,0.0154
2025-07-25T07:49:59.728525,huobi,3618.18,3618.19,0.3988,0.1013
2025-07-25T07:49:59.828195,huobi,3618.18,3618.69,0.3988,0.0018
2025-07-25T07:49:59.927546,huobi,3618.34,3618.35,0.3988,0.0374
2025-07-25T07:49:59.991443,bitrue,3618.09,3618.18,6.541,1.607
2025-07-25T07:50:00.036337,huobi,3618.34,3618.35,0.3988,0.0374
2025-07-25T07:50:00.428370,huobi,3618.17,3618.35,0.0374,0.0374
2025-07-25T07:50:00.527684,huobi,3618.34,3618.35,0.3988,0.0374
2025-07-25T07:50:00.627386,huobi,3618.34,3618.35,0.0129,0.0374
2025-07-25T07:50:01.035290,bitrue,3618.37,3618.46,6.799,5.521
2025-07-25T07:50:01.327638,huobi,3617.57,3618.16,0.003,0.0018
2025-07-25T07:50:01.430817,huobi,3617.64,3618.69,0.003,0.0039
2025-07-25T07:50:01.530028,huobi,3618.7,3619.0,0.006,0.0075
2025-07-25T07:50:01.631543,huobi,3619.0,3619.72,0.006,0.5412
2025-07-25T07:50:01.728294,huobi,3618.22,3618.68,0.003,2.7636
2025-07-25T07:50:01.828450,huobi,3618.67,3618.68,0.3988,2.7636
2025-07-25T07:50:01.927960,huobi,3618.67,3618.68,0.052,2.7636
2025-07-25T07:50:02.083590,bitrue,3618.91,3619.0,5.318,6.703
2025-07-25T07:50:02.127719,huobi,3618.67,3618.68,0.052,2.8019
2025-07-25T07:50:02.328767,huobi,3618.67,3618.68,1.366,0.0383
2025-07-25T07:50:02.527839,huobi,3618.67,3618.68,1.366,0.0513
2025-07-25T07:50:02.631246,huobi,3618.67,3618.68,0.052,2.8147
2025-07-25T07:50:02.727772,huobi,3618.67,3618.68,0.0806,2.8147
2025-07-25T07:50:03.528614,huobi,3618.67,3618.68,0.0286,2.8147
2025-07-25T07:50:04.028162,huobi,3617.86,3617.87,0.3988,0.1013
2025-07-25T07:50:04.127748,huobi,3617.87,3618.25,3.0,2.764
2025-07-25T07:50:04.170477,bitrue,3618.68,3618.77,0.813,5.401
2025-07-25T07:50:04.229337,huobi,3617.64,3617.88,0.0391,0.0391
2025-07-25T07:50:04.329685,huobi,3617.42,3617.43,0.007,0.1013
2025-07-25T07:50:04.429067,huobi,3617.24,3618.65,3.61,0.4424
2025-07-25T07:50:04.528510,huobi,3617.75,3618.23,0.0045,3.8001
2025-07-25T07:50:04.631259,huobi,3617.32,3617.58,0.0375,0.0376
2025-07-25T07:50:04.728231,huobi,3617.04,3617.05,0.0041,0.1013
2025-07-25T07:50:04.829299,huobi,3617.04,3617.05,0.0041,2.8018
2025-07-25T07:50:05.066704,huobi,3617.04,3617.05,0.3988,2.8009
2025-07-25T07:50:05.128911,huobi,3616.82,3616.83,0.5412,0.1013
2025-07-25T07:50:05.213007,bitrue,3617.25,3617.34,2.458,6.688
2025-07-25T07:50:05.229655,huobi,3616.74,3616.75,0.0373,0.1013
2025-07-25T07:50:05.330307,huobi,3616.93,3616.94,0.3988,2.8021
2025-07-25T07:50:05.529303,huobi,3616.74,3616.75,1.3534,0.1013
2025-07-25T07:50:05.628914,huobi,3616.72,3616.73,3.0,0.1013
2025-07-25T07:50:05.730997,huobi,3616.71,3616.72,4.2912,2.8661
2025-07-25T07:50:05.829679,huobi,3616.71,3616.82,7.2912,0.0361
2025-07-25T07:50:05.928125,huobi,3616.71,3616.82,7.2912,2.8009
2025-07-25T07:50:06.031102,huobi,3616.71,3616.72,8.6074,0.1013
2025-07-25T07:50:06.129983,huobi,3616.71,3616.82,8.6074,0.0361
2025-07-25T07:50:06.228142,huobi,3616.71,3616.72,8.6074,0.1013
2025-07-25T07:50:06.260463,bitrue,3617.25,3617.34,2.458,6.688
2025-07-25T07:50:06.428038,huobi,3616.81,3616.82,0.3988,0.0361
2025-07-25T07:50:06.527622,huobi,3616.71,3616.72,7.2912,0.1013
2025-07-25T07:50:06.626944,huobi,3616.71,3616.72,8.6351,0.1013
2025-07-25T07:50:06.727461,huobi,3616.81,3616.82,0.3988,2.8009
2025-07-25T07:50:06.827911,huobi,3616.81,3616.82,1.3161,0.0361
2025-07-25T07:50:07.529018,huobi,3616.81,3616.82,1.3325,0.0361
2025-07-25T07:50:07.630537,huobi,3616.92,3616.93,1.7148,0.013
2025-07-25T07:50:07.726909,huobi,3616.92,3616.93,3.1467,0.013
2025-07-25T07:50:07.830241,huobi,3616.92,3616.93,3.1467,0.0524
2025-07-25T07:50:08.228640,huobi,3616.92,3616.93,1.7148,0.0524
2025-07-25T07:50:08.327806,huobi,3616.92,3616.93,1.7148,2.817
2025-07-25T07:50:08.426963,huobi,3616.92,3616.93,1.7148,0.0524
2025-07-25T07:50:08.630085,huobi,3616.71,3616.72,4.2912,0.1013
2025-07-25T07:50:08.728979,huobi,3616.71,3616.72,4.2912,2.8661
2025-07-25T07:50:08.828075,huobi,3616.71,3616.72,4.2912,2.9057
2025-07-25T07:50:10.246184,bitrue,3616.83,3616.92,0.022,6.651
2025-07-25T07:50:10.246940,huobi,3616.71,3616.72,4.2912,3.3039
2025-07-25T07:50:10.247181,huobi,3616.71,3616.72,4.2912,2.9187
2025-07-25T07:50:10.441307,bitrue,3616.45,3616.54,0.879,5.427
2025-07-25T07:50:12.728549,huobi,3616.71,3616.72,4.2912,2.8174
2025-07-25T07:50:13.428618,huobi,3616.71,3616.72,5.6595,0.0526
2025-07-25T07:50:13.528192,huobi,3616.71,3616.72,4.3488,0.0526
2025-07-25T07:50:13.580626,bitrue,3616.81,3616.92,6.704,6.651
2025-07-25T07:50:13.728046,huobi,3616.71,3616.72,4.3488,2.8174
2025-07-25T07:50:13.928439,huobi,3616.71,3616.72,5.7087,2.7648
2025-07-25T07:50:14.027938,huobi,3616.72,3617.55,1.3188,2.7646
2025-07-25T07:50:14.127567,huobi,3616.72,3617.53,1.3188,0.7585
2025-07-25T07:50:14.228760,huobi,3616.92,3616.93,0.3988,2.8035
2025-07-25T07:50:14.328751,huobi,3616.71,3616.72,4.2912,0.1013
2025-07-25T07:50:14.428107,huobi,3616.71,3616.72,4.2912,2.7648
2025-07-25T07:50:14.626181,bitrue,3616.81,3617.21,6.704,5.411
2025-07-25T07:50:14.727731,huobi,3616.71,3616.72,4.2912,2.8047
2025-07-25T07:50:15.027542,huobi,3616.71,3616.72,4.2912,2.8177
2025-07-25T07:50:15.428499,huobi,3616.71,3616.72,4.2912,3.5593
2025-07-25T07:50:15.675623,bitrue,3616.61,3616.7,7.292,6.127
2025-07-25T07:50:16.227149,huobi,3616.71,3616.72,4.2912,2.8177
2025-07-25T07:50:17.829314,huobi,3616.71,3616.72,4.2912,3.2159
2025-07-25T07:50:18.128920,huobi,3616.17,3616.18,0.4,0.036
2025-07-25T07:50:18.228884,huobi,3616.17,3616.18,0.4,2.8013
2025-07-25T07:50:18.627938,huobi,3616.17,3616.18,0.4,2.8143
2025-07-25T07:50:18.830525,bitrue,3615.96,3616.05,3.314,6.544
2025-07-25T07:50:18.928198,huobi,3615.26,3615.74,4.3177,0.139
2025-07-25T07:50:19.029602,huobi,3615.73,3615.74,0.052,0.0377
2025-07-25T07:50:19.128401,huobi,3615.73,3615.74,1.3697,0.0377
2025-07-25T07:50:19.327059,huobi,3616.09,3616.1,0.3988,2.7816
2025-07-25T07:50:19.527258,huobi,3615.73,3616.1,0.052,2.8198
2025-07-25T07:50:19.627385,huobi,3615.88,3615.89,1.7681,0.0524
2025-07-25T07:50:19.872165,huobi,3615.88,3615.89,0.052,2.8179
2025-07-25T07:50:19.879745,bitrue,3616.17,3616.26,5.356,5.926
2025-07-25T07:50:20.131707,huobi,3615.63,3615.64,1.3217,0.1013
2025-07-25T07:50:20.328353,huobi,3615.63,3615.72,1.3217,0.0393
2025-07-25T07:50:20.428127,huobi,3615.71,3615.72,1.7163,0.0393
2025-07-25T07:50:20.629379,huobi,3615.71,3615.72,1.7163,0.0523
2025-07-25T07:50:20.730651,huobi,3615.72,3616.1,0.003,0.0162
2025-07-25T07:50:20.830516,huobi,3616.09,3616.1,0.487,0.0162
2025-07-25T07:50:20.926677,bitrue,3615.96,3616.26,3.314,5.926
2025-07-25T07:50:20.928953,huobi,3616.09,3616.1,0.052,2.7816
2025-07-25T07:50:21.027844,huobi,3616.09,3616.1,0.052,2.8186
2025-07-25T07:50:21.728280,huobi,3615.45,3615.82,0.004,2.8668
2025-07-25T07:50:21.827864,huobi,3615.63,3615.64,1.3566,0.1013
2025-07-25T07:50:21.928213,huobi,3615.63,3615.86,1.3566,2.7657
2025-07-25T07:50:21.971991,bitrue,3615.96,3616.59,3.314,6.527
2025-07-25T07:50:22.227663,huobi,3615.86,3615.87,1.716,0.0388
2025-07-25T07:50:22.344557,huobi,3615.86,3615.87,1.3172,0.0388
2025-07-25T07:50:22.729988,huobi,3616.09,3616.1,1.7158,0.0162
2025-07-25T07:50:22.827926,huobi,3616.09,3616.1,1.317,0.0162
2025-07-25T07:50:22.927090,huobi,3616.09,3616.1,1.317,0.0532
2025-07-25T07:50:23.016721,bitrue,3616.05,3616.14,1.469,7.215
2025-07-25T07:50:23.229425,huobi,3616.09,3616.1,1.317,0.0662
2025-07-25T07:50:23.628776,huobi,3616.09,3616.1,1.369,0.0162
2025-07-25T07:50:23.728177,huobi,3616.09,3616.1,1.4062,0.0162
2025-07-25T07:50:23.827442,huobi,3616.09,3616.1,4.4062,0.0162
2025-07-25T07:50:23.928757,huobi,3616.09,3616.1,0.0892,0.0119
2025-07-25T07:50:24.060892,bitrue,3616.45,3616.98,6.607,7.954
2025-07-25T07:50:24.327292,huobi,3616.56,3616.57,0.3988,0.013
2025-07-25T07:50:24.428603,huobi,3616.56,3616.57,1.7673,0.0249
2025-07-25T07:50:24.626693,huobi,3616.56,3616.57,0.4508,2.7899
2025-07-25T07:50:24.726730,huobi,3616.56,3616.57,1.7948,2.7899
2025-07-25T07:50:24.846717,huobi,3616.56,3616.57,0.0796,2.8296
2025-07-25T07:50:25.106413,bitrue,3616.89,3616.98,7.229,7.954
2025-07-25T07:50:25.228901,huobi,3616.56,3616.57,0.0276,2.8296
2025-07-25T07:50:25.926621,huobi,3616.28,3616.29,0.0045,2.7651
2025-07-25T07:50:26.027154,huobi,3616.28,3616.29,0.3988,2.7651
2025-07-25T07:50:26.149886,bitrue,3616.49,3616.58,7.614,5.974
2025-07-25T07:50:26.427190,huobi,3616.28,3616.29,0.3988,2.7781
2025-07-25T07:50:26.530480,huobi,3616.31,3616.32,0.3988,0.0379
2025-07-25T07:50:26.727337,huobi,3616.31,3616.32,0.3988,2.8031
2025-07-25T07:50:26.828355,huobi,3616.09,3616.32,0.0384,2.8031
2025-07-25T07:50:27.128382,huobi,3616.31,3616.32,0.3988,2.8031
2025-07-25T07:50:27.327186,huobi,3616.09,3616.32,0.0384,0.0379
2025-07-25T07:50:27.427470,huobi,3616.16,3616.17,1.7157,0.013
2025-07-25T07:50:27.827067,huobi,3616.03,3616.04,1.7158,0.1013
2025-07-25T07:50:27.926468,huobi,3616.16,3616.17,0.3988,2.7902
2025-07-25T07:50:28.026689,huobi,3615.88,3616.17,0.0039,2.7902
2025-07-25T07:50:28.126456,huobi,3616.16,3616.17,0.3988,2.7902
2025-07-25T07:50:28.242463,bitrue,3616.49,3616.58,7.614,5.974
2025-07-25T07:50:28.326914,huobi,3615.93,3616.17,0.0391,2.7902
2025-07-25T07:50:28.528010,huobi,3616.16,3616.17,0.3988,2.7902
2025-07-25T07:50:28.827130,huobi,3615.93,3616.17,0.0391,2.7902
2025-07-25T07:50:28.928195,huobi,3616.16,3616.17,0.3988,2.7902
2025-07-25T07:50:29.126675,huobi,3616.16,3616.17,0.3988,0.0249
2025-07-25T07:50:29.227775,huobi,3616.16,3616.17,1.7157,0.0249
2025-07-25T07:50:29.627613,huobi,3616.16,3616.17,1.7433,0.0249
2025-07-25T07:50:33.229688,huobi,3616.16,3616.17,1.3445,2.7902
2025-07-25T07:50:33.328225,huobi,3616.16,3616.17,1.3445,0.0249
2025-07-25T07:50:33.427281,huobi,3616.16,3616.17,1.3445,2.7902
2025-07-25T07:50:33.727890,huobi,3616.16,3616.17,0.0276,2.7902
2025-07-25T07:50:34.328265,huobi,3616.16,3616.17,0.0276,2.8277
2025-07-25T07:50:34.730005,huobi,3615.35,3615.66,0.0044,0.038
2025-07-25T07:50:34.830587,huobi,3615.37,3615.38,0.4355,0.1013
2025-07-25T07:50:34.942970,huobi,3615.65,3615.66,1.7163,0.038
2025-07-25T07:50:35.127848,huobi,3615.7,3616.17,1.3172,0.0119
2025-07-25T07:50:35.230083,huobi,3615.7,3616.16,1.3172,2.7655
2025-07-25T07:50:35.428105,huobi,3615.72,3615.73,1.7682,0.0394
2025-07-25T07:50:35.571394,bitrue,3616.04,3616.13,5.435,7.861
2025-07-25T07:50:35.728054,huobi,3615.72,3615.73,1.773,0.0524
2025-07-25T07:50:35.828174,huobi,3615.72,3615.73,1.3742,2.818
2025-07-25T07:50:36.027977,huobi,3615.72,3615.73,1.3742,0.0524
2025-07-25T07:50:36.129537,huobi,3615.72,3615.73,1.3742,2.818
2025-07-25T07:50:36.330310,huobi,3615.72,3615.73,1.3742,0.0524
2025-07-25T07:50:36.828164,huobi,3615.72,3615.73,1.3742,0.013
2025-07-25T07:50:37.330365,huobi,3615.72,3615.73,1.414,0.013
2025-07-25T07:50:38.028197,huobi,3615.76,3615.77,1.7682,0.013
2025-07-25T07:50:38.127146,huobi,3615.76,3615.77,1.8066,0.013
2025-07-25T07:50:38.427663,huobi,3615.76,3616.02,1.8066,0.0371
2025-07-25T07:50:38.550322,huobi,3616.01,3616.02,1.7679,0.0371
2025-07-25T07:50:38.707288,bitrue,3616.32,3616.41,5.588,6.334
2025-07-25T07:50:38.830643,huobi,3616.16,3616.17,1.7158,0.0119
2025-07-25T07:50:39.226991,huobi,3616.16,3616.17,1.7158,0.0499
2025-07-25T07:50:39.526945,huobi,3616.16,3616.17,1.7434,0.0629
2025-07-25T07:50:39.754393,bitrue,3616.37,3616.58,7.817,5.974
2025-07-25T07:50:39.764136,huobi,3616.16,3616.17,0.4264,0.0629
2025-07-25T07:50:39.828223,huobi,3616.16,3616.17,0.0276,2.8282
2025-07-25T07:50:40.529449,huobi,3615.88,3615.89,0.004,2.8048
2025-07-25T07:50:40.727697,huobi,3615.69,3615.7,0.3988,2.8023
2025-07-25T07:50:40.799683,bitrue,3615.96,3616.58,3.314,5.974
2025-07-25T07:50:40.828145,huobi,3615.69,3615.7,0.3988,0.0366
2025-07-25T07:50:40.926923,huobi,3615.51,3615.7,1.3175,2.8023
2025-07-25T07:50:41.127873,huobi,3615.69,3615.7,0.3988,2.8023
2025-07-25T07:50:41.331991,huobi,3615.69,3615.7,1.7162,0.0366
2025-07-25T07:50:41.431661,huobi,3615.73,3616.17,0.003,0.0119
2025-07-25T07:50:41.527597,huobi,3615.86,3615.87,1.7681,0.013
2025-07-25T07:50:41.861119,bitrue,3616.19,3616.28,6.112,3.324
2025-07-25T07:50:42.327125,huobi,3615.86,3615.87,0.052,2.7785
2025-07-25T07:50:42.427101,huobi,3615.68,3615.69,0.3988,0.0398
2025-07-25T07:50:42.527974,huobi,3615.59,3615.69,1.3174,2.8055
2025-07-25T07:50:42.627834,huobi,3615.68,3615.69,1.7163,0.0398
2025-07-25T07:50:42.727601,huobi,3615.69,3616.16,0.003,2.7657
2025-07-25T07:50:42.827097,huobi,3615.68,3616.17,1.3695,0.0119
2025-07-25T07:50:42.918367,bitrue,3615.81,3616.07,7.371,7.498
2025-07-25T07:50:42.929096,huobi,3615.77,3615.78,0.4508,0.0386
2025-07-25T07:50:43.028827,huobi,3615.77,3615.78,0.052,0.0386
2025-07-25T07:50:43.127645,huobi,3615.77,3615.78,0.052,2.8042
2025-07-25T07:50:43.327055,huobi,3615.77,3615.78,1.3693,0.0386
2025-07-25T07:50:43.529005,huobi,3616.16,3616.17,0.052,2.7772
2025-07-25T07:50:43.727332,huobi,3616.16,3616.17,0.052,2.8145
2025-07-25T07:50:43.827915,huobi,3616.16,3616.17,0.052,2.8275
2025-07-25T07:50:43.972024,bitrue,3616.44,3616.53,4.852,6.744
2025-07-25T07:50:44.127373,huobi,3615.75,3615.76,0.0045,2.8036
2025-07-25T07:50:44.227141,huobi,3615.75,3615.76,1.3174,0.0381
2025-07-25T07:50:44.327097,huobi,3615.75,3615.76,1.3174,2.8037
2025-07-25T07:50:44.427723,huobi,3615.75,3615.76,1.3174,0.0381
2025-07-25T07:50:44.626818,huobi,3615.76,3616.12,0.003,2.7656
2025-07-25T07:50:44.827476,huobi,3615.76,3616.16,0.4018,2.7656
2025-07-25T07:50:44.927650,huobi,3615.81,3615.82,1.7161,0.0363
2025-07-25T07:50:45.015576,bitrue,3615.81,3615.92,7.371,5.318
2025-07-25T07:50:45.527173,huobi,3615.68,3616.16,0.0396,2.7653
2025-07-25T07:50:45.627552,huobi,3615.88,3616.16,0.038,2.7653
2025-07-25T07:50:45.730552,huobi,3615.78,3616.17,1.3171,0.0119
2025-07-25T07:50:45.826744,huobi,3616.05,3616.06,0.3988,0.0392
2025-07-25T07:50:45.927110,huobi,3615.92,3615.93,1.768,0.0392
2025-07-25T07:50:46.068225,bitrue,3616.01,3616.1,5.521,0.057
2025-07-25T07:50:46.427311,huobi,3616.16,3616.17,0.3988,0.0119
2025-07-25T07:50:46.630351,huobi,3616.16,3616.17,1.7157,0.0119
2025-07-25T07:50:46.828440,huobi,3616.16,3616.17,1.7216,0.0249
2025-07-25T07:50:47.111718,bitrue,3616.3,3616.39,5.889,0.103
2025-07-25T07:50:47.184999,huobi,3616.77,3617.19,3.0,0.3
2025-07-25T07:50:47.230087,huobi,3616.83,3617.8,3.401,0.0038
2025-07-25T07:50:47.330454,huobi,3617.92,3617.93,0.3988,0.0043
2025-07-25T07:50:47.431249,huobi,3617.95,3619.06,1.3142,0.0024
2025-07-25T07:50:47.632173,huobi,3618.05,3618.06,1.7136,0.0375
2025-07-25T07:50:47.830166,huobi,3618.05,3618.06,1.7135,0.0375
2025-07-25T07:50:48.027892,huobi,3617.9,3618.06,0.0378,2.8014
2025-07-25T07:50:48.129102,huobi,3617.9,3618.05,0.0378,2.7639
2025-07-25T07:50:48.155144,bitrue,3617.4,3618.28,6.506,6.422
2025-07-25T07:50:48.627448,huobi,3617.9,3617.91,0.0378,2.7769
2025-07-25T07:50:48.728361,huobi,3617.9,3617.91,0.0378,0.013
2025-07-25T07:50:48.829619,huobi,3617.9,3617.91,1.3527,0.013
2025-07-25T07:50:49.203091,bitrue,3618.18,3618.28,7.267,6.422
2025-07-25T07:50:49.727525,huobi,3617.9,3617.91,1.3527,2.777
2025-07-25T07:50:49.827256,huobi,3617.9,3617.91,0.0654,2.777
2025-07-25T07:50:50.027035,huobi,3617.9,3617.91,0.0276,2.777
2025-07-25T07:50:50.243276,bitrue,3618.18,3618.28,7.267,6.422
2025-07-25T07:50:50.827185,huobi,3617.9,3617.91,0.0276,5.541
2025-07-25T07:50:50.927439,huobi,3617.9,3617.91,0.0276,0.013
2025-07-25T07:50:51.027495,huobi,3617.9,3617.91,1.3425,0.013
2025-07-25T07:50:51.628877,huobi,3617.9,3617.91,1.3814,0.013
2025-07-25T07:50:53.128060,huobi,3618.16,3618.89,0.0384,2.764
2025-07-25T07:50:53.230102,huobi,3618.37,3619.16,0.0388,0.0067
2025-07-25T07:50:53.330461,huobi,3618.74,3618.75,0.3988,0.0397
2025-07-25T07:50:53.428594,huobi,3618.12,3618.75,1.3143,0.0397
2025-07-25T07:50:53.504226,bitrue,3618.62,3618.71,5.5,0.136
2025-07-25T07:50:53.528485,huobi,3618.17,3618.75,3.0,0.0397
2025-07-25T07:50:53.629097,huobi,3618.74,3618.75,0.3988,2.803
2025-07-25T07:50:53.728766,huobi,3618.56,3618.75,0.0396,0.0397
2025-07-25T07:50:53.827713,huobi,3618.74,3618.75,0.3988,0.0397
2025-07-25T07:50:54.029155,huobi,3618.75,3619.49,1.3139,2.763
2025-07-25T07:50:54.128321,huobi,3618.75,3619.48,1.3139,1.3119
2025-07-25T07:50:54.231434,huobi,3618.9,3619.64,1.7126,1.517
2025-07-25T07:50:54.327661,huobi,3618.91,3619.63,0.003,2.7629
2025-07-25T07:50:54.430872,huobi,3618.91,3619.62,0.003,1.517
2025-07-25T07:50:54.527431,huobi,3618.96,3618.97,0.3988,0.039
2025-07-25T07:50:54.548729,bitrue,3619.19,3619.28,6.286,3.434
2025-07-25T07:50:54.627738,huobi,3618.96,3618.97,0.3988,0.052
2025-07-25T07:50:54.727410,huobi,3618.79,3618.97,0.0363,0.039
2025-07-25T07:50:54.827076,huobi,3618.96,3618.97,0.3988,0.039
2025-07-25T07:50:56.426583,huobi,3618.81,3618.97,1.3138,0.039
2025-07-25T07:50:56.527302,huobi,3618.96,3618.97,0.3988,0.039
2025-07-25T07:50:56.631426,huobi,3618.96,3618.97,0.3988,0.052
2025-07-25T07:50:56.736231,huobi,3618.96,3618.97,0.3988,0.039
2025-07-25T07:50:57.230584,huobi,3618.79,3618.96,0.0363,2.7632
2025-07-25T07:50:57.527426,huobi,3618.96,3618.97,1.3137,0.039
2025-07-25T07:50:57.627051,huobi,3618.96,3618.97,1.7125,0.039
2025-07-25T07:50:58.227015,huobi,3618.96,3619.93,1.7125,3.003
2025-07-25T07:50:58.326892,huobi,3618.96,3619.89,1.7125,3.0
2025-07-25T07:50:58.427572,huobi,3618.96,3619.88,1.7125,0.0036
2025-07-25T07:50:58.527653,huobi,3618.97,3618.98,1.7125,0.0364
2025-07-25T07:50:58.727577,huobi,3618.97,3618.98,1.3137,0.0364
2025-07-25T07:50:59.027183,huobi,3618.97,3618.98,1.3137,2.7996
2025-07-25T07:50:59.127624,huobi,3618.97,3618.98,1.3137,2.8126
2025-07-25T07:50:59.276077,huobi,3618.97,3618.98,1.338,2.8126
2025-07-25T07:50:59.327478,huobi,3618.97,3618.98,0.0243,2.8126
2025-07-25T07:51:00.039039,huobi,3618.31,3618.72,0.0073,0.1969
2025-07-25T07:51:00.130984,huobi,3617.87,3618.56,0.0074,2.7636
2025-07-25T07:51:00.228817,huobi,3618.32,3618.56,0.0384,2.7636
2025-07-25T07:51:00.332288,huobi,3617.73,3618.56,7.0131,2.7636
2025-07-25T07:51:00.430225,huobi,3617.73,3617.99,7.0131,0.0376
2025-07-25T07:51:00.529111,huobi,3617.73,3617.78,7.0131,2.7641
2025-07-25T07:51:00.628850,huobi,3617.73,3617.74,7.0131,2.8029
2025-07-25T07:51:00.841546,bitrue,3618.02,3618.11,1.323,6.67
2025-07-25T07:51:01.028003,huobi,3616.81,3617.72,0.0038,2.7644
2025-07-25T07:51:01.127004,huobi,3617.48,3617.49,0.3988,0.013
2025-07-25T07:51:01.227142,huobi,3617.48,3617.49,1.3154,0.013
2025-07-25T07:51:01.328727,huobi,3617.48,3617.49,0.3988,0.013
2025-07-25T07:51:01.428765,huobi,3617.2,3617.49,0.0038,2.7773
2025-07-25T07:51:01.526262,huobi,3616.76,3617.49,3.607,2.7773
2025-07-25T07:51:01.626840,huobi,3616.76,3617.49,3.607,2.7643
2025-07-25T07:51:01.768872,huobi,3616.76,3617.45,1.9514,2.7646
2025-07-25T07:51:01.828940,huobi,3617.25,3617.26,0.0362,0.055
2025-07-25T07:51:01.888462,bitrue,3617.4,3617.91,6.506,7.835
2025-07-25T07:51:01.926834,huobi,3617.45,3617.46,0.3988,2.8034
2025-07-25T07:51:02.026311,huobi,3617.25,3617.26,0.0362,0.055
2025-07-25T07:51:02.135555,huobi,3617.45,3617.46,0.3988,0.0391
2025-07-25T07:51:02.327260,huobi,3617.25,3617.46,0.0362,0.0391
2025-07-25T07:51:02.426112,huobi,3617.45,3617.46,0.3988,0.0391
2025-07-25T07:51:02.526388,huobi,3617.25,3617.46,0.0362,0.0391
2025-07-25T07:51:02.628433,huobi,3617.25,3617.46,0.0362,2.8034
2025-07-25T07:51:02.728210,huobi,3617.25,3617.26,0.0362,2.8195
2025-07-25T07:51:02.827009,huobi,3617.01,3617.02,0.0076,0.055
2025-07-25T07:51:02.935395,bitrue,3617.7,3617.79,0.072,5.508
2025-07-25T07:51:03.026210,huobi,3617.01,3617.02,0.0466,0.055
2025-07-25T07:51:03.126581,huobi,3617.21,3617.22,0.3988,0.013
2025-07-25T07:51:03.329231,huobi,3617.21,3617.22,0.4353,0.013
2025-07-25T07:51:03.726270,huobi,3617.21,3617.22,0.4353,0.02
2025-07-25T07:51:03.986417,bitrue,3617.55,3617.64,4.379,6.42
2025-07-25T07:51:04.425557,huobi,3617.21,3617.22,0.4629,0.02
2025-07-25T07:51:04.727027,huobi,3617.21,3617.22,3.5149,0.007
2025-07-25T07:51:05.030255,bitrue,3617.82,3617.91,7.12,7.835
2025-07-25T07:51:06.074028,bitrue,3617.82,3617.91,7.12,7.835
2025-07-25T07:51:06.227532,huobi,3617.21,3617.22,3.4629,0.007
2025-07-25T07:51:06.329902,huobi,3617.21,3618.23,3.4629,0.0044
2025-07-25T07:51:06.427022,huobi,3617.7,3618.59,0.0381,0.3
2025-07-25T07:51:06.527701,huobi,3617.87,3617.88,0.4508,2.8037
2025-07-25T07:51:06.630816,huobi,3617.87,3617.88,0.052,0.0397
2025-07-25T07:51:06.932961,huobi,3617.59,3617.6,0.0039,2.8191
2025-07-25T07:51:07.029149,huobi,3616.97,3617.53,3.003,0.0376
2025-07-25T07:51:07.124695,bitrue,3618.05,3618.14,6.719,6.716
2025-07-25T07:51:07.127225,huobi,3617.58,3618.21,0.0379,2.7642
2025-07-25T07:51:07.328143,huobi,3617.71,3617.72,0.3988,0.0385
2025-07-25T07:51:07.427126,huobi,3617.71,3618.58,0.4508,3.0
2025-07-25T07:51:07.525657,huobi,3617.88,3618.59,0.0392,0.3
2025-07-25T07:51:07.626138,huobi,3617.88,3617.89,0.0392,0.055
2025-07-25T07:51:07.728338,huobi,3617.88,3617.89,0.0392,2.819
2025-07-25T07:51:08.026163,huobi,3617.88,3617.89,0.0392,2.764
2025-07-25T07:51:08.174355,bitrue,3618.31,3618.4,6.343,6.366
2025-07-25T07:51:08.330847,huobi,3617.97,3617.98,0.3988,0.013
2025-07-25T07:51:08.727382,huobi,3617.97,3618.59,0.4359,0.3
2025-07-25T07:51:08.827090,huobi,3618.22,3618.23,0.3988,0.0366
2025-07-25T07:51:09.218868,bitrue,3618.45,3618.54,7.849,0.113
2025-07-25T07:51:09.226512,huobi,3618.22,3618.59,0.3988,0.3
2025-07-25T07:51:09.325883,huobi,3618.58,3618.59,0.3988,3.0636
2025-07-25T07:51:09.426103,huobi,3618.07,3618.59,1.1706,3.0636
2025-07-25T07:51:09.543865,huobi,3618.3,3618.31,0.3988,0.0397
2025-07-25T07:51:09.827217,huobi,3618.23,3618.24,1.0924,0.055
2025-07-25T07:51:10.026713,huobi,3618.3,3618.31,0.3988,2.8034
2025-07-25T07:51:10.129967,huobi,3618.23,3618.24,1.0924,0.055
2025-07-25T07:51:10.226329,huobi,3618.3,3618.31,0.3988,0.0397
2025-07-25T07:51:11.120419,bitrue,3618.45,3618.73,7.849,7.205
2025-07-25T07:51:11.120473,huobi,3618.23,3618.31,1.0924,0.0397
2025-07-25T07:51:11.120545,huobi,3618.3,3618.31,0.3988,0.0397
2025-07-25T07:51:11.120665,huobi,3618.23,3618.24,1.0924,2.8187
2025-07-25T07:51:11.120755,huobi,3618.3,3618.31,0.3988,2.8034
2025-07-25T07:51:11.120905,huobi,3618.23,3618.24,1.0924,2.8187
2025-07-25T07:51:11.127043,huobi,3618.23,3618.24,1.0962,2.8317
2025-07-25T07:51:11.427691,huobi,3618.23,3618.24,1.0962,2.8692
2025-07-25T07:51:11.630354,huobi,3618.23,3618.24,1.0924,2.9227
2025-07-25T07:51:11.727397,huobi,3618.23,3618.24,1.0924,2.9212
2025-07-25T07:51:11.826980,huobi,3617.53,3617.54,0.0367,2.8193
2025-07-25T07:51:12.026934,huobi,3617.25,3617.26,0.0044,2.8194
2025-07-25T07:51:12.126542,huobi,3616.9,3617.5,2.2605,2.7646
2025-07-25T07:51:12.226959,huobi,3617.29,3617.3,0.0381,0.055
2025-07-25T07:51:12.327016,huobi,3617.29,3617.3,0.0381,2.8194
2025-07-25T07:51:12.359849,bitrue,3617.82,3617.92,7.12,6.376
2025-07-25T07:51:12.626195,huobi,3617.29,3617.3,0.0381,0.055
2025-07-25T07:51:12.726628,huobi,3617.29,3617.3,0.0381,2.8194
2025-07-25T07:51:12.828438,huobi,3616.8,3617.29,0.0038,2.7644
2025-07-25T07:51:12.926901,huobi,3616.69,3617.28,0.5412,2.8039
2025-07-25T07:51:13.126487,huobi,3617.06,3617.07,0.0421,0.055
2025-07-25T07:51:13.227345,huobi,3617.21,3617.22,0.3988,0.013
2025-07-25T07:51:13.411075,bitrue,3617.55,3617.92,4.379,6.376
2025-07-25T07:51:13.726174,huobi,3617.21,3617.22,0.4382,0.013
2025-07-25T07:51:13.826551,huobi,3617.63,3617.64,0.3988,2.8034
2025-07-25T07:51:13.926183,huobi,3617.43,3617.44,0.0365,0.055
2025-07-25T07:51:14.426769,huobi,3617.63,3617.64,0.3988,2.8033
2025-07-25T07:51:14.452908,bitrue,3617.55,3617.92,4.379,6.376
2025-07-25T07:51:14.527519,huobi,3617.43,3617.64,0.0365,0.0391
2025-07-25T07:51:14.626760,huobi,3617.63,3617.64,0.3988,0.0391
2025-07-25T07:51:14.731590,huobi,3617.43,3617.44,0.0365,0.055
2025-07-25T07:51:14.826556,huobi,3617.43,3617.64,0.0365,0.0391
2025-07-25T07:51:14.926229,huobi,3617.43,3617.44,0.0365,0.055
2025-07-25T07:51:15.125588,huobi,3617.43,3617.62,0.0365,2.7643
2025-07-25T07:51:15.226618,huobi,3617.46,3617.47,0.3988,0.013
2025-07-25T07:51:15.326096,huobi,3617.43,3617.44,0.0365,0.055
2025-07-25T07:51:15.426551,huobi,3617.46,3617.47,0.3988,2.7773
2025-07-25T07:51:15.535846,huobi,3617.1,3617.11,5.7686,0.055
2025-07-25T07:51:15.629580,huobi,3617.1,3617.47,5.7646,0.013
2025-07-25T07:51:15.726766,huobi,3617.46,3617.47,0.0203,2.7773
2025-07-25T07:51:15.926376,huobi,3617.46,3617.47,0.0203,2.816
2025-07-25T07:51:16.546732,bitrue,3617.54,3617.63,1.653,7.891
2025-07-25T07:51:16.627247,huobi,3616.45,3617.08,0.5412,2.7646
2025-07-25T07:51:16.728714,huobi,3616.48,3617.08,3.0,2.7646
2025-07-25T07:51:16.826237,huobi,3616.5,3617.09,5.7648,0.0399
2025-07-25T07:51:16.927175,huobi,3617.07,3617.08,0.3988,2.7648
2025-07-25T07:51:17.026717,huobi,3617.08,3617.09,0.3988,0.0399
2025-07-25T07:51:17.227281,huobi,3617.08,3617.09,2.7646,0.0529
2025-07-25T07:51:17.426098,huobi,3617.08,3617.09,2.7646,2.8175
2025-07-25T07:51:17.591927,bitrue,3617.33,3617.42,4.608,7.13
2025-07-25T07:51:17.926315,huobi,3617.08,3617.09,2.7646,0.0529
2025-07-25T07:51:18.126185,huobi,3617.08,3617.09,2.7646,2.8175
2025-07-25T07:51:18.326838,huobi,3617.08,3617.09,2.7774,2.8175
2025-07-25T07:51:18.727722,huobi,3617.08,3617.09,0.0128,2.8175
2025-07-25T07:51:19.225832,huobi,3617.08,3617.09,2.7774,0.0529
2025-07-25T07:51:19.326901,huobi,3617.08,3617.09,2.7774,2.8175
2025-07-25T07:51:19.529334,huobi,3617.08,3617.09,2.7774,0.0529
2025-07-25T07:51:19.726870,huobi,3617.08,3617.09,2.7774,2.8175
2025-07-25T07:51:19.826752,huobi,3617.08,3617.09,2.7774,0.0529
2025-07-25T07:51:19.925637,huobi,3617.08,3617.09,2.7774,2.7776
2025-07-25T07:51:20.026144,huobi,3617.08,3617.09,0.0128,2.7776
2025-07-25T07:51:20.326906,huobi,3617.08,3617.09,2.7774,2.7776
2025-07-25T07:51:20.426598,huobi,3617.08,3617.09,0.0128,2.7776
2025-07-25T07:51:21.326568,huobi,3617.08,3617.09,0.0128,2.8144
2025-07-25T07:51:21.773285,bitrue,3617.21,3617.3,0.058,5.928
2025-07-25T07:51:22.427719,huobi,3616.21,3617.09,3.0,2.7646
2025-07-25T07:51:22.629433,huobi,3616.2,3616.32,4.2833,0.055
2025-07-25T07:51:22.763153,huobi,3616.31,3617.47,3.2021,1.517
2025-07-25T07:51:22.825612,huobi,3616.44,3617.33,0.0361,0.007
2025-07-25T07:51:22.826579,bitrue,3616.9,3616.99,0.165,5.514
2025-07-25T07:51:22.926895,huobi,3616.44,3616.65,0.0361,0.0389
2025-07-25T07:51:23.026080,huobi,3616.44,3616.45,2.8011,0.055
2025-07-25T07:51:23.226184,huobi,3616.64,3616.65,0.3988,2.8037
2025-07-25T07:51:23.327340,huobi,3616.65,3617.21,0.003,2.7648
2025-07-25T07:51:23.426584,huobi,3616.21,3617.2,3.0,0.4464
2025-07-25T07:51:23.526310,huobi,3616.21,3617.16,3.0,4.1654
2025-07-25T07:51:23.626409,huobi,3616.35,3616.36,0.0391,0.055
2025-07-25T07:51:23.727024,huobi,3616.54,3616.55,0.3988,2.8029
2025-07-25T07:51:23.826937,huobi,3616.44,3616.45,0.039,0.055
2025-07-25T07:51:23.871414,bitrue,3616.9,3616.99,0.165,5.514
2025-07-25T07:51:23.926702,huobi,3616.44,3616.55,2.8041,0.0379
2025-07-25T07:51:24.026088,huobi,3616.54,3616.55,0.3988,2.8029
2025-07-25T07:51:24.126160,huobi,3616.44,3616.45,2.8041,0.055
2025-07-25T07:51:24.325952,huobi,3616.54,3616.55,2.7651,0.0379
2025-07-25T07:51:24.426581,huobi,3616.54,3616.55,2.7927,0.0379
2025-07-25T07:51:24.926549,huobi,3616.54,3616.55,0.0276,2.8132
2025-07-25T07:51:25.427685,huobi,3616.54,3616.55,0.0276,0.0482
2025-07-25T07:51:25.526338,huobi,3616.54,3616.55,0.0276,2.8132
2025-07-25T07:51:25.625999,huobi,3616.54,3616.55,0.0276,0.0482
2025-07-25T07:51:25.730527,huobi,3616.54,3616.55,2.7926,0.0482
2025-07-25T07:51:25.927104,huobi,3616.54,3616.55,0.0276,0.0482
2025-07-25T07:51:25.960511,bitrue,3616.63,3616.99,5.611,5.514
2025-07-25T07:51:26.126094,huobi,3616.54,3616.55,2.7926,0.0482
2025-07-25T07:51:26.226051,huobi,3616.54,3616.55,0.0276,0.0482
2025-07-25T07:51:26.428817,huobi,3616.54,3616.55,0.0276,2.8132
2025-07-25T07:51:26.527575,huobi,3616.54,3616.55,2.7926,0.0482
2025-07-25T07:51:26.727034,huobi,3616.54,3616.55,2.8446,0.0482
2025-07-25T07:51:27.030274,huobi,3616.54,3616.55,0.0276,2.7753
2025-07-25T07:51:27.231028,huobi,3616.2,3616.21,4.2833,2.8589
2025-07-25T07:51:27.527336,huobi,3616.2,3616.21,4.2833,0.0938
2025-07-25T07:51:27.627260,huobi,3616.2,3616.21,4.2833,2.8591
2025-07-25T07:51:28.028532,huobi,3616.2,3616.21,4.2377,2.9111
2025-07-25T07:51:28.047646,bitrue,3616.12,3616.21,2.709,7.79
2025-07-25T07:51:28.129294,huobi,3615.16,3615.55,0.3,2.7659
2025-07-25T07:51:28.230420,huobi,3615.16,3615.17,0.3,2.8211
2025-07-25T07:51:28.328967,huobi,3615.16,3615.17,0.3,2.861
2025-07-25T07:51:28.627251,huobi,3615.16,3615.17,0.3,2.8713
2025-07-25T07:51:28.829809,huobi,3615.16,3615.17,0.1145,3.3137
2025-07-25T07:51:28.928245,huobi,3615.16,3615.17,0.1145,2.8713
2025-07-25T07:51:29.033510,huobi,3613.78,3615.02,0.0141,3.0
2025-07-25T07:51:29.092088,bitrue,3614.6,3615.05,5.469,5.646
2025-07-25T07:51:29.129186,huobi,3612.83,3614.81,1.0201,0.4424
2025-07-25T07:51:29.227962,huobi,3613.6,3614.75,0.052,0.4424
2025-07-25T07:51:29.342842,huobi,3613.6,3614.46,0.052,0.7585
2025-07-25T07:51:29.430213,huobi,3613.6,3614.46,0.052,0.7607
2025-07-25T07:51:29.527686,huobi,3613.6,3613.61,0.052,0.0364
2025-07-25T07:51:29.627924,huobi,3613.6,3613.61,2.8193,0.0364
2025-07-25T07:51:29.726911,huobi,3613.6,3613.61,0.052,0.0364
2025-07-25T07:51:29.926928,huobi,3613.8,3614.37,0.0386,2.7673
2025-07-25T07:51:30.027376,huobi,3613.98,3613.99,0.0364,0.055
2025-07-25T07:51:30.137182,bitrue,3613.79,3613.88,6.767,5.818
2025-07-25T07:51:30.226739,huobi,3613.98,3613.99,0.3988,0.055
2025-07-25T07:51:30.327608,huobi,3614.13,3614.14,0.3988,0.0392
2025-07-25T07:51:30.429107,huobi,3614.15,3614.9,2.7665,0.7585
2025-07-25T07:51:30.528958,huobi,3614.22,3614.23,3.1655,0.0103
2025-07-25T07:51:30.626609,huobi,3614.22,3614.23,2.7667,0.0103
2025-07-25T07:51:30.727279,huobi,3614.13,3614.14,3.1657,0.055
2025-07-25T07:51:30.828128,huobi,3613.9,3614.18,5.767,0.0398
2025-07-25T07:51:30.927395,huobi,3613.7,3613.71,0.0382,0.055
2025-07-25T07:51:31.030152,huobi,3612.82,3613.42,2.2093,2.7676
2025-07-25T07:51:31.130555,huobi,3612.82,3613.41,2.2093,2.7676
2025-07-25T07:51:31.183658,bitrue,3613.91,3614.45,0.039,6.225
2025-07-25T07:51:31.230817,huobi,3612.82,3612.83,2.2093,2.8229
2025-07-25T07:51:31.328546,huobi,3612.56,3612.57,0.3988,0.055
2025-07-25T07:51:31.431396,huobi,3612.28,3612.29,0.0039,0.055
2025-07-25T07:51:31.528594,huobi,3611.79,3613.4,0.5412,0.4424
2025-07-25T07:51:31.628031,huobi,3612.26,3613.29,0.0392,0.4424
2025-07-25T07:51:31.730020,huobi,3612.26,3613.28,0.0392,3.5268
2025-07-25T07:51:31.827690,huobi,3612.34,3613.06,0.0384,2.768
2025-07-25T07:51:31.927534,huobi,3611.98,3612.56,0.0042,0.0385
2025-07-25T07:51:32.027317,huobi,3611.8,3612.55,11.0,0.055
2025-07-25T07:51:32.127399,huobi,3612.29,3612.56,2.7684,0.0385
2025-07-25T07:51:32.229145,huobi,3612.29,3612.46,2.7684,0.039
2025-07-25T07:51:32.252041,bitrue,3612.97,3613.3,0.136,6.551
2025-07-25T07:51:32.327582,huobi,3612.29,3612.45,2.7684,2.7683
2025-07-25T07:51:32.427187,huobi,3612.29,3612.46,2.7684,0.039
2025-07-25T07:51:32.528721,huobi,3612.45,3613.14,3.167,0.7585
2025-07-25T07:51:32.626582,huobi,3612.45,3613.39,3.167,0.1568
2025-07-25T07:51:32.727755,huobi,3612.74,3613.39,4.086,0.1568
2025-07-25T07:51:32.843166,huobi,3612.74,3613.39,3.2188,0.1568
2025-07-25T07:51:32.927505,huobi,3612.85,3613.39,0.0381,0.1568
2025-07-25T07:51:33.026392,huobi,3613.05,3613.06,4.0813,0.0366
2025-07-25T07:51:33.127816,huobi,3613.38,3613.39,3.1664,0.1568
2025-07-25T07:51:33.228249,huobi,3614.06,3614.07,0.3988,0.0075
2025-07-25T07:51:33.306836,bitrue,3613.36,3613.45,5.384,1.676
2025-07-25T07:51:33.326924,huobi,3613.64,3613.65,2.7671,0.0362
2025-07-25T07:51:33.427069,huobi,3613.64,3613.65,3.166,0.0362
2025-07-25T07:51:33.527045,huobi,3613.64,3613.65,4.7202,0.0362
2025-07-25T07:51:33.627480,huobi,3613.92,3613.93,3.1658,0.004
2025-07-25T07:51:33.730340,huobi,3614.08,3615.01,2.7665,0.0783
2025-07-25T07:51:33.832402,huobi,3614.08,3615.0,2.7665,0.7357
2025-07-25T07:51:33.928544,huobi,3614.08,3614.09,3.1657,0.0394
2025-07-25T07:51:34.127038,huobi,3614.08,3614.09,2.7669,0.0394
2025-07-25T07:51:34.328156,huobi,3614.08,3614.65,2.7669,0.0038
2025-07-25T07:51:34.347122,bitrue,3614.33,3614.42,6.423,2.447
2025-07-25T07:51:34.427200,huobi,3614.08,3614.64,2.7669,2.7669
2025-07-25T07:51:34.526420,huobi,3614.09,3614.63,3.0,0.9585
2025-07-25T07:51:34.627058,huobi,3614.31,3614.32,3.1655,0.0103
2025-07-25T07:51:34.728150,huobi,3614.31,3615.01,3.1655,0.0783
2025-07-25T07:51:34.827702,huobi,3614.03,3614.97,0.0042,0.9585
2025-07-25T07:51:34.926873,huobi,3613.82,3614.48,3.0,2.7667
2025-07-25T07:51:35.026620,huobi,3614.47,3614.48,0.3988,2.7667
2025-07-25T07:51:35.129186,huobi,3614.5,3615.01,2.7664,0.0783
2025-07-25T07:51:35.280110,huobi,3614.54,3615.01,0.003,0.0783
2025-07-25T07:51:35.327564,huobi,3614.6,3615.0,3.0,2.7664
2025-07-25T07:51:35.396131,bitrue,3614.92,3615.4,6.577,5.757
2025-07-25T07:51:35.429250,huobi,3614.83,3614.84,0.3988,0.0396
2025-07-25T07:51:35.527478,huobi,3614.61,3614.62,0.003,0.055
2025-07-25T07:51:35.627397,huobi,3614.61,3614.62,6.1866,0.055
2025-07-25T07:51:35.731082,huobi,3614.83,3614.84,2.7664,2.8059
2025-07-25T07:51:35.828596,huobi,3614.6,3614.61,5.8046,0.055
2025-07-25T07:51:35.927056,huobi,3614.83,3614.84,0.3988,0.0396
2025-07-25T07:51:36.026198,huobi,3614.83,3614.84,3.1651,0.0396
2025-07-25T07:51:36.227755,huobi,3614.76,3615.01,0.0365,2.8445
2025-07-25T07:51:36.326356,huobi,3614.76,3614.77,2.8028,0.055
2025-07-25T07:51:36.427502,huobi,3615.0,3615.01,3.165,0.1145
2025-07-25T07:51:36.446727,bitrue,3615.2,3615.29,5.117,7.827
2025-07-25T07:51:36.526921,huobi,3615.0,3615.01,2.7662,0.1145
2025-07-25T07:51:36.726494,huobi,3615.0,3615.01,2.7662,0.0783
2025-07-25T07:51:36.826919,huobi,3615.0,3615.01,2.7662,0.0886
2025-07-25T07:51:36.926461,huobi,3615.0,3615.01,2.7662,0.1282
2025-07-25T07:51:37.226418,huobi,3615.0,3615.01,2.7938,0.1282
2025-07-25T07:51:38.129240,huobi,3615.12,3615.98,2.7658,0.3982
2025-07-25T07:51:38.227426,huobi,3615.21,3615.96,0.0379,0.0015
2025-07-25T07:51:38.326518,huobi,3615.39,3615.4,0.3988,0.0363
2025-07-25T07:51:38.426488,huobi,3615.22,3615.92,0.036,2.7657
2025-07-25T07:51:38.528932,huobi,3614.72,3616.13,0.0039,2.7656
2025-07-25T07:51:38.551221,bitrue,3615.32,3615.56,7.57,6.117
2025-07-25T07:51:38.628710,huobi,3614.53,3616.04,0.0069,0.4424
2025-07-25T07:51:38.728147,huobi,3614.53,3615.12,0.0069,2.7663
2025-07-25T07:51:38.827878,huobi,3615.11,3615.12,0.0276,2.8044
2025-07-25T07:51:39.227466,huobi,3614.83,3614.84,0.0037,2.8585
2025-07-25T07:51:39.526566,huobi,3614.53,3614.54,2.8129,0.055
2025-07-25T07:51:39.601325,bitrue,3614.9,3614.99,7.438,7.688
2025-07-25T07:51:39.626113,huobi,3614.73,3614.74,3.1652,0.0381
2025-07-25T07:51:39.726888,huobi,3614.73,3614.74,2.7664,2.8045
