timestamp,exchange,bid,ask,bid_vol,ask_vol
2025-07-25T07:43:54.965831,huobi,3613.61,3614.12,2.7671,2.7669
2025-07-25T07:43:55.018380,huobi,3614.11,3614.12,0.3988,2.7669
2025-07-25T07:43:55.118593,huobi,3614.02,3614.03,0.052,0.04
2025-07-25T07:43:55.157835,bitrue,3613.89,3613.98,7.293,1.52
2025-07-25T07:43:55.157957,bitrue,3613.89,3613.98,7.293,1.52
2025-07-25T07:43:55.218529,huobi,3614.02,3614.03,2.8189,0.04
2025-07-25T07:43:55.320714,huobi,3614.02,3614.03,2.8189,0.0593
2025-07-25T07:43:55.419648,huobi,3614.02,3614.03,2.8553,0.0593
2025-07-25T07:43:55.619110,huobi,3614.02,3614.03,5.3115,0.0593
2025-07-25T07:43:56.019253,huobi,3614.03,3614.31,0.0472,0.0039
2025-07-25T07:43:56.088942,bitrue,3614.22,3614.31,6.317,0.066
2025-07-25T07:43:56.121099,huobi,3614.33,3615.19,2.7664,2.5737
2025-07-25T07:43:56.219882,huobi,3614.33,3615.17,2.7664,1.1987
2025-07-25T07:43:56.318920,huobi,3614.5,3614.51,3.1653,0.0385
2025-07-25T07:43:56.819597,huobi,3614.42,3614.51,2.7665,2.805
2025-07-25T07:43:57.134667,bitrue,3614.38,3614.47,6.452,1.129
2025-07-25T07:43:57.318517,huobi,3614.5,3614.51,0.3988,2.805
2025-07-25T07:43:57.417652,huobi,3614.5,3614.51,2.7665,2.805
2025-07-25T07:43:57.919535,huobi,3614.41,3615.1,0.0057,0.6445
2025-07-25T07:43:58.021421,huobi,3614.42,3615.09,2.7664,2.7664
2025-07-25T07:43:58.118086,huobi,3614.41,3614.5,0.0057,0.0381
2025-07-25T07:43:58.218746,huobi,3614.49,3614.5,0.3988,2.8046
2025-07-25T07:43:58.418539,huobi,3614.49,3614.5,3.1653,2.8046
2025-07-25T07:43:58.533747,huobi,3614.49,3614.5,0.3988,2.8046
2025-07-25T07:43:59.017547,huobi,3614.41,3614.5,0.0057,2.8046
2025-07-25T07:43:59.119359,huobi,3614.49,3614.5,3.1653,2.8046
2025-07-25T07:43:59.218125,huobi,3614.41,3614.5,0.0057,0.0381
2025-07-25T07:43:59.319225,huobi,3614.49,3614.5,3.1653,0.0381
2025-07-25T07:43:59.624057,huobi,3614.49,3614.5,2.7665,2.8046
2025-07-25T07:43:59.718298,huobi,3614.41,3614.5,0.0057,0.0381
2025-07-25T07:43:59.819203,huobi,3614.49,3614.5,0.3988,0.0381
2025-07-25T07:43:59.918599,huobi,3614.41,3614.42,0.0057,0.0374
2025-07-25T07:44:00.025033,huobi,3614.41,3614.42,2.7722,0.0374
2025-07-25T07:44:00.218670,huobi,3614.81,3615.08,0.0334,0.0015
2025-07-25T07:44:00.318683,huobi,3614.81,3615.05,0.0334,0.0014
2025-07-25T07:44:00.563158,huobi,3614.81,3614.82,0.0334,2.4408
2025-07-25T07:44:00.718540,huobi,3614.81,3614.82,0.0334,2.8062
2025-07-25T07:44:01.228239,huobi,3614.51,3615.11,4.4782,0.0044
2025-07-25T07:44:01.320911,huobi,3615.43,3615.75,0.0118,0.0573
2025-07-25T07:44:01.423948,huobi,3615.44,3615.73,2.7658,0.0014
2025-07-25T07:44:01.518896,huobi,3615.22,3615.49,2.6822,0.0391
2025-07-25T07:44:01.619862,huobi,3615.48,3615.49,0.3988,0.0391
2025-07-25T07:44:01.918598,huobi,3615.48,3615.49,0.1327,3.1646
2025-07-25T07:44:02.020071,huobi,3615.2,3615.48,0.052,2.7658
2025-07-25T07:44:02.119364,huobi,3615.32,3615.75,0.0365,2.8229
2025-07-25T07:44:02.219389,huobi,3615.31,3615.32,2.8671,0.1327
2025-07-25T07:44:02.318763,huobi,3615.31,3615.32,2.8671,0.1384
2025-07-25T07:44:02.369367,bitrue,3615.28,3615.37,7.189,0.053
2025-07-25T07:44:02.517742,huobi,3615.31,3615.32,2.8671,0.0057
2025-07-25T07:44:02.618230,huobi,3615.2,3615.21,0.0377,0.3988
2025-07-25T07:44:02.818743,huobi,3615.33,3615.34,0.052,0.0389
2025-07-25T07:44:02.921653,huobi,3615.05,3615.71,0.0043,1.3632
2025-07-25T07:44:03.018533,huobi,3615.01,3615.68,3.636,2.766
2025-07-25T07:44:03.120197,huobi,3615.66,3615.67,0.052,0.0438
2025-07-25T07:44:03.220009,huobi,3615.66,3615.67,0.052,0.0363
2025-07-25T07:44:03.321277,huobi,3614.89,3615.51,0.5434,0.0389
2025-07-25T07:44:03.415384,bitrue,3615.61,3615.71,5.521,5.877
2025-07-25T07:44:03.419228,huobi,3614.9,3615.51,0.3982,0.0389
2025-07-25T07:44:03.519354,huobi,3615.5,3615.51,0.052,0.0389
2025-07-25T07:44:03.619477,huobi,3614.9,3615.5,0.0413,0.1645
2025-07-25T07:44:03.720560,huobi,3615.5,3615.51,0.052,0.0389
2025-07-25T07:44:04.019051,huobi,3615.35,3615.36,0.052,0.0387
2025-07-25T07:44:04.119888,huobi,3615.35,3615.87,0.052,0.4
2025-07-25T07:44:04.218553,huobi,3615.35,3615.83,0.052,2.8306
2025-07-25T07:44:04.318418,huobi,3615.32,3615.8,0.5029,0.9794
2025-07-25T07:44:04.418241,huobi,3615.79,3615.8,0.052,0.4385
2025-07-25T07:44:04.459806,bitrue,3615.61,3615.71,5.521,5.877
2025-07-25T07:44:04.518352,huobi,3615.79,3615.8,0.052,3.2041
2025-07-25T07:44:04.818855,huobi,3615.21,3615.22,0.0075,0.3987
2025-07-25T07:44:04.918496,huobi,3615.16,3615.17,0.0383,0.3988
2025-07-25T07:44:05.018388,huobi,3615.16,3615.17,0.0903,0.3988
2025-07-25T07:44:05.118673,huobi,3615.34,3615.35,3.638,2.7662
2025-07-25T07:44:05.218953,huobi,3614.72,3615.35,2.7059,2.7662
2025-07-25T07:44:05.318740,huobi,3615.29,3615.3,3.637,2.7662
2025-07-25T07:44:05.418551,huobi,3614.84,3614.85,0.0888,0.3987
2025-07-25T07:44:05.517987,huobi,3615.0,3615.01,0.0386,2.391
2025-07-25T07:44:05.619239,huobi,3615.3,3615.31,0.1994,0.0057
2025-07-25T07:44:05.718457,huobi,3615.3,3615.31,0.2514,0.0057
2025-07-25T07:44:05.818596,huobi,3615.3,3615.31,0.0796,0.0057
2025-07-25T07:44:06.019520,huobi,3615.3,3615.31,0.0069,0.0057
2025-07-25T07:44:06.119237,huobi,3615.3,3615.31,2.7648,0.0057
2025-07-25T07:44:06.318536,huobi,3615.3,3615.31,0.0589,0.0057
2025-07-25T07:44:06.753904,huobi,3615.3,3615.31,2.7648,0.0057
2025-07-25T07:44:06.819952,huobi,3615.3,3615.31,6.4008,0.0057
2025-07-25T07:44:06.919580,huobi,3615.3,3615.31,2.7648,0.0057
2025-07-25T07:44:07.119173,huobi,3615.3,3615.31,2.7128,0.0057
2025-07-25T07:44:08.018531,huobi,3615.3,3615.31,2.7526,0.0057
2025-07-25T07:44:08.419312,huobi,3615.4,3615.99,0.0377,2.7657
2025-07-25T07:44:08.518912,huobi,3615.4,3616.0,0.0377,4.9608
2025-07-25T07:44:08.619029,huobi,3615.99,3616.0,0.052,4.9987
2025-07-25T07:44:08.918439,huobi,3615.99,3616.0,0.052,5.0194
2025-07-25T07:44:09.807514,bitrue,3615.94,3616.03,5.97,2.92
2025-07-25T07:44:09.817998,huobi,3615.99,3616.0,0.052,7.7848
2025-07-25T07:44:10.019177,huobi,3615.99,3616.0,0.052,5.0194
2025-07-25T07:44:10.117918,huobi,3615.99,3616.0,0.052,7.7848
2025-07-25T07:44:10.218405,huobi,3615.99,3616.0,0.052,5.0194
2025-07-25T07:44:10.318579,huobi,3615.99,3616.0,0.052,7.7848
2025-07-25T07:44:10.517676,huobi,3615.99,3616.0,0.052,5.0194
2025-07-25T07:44:10.718057,huobi,3615.99,3616.0,0.052,7.7848
2025-07-25T07:44:11.718733,huobi,3615.99,3616.0,0.052,5.0194
2025-07-25T07:44:11.918335,huobi,3615.99,3616.0,0.052,7.7848
2025-07-25T07:44:12.020169,huobi,3615.99,3616.0,0.052,5.0194
2025-07-25T07:44:12.318491,huobi,3615.99,3616.0,0.052,7.7848
2025-07-25T07:44:12.718078,huobi,3615.97,3615.98,0.0058,3.1546
2025-07-25T07:44:13.318343,huobi,3615.97,3615.98,0.0058,3.1547
2025-07-25T07:44:14.717866,huobi,3615.71,3615.98,0.0038,3.1547
2025-07-25T07:44:14.818720,huobi,3615.71,3615.72,0.0038,3.0685
2025-07-25T07:44:14.918426,huobi,3615.57,3615.61,3.625,0.3322
2025-07-25T07:44:15.019190,huobi,3615.57,3615.63,3.625,0.0371
2025-07-25T07:44:15.040629,bitrue,3615.83,3615.94,7.716,7.72
2025-07-25T07:44:15.118157,huobi,3615.57,3615.58,3.625,0.3322
2025-07-25T07:44:15.319161,huobi,3615.62,3615.63,0.1994,0.0371
2025-07-25T07:44:15.417632,huobi,3615.57,3615.58,3.625,0.3322
2025-07-25T07:44:15.538073,huobi,3615.57,3615.63,3.625,0.0371
2025-07-25T07:44:15.618268,huobi,3615.43,3615.44,0.0368,0.3322
2025-07-25T07:44:15.718819,huobi,3615.46,3616.0,3.625,4.9608
2025-07-25T07:44:15.817840,huobi,3615.5,3615.51,0.3988,0.0207
2025-07-25T07:44:15.918967,huobi,3615.5,3615.51,0.4264,0.0207
2025-07-25T07:44:16.018799,huobi,3615.5,3615.51,0.0276,0.0207
2025-07-25T07:44:17.819879,huobi,3615.99,3616.0,0.4508,4.9608
2025-07-25T07:44:17.918656,huobi,3615.99,3616.0,0.052,4.9608
2025-07-25T07:44:18.117975,huobi,3615.99,3616.0,0.052,4.9998
2025-07-25T07:44:18.177041,bitrue,3615.94,3616.03,6.033,2.92
2025-07-25T07:44:18.327184,huobi,3615.99,3616.0,0.052,5.0205
2025-07-25T07:44:19.119517,huobi,3615.99,3616.0,0.052,7.7859
2025-07-25T07:44:19.720125,huobi,3615.22,3615.72,0.0038,2.8041
2025-07-25T07:44:19.819176,huobi,3615.22,3615.23,0.0038,2.8044
2025-07-25T07:44:19.918613,huobi,3614.99,3615.23,0.0387,2.8044
2025-07-25T07:44:20.118304,huobi,3614.99,3615.23,0.0387,0.0384
2025-07-25T07:44:20.276615,bitrue,3615.24,3615.33,7.64,7.947
2025-07-25T07:44:20.419038,huobi,3615.22,3615.23,0.3988,0.0384
2025-07-25T07:44:20.519202,huobi,3615.22,3615.7,0.3988,2.7658
2025-07-25T07:44:20.718010,huobi,3615.22,3615.69,0.3988,2.7733
2025-07-25T07:44:20.818888,huobi,3615.23,3615.24,0.4508,0.0387
2025-07-25T07:44:20.919741,huobi,3615.23,3615.24,0.052,0.0387
2025-07-25T07:44:21.218339,huobi,3615.23,3615.24,0.0592,0.0594
2025-07-25T07:44:21.318864,huobi,3615.23,3615.24,0.0592,2.8254
2025-07-25T07:44:21.320133,bitrue,3615.32,3615.41,6.821,5.363
2025-07-25T07:44:21.419007,huobi,3615.23,3615.24,0.0072,2.8254
2025-07-25T07:44:22.319468,huobi,3615.23,3615.24,0.0072,0.0594
2025-07-25T07:44:22.366944,bitrue,3615.24,3615.33,7.64,6.343
2025-07-25T07:44:23.119454,huobi,3615.23,3615.24,0.0592,0.0207
2025-07-25T07:44:23.420710,huobi,3615.24,3615.26,0.0354,0.0207
2025-07-25T07:44:23.422688,bitrue,3615.58,3615.67,5.313,6.354
2025-07-25T07:44:23.518758,huobi,3615.34,3615.96,0.0388,0.0018
2025-07-25T07:44:23.623635,huobi,3615.43,3616.0,0.0399,4.9608
2025-07-25T07:44:23.719133,huobi,3615.97,3615.98,0.3988,0.0018
2025-07-25T07:44:23.818048,huobi,3615.53,3616.0,2.7059,4.9608
2025-07-25T07:44:23.918696,huobi,3615.99,3616.0,0.052,4.9608
2025-07-25T07:44:24.019046,huobi,3615.99,3616.0,0.052,4.9981
2025-07-25T07:44:24.318318,huobi,3615.99,3616.0,0.052,7.7635
2025-07-25T07:44:24.467265,bitrue,3615.9,3616.03,7.848,2.92
2025-07-25T07:44:24.918719,huobi,3615.99,3616.0,0.052,7.7842
2025-07-25T07:44:26.218866,huobi,3615.53,3615.58,3.623,2.7658
2025-07-25T07:44:26.417135,huobi,3615.57,3615.58,0.4508,2.7658
2025-07-25T07:44:26.517740,huobi,3615.57,3615.58,0.052,2.7658
2025-07-25T07:44:26.719057,huobi,3615.38,3615.39,0.3988,0.0371
2025-07-25T07:44:27.058711,huobi,3615.67,3615.68,0.3988,0.0054
2025-07-25T07:44:27.218217,huobi,3615.67,3615.68,0.4508,0.0054
2025-07-25T07:44:27.318002,huobi,3615.67,3615.68,0.4508,0.0436
2025-07-25T07:44:27.517957,huobi,3615.67,3615.68,0.052,0.0436
2025-07-25T07:44:27.608371,bitrue,3615.72,3615.81,7.112,4.521
2025-07-25T07:44:27.617534,huobi,3615.67,3615.68,0.052,2.8093
2025-07-25T07:44:28.018122,huobi,3615.67,3615.68,0.0796,0.0643
2025-07-25T07:44:28.656486,bitrue,3615.72,3615.81,7.112,4.521
2025-07-25T07:44:30.825272,huobi,3615.67,3615.68,0.0276,0.0643
2025-07-25T07:44:31.122988,huobi,3615.39,3615.68,0.0042,0.0436
2025-07-25T07:44:31.221443,huobi,3614.6,3615.39,0.0145,2.7658
2025-07-25T07:44:31.321896,huobi,3614.84,3615.38,0.0387,2.7662
2025-07-25T07:44:31.419701,huobi,3615.04,3615.05,0.3988,0.038
2025-07-25T07:44:31.718483,huobi,3615.04,3615.05,0.3988,2.8042
2025-07-25T07:44:31.839259,bitrue,3615.24,3615.33,7.64,5.808
2025-07-25T07:44:31.918830,huobi,3614.84,3615.05,0.0387,2.8042
2025-07-25T07:44:32.021031,huobi,3614.85,3615.05,0.0445,2.8042
2025-07-25T07:44:32.117816,huobi,3615.04,3615.05,0.3988,2.8042
2025-07-25T07:44:32.218578,huobi,3614.84,3615.05,0.0387,2.8042
2025-07-25T07:44:32.517130,huobi,3615.04,3615.05,0.3988,2.8042
2025-07-25T07:44:32.918322,huobi,3614.84,3615.05,0.0387,2.8042
2025-07-25T07:44:33.517488,huobi,3615.04,3615.05,0.3988,2.8042
2025-07-25T07:44:33.720612,huobi,3615.04,3615.05,0.3988,0.038
2025-07-25T07:44:33.821592,huobi,3615.05,3615.68,0.0354,0.0054
2025-07-25T07:44:33.920469,huobi,3615.05,3615.66,0.0354,0.8624
2025-07-25T07:44:34.019663,huobi,3615.25,3615.26,2.5933,0.0396
2025-07-25T07:44:34.118672,huobi,3615.25,3615.26,0.3988,0.0396
2025-07-25T07:44:34.318956,huobi,3614.97,3615.05,0.0043,0.0365
2025-07-25T07:44:34.420082,huobi,3615.04,3615.05,0.3988,0.0365
2025-07-25T07:44:34.618629,huobi,3615.04,3615.05,0.3988,0.0726
2025-07-25T07:44:34.820017,huobi,3615.04,3615.05,0.3988,2.8388
2025-07-25T07:44:34.919290,huobi,3614.76,3615.05,0.0037,2.8027
2025-07-25T07:44:35.019642,huobi,3614.83,3614.96,3.62,0.0378
2025-07-25T07:44:35.117985,huobi,3614.94,3614.95,0.3988,2.7662
2025-07-25T07:44:35.517679,huobi,3614.76,3614.96,0.0378,0.0378
2025-07-25T07:44:35.617957,huobi,3614.93,3614.94,0.3988,2.8024
2025-07-25T07:44:36.119725,huobi,3614.93,3614.94,0.3988,0.0361
2025-07-25T07:44:36.219129,huobi,3614.93,3614.94,0.4264,0.0361
2025-07-25T07:44:36.419221,huobi,3614.93,3614.94,0.4264,2.8024
2025-07-25T07:44:36.519940,huobi,3614.93,3614.94,0.0276,2.8024
2025-07-25T07:44:37.720905,huobi,3614.93,3614.94,0.0276,2.8405
2025-07-25T07:44:38.127306,bitrue,3615.1,3615.19,0.083,5.97
2025-07-25T07:44:38.220278,huobi,3614.66,3614.67,0.004,2.8029
2025-07-25T07:44:38.518759,huobi,3614.45,3614.46,0.3725,2.8064
2025-07-25T07:44:39.119202,huobi,3614.45,3614.46,0.3725,0.0399
2025-07-25T07:44:39.173821,bitrue,3614.61,3614.7,1.969,5.912
2025-07-25T07:44:39.217829,huobi,3614.45,3614.46,0.3725,2.8064
2025-07-25T07:44:39.719672,huobi,3614.45,3614.46,0.3725,0.076
2025-07-25T07:44:39.918832,huobi,3614.45,3614.46,0.4245,0.076
2025-07-25T07:44:40.019040,huobi,3614.45,3614.46,0.4245,0.0361
2025-07-25T07:44:40.217182,bitrue,3614.67,3614.76,5.355,0.032
2025-07-25T07:44:40.220058,huobi,3615.08,3615.09,0.3988,0.0037
2025-07-25T07:44:40.318520,huobi,3614.61,3615.33,0.038,0.0018
2025-07-25T07:44:40.427077,huobi,3614.61,3615.65,0.038,4.1987
2025-07-25T07:44:40.518247,huobi,3614.83,3614.84,0.4508,0.0385
2025-07-25T07:44:40.827112,huobi,3614.83,3614.84,0.4527,0.0385
2025-07-25T07:44:40.920374,huobi,3615.11,3615.53,0.4508,2.7659
2025-07-25T07:44:41.018671,huobi,3615.11,3615.53,0.3988,2.7659
2025-07-25T07:44:41.119036,huobi,3614.93,3615.49,0.0371,2.766
2025-07-25T07:44:41.218128,huobi,3615.1,3615.11,0.3988,0.0375
2025-07-25T07:44:41.267378,bitrue,3615.23,3615.33,6.82,5.808
2025-07-25T07:44:41.318474,huobi,3615.1,3615.66,0.3988,3.8227
2025-07-25T07:44:41.418728,huobi,3614.93,3615.64,0.0371,2.7659
2025-07-25T07:44:41.537239,huobi,3614.93,3615.11,0.0371,0.0379
2025-07-25T07:44:41.618424,huobi,3614.93,3615.1,0.0371,2.766
2025-07-25T07:44:41.718956,huobi,3615.1,3615.11,0.3988,2.804
2025-07-25T07:44:41.918471,huobi,3614.93,3615.11,0.0371,2.804
2025-07-25T07:44:42.017947,huobi,3615.1,3615.11,0.0276,2.804
2025-07-25T07:44:42.118178,huobi,3615.1,3615.11,0.0276,0.0379
2025-07-25T07:44:42.312768,bitrue,3615.23,3615.33,6.82,5.808
2025-07-25T07:44:42.418100,huobi,3614.93,3615.66,0.0371,2.766
2025-07-25T07:44:42.518001,huobi,3614.93,3615.64,0.0371,2.766
2025-07-25T07:44:42.618846,huobi,3615.1,3615.11,0.3988,0.0376
2025-07-25T07:44:42.718034,huobi,3614.93,3615.11,0.0371,2.8037
2025-07-25T07:44:42.918392,huobi,3615.1,3615.11,0.3988,2.8037
2025-07-25T07:44:43.020487,huobi,3614.93,3615.11,0.0371,2.8037
2025-07-25T07:44:43.166680,huobi,3615.1,3615.11,0.3988,0.0376
2025-07-25T07:44:43.920555,huobi,3615.1,3615.11,0.3988,2.8037
2025-07-25T07:44:44.019108,huobi,3614.94,3615.1,0.0445,2.7662
2025-07-25T07:44:44.118672,huobi,3615.1,3615.64,0.3988,2.7659
2025-07-25T07:44:44.218023,huobi,3615.1,3615.62,0.3988,2.7659
2025-07-25T07:44:44.320108,huobi,3614.85,3615.19,3.621,0.0387
2025-07-25T07:44:44.419767,huobi,3614.85,3615.17,3.621,0.0018
2025-07-25T07:44:44.519284,huobi,3615.18,3615.19,0.3988,0.0387
2025-07-25T07:44:44.817495,huobi,3615.03,3615.19,0.0399,2.8048
2025-07-25T07:44:44.917835,huobi,3615.18,3615.19,0.3988,2.8048
2025-07-25T07:44:45.218992,huobi,3615.03,3615.19,0.0399,2.8048
2025-07-25T07:44:45.518445,huobi,3615.18,3615.19,0.3988,2.8048
2025-07-25T07:44:45.619461,huobi,3614.85,3615.19,3.621,2.8048
2025-07-25T07:44:45.728990,huobi,3614.85,3615.1,3.621,0.0387
2025-07-25T07:44:45.857623,huobi,3614.85,3615.09,3.621,2.7662
2025-07-25T07:44:45.919635,huobi,3614.57,3614.83,0.0042,0.039
2025-07-25T07:44:46.019362,huobi,3614.45,3614.72,0.3725,2.7665
2025-07-25T07:44:46.322692,huobi,3614.71,3614.72,0.0167,2.8039
2025-07-25T07:44:46.502029,bitrue,3614.88,3615.25,2.419,6.798
2025-07-25T07:44:47.557658,bitrue,3614.88,3615.25,2.419,6.798
2025-07-25T07:44:49.321284,huobi,3614.71,3614.72,0.0167,0.0374
2025-07-25T07:44:49.420131,huobi,3614.71,3614.72,0.0167,2.8038
2025-07-25T07:44:50.617707,huobi,3614.71,3614.72,0.0167,0.0374
2025-07-25T07:44:50.917892,huobi,3614.45,3615.29,0.338,0.0075
2025-07-25T07:44:51.018297,huobi,3615.16,3615.17,0.3988,2.7663
2025-07-25T07:44:51.117881,huobi,3614.91,3614.92,0.014,0.0381
2025-07-25T07:44:51.418726,huobi,3614.91,3614.92,0.066,0.0381
2025-07-25T07:44:52.020526,huobi,3614.98,3615.43,0.0239,2.766
2025-07-25T07:44:52.117634,huobi,3614.91,3615.43,0.052,2.766
2025-07-25T07:44:52.219294,huobi,3615.0,3615.01,0.4508,0.0375
2025-07-25T07:44:52.518508,huobi,3615.0,3615.3,0.052,2.7661
2025-07-25T07:44:52.620430,huobi,3615.29,3615.3,0.3988,2.7661
2025-07-25T07:44:52.720445,huobi,3615.29,3615.56,0.3988,2.7659
2025-07-25T07:44:52.793895,bitrue,3615.22,3615.33,5.548,5.808
2025-07-25T07:44:52.819214,huobi,3615.13,3615.14,0.3988,0.039
2025-07-25T07:44:53.019092,huobi,3615.13,3615.66,0.4508,2.7659
2025-07-25T07:44:53.223401,huobi,3615.21,3615.68,0.0445,0.0054
2025-07-25T07:44:53.318462,huobi,3615.41,3615.42,0.3988,0.0391
2025-07-25T07:44:53.617661,huobi,3615.41,3615.42,0.4264,0.0391
2025-07-25T07:44:53.724597,huobi,3615.41,3615.42,0.0276,2.805
2025-07-25T07:44:53.818690,huobi,3615.41,3615.42,0.0276,2.7659
2025-07-25T07:44:53.838103,bitrue,3615.56,3615.65,7.251,2.35
2025-07-25T07:44:54.017762,huobi,3615.41,3615.42,0.0276,2.8033
2025-07-25T07:44:55.299322,huobi,3615.13,3615.42,0.0044,2.8033
2025-07-25T07:44:55.299405,huobi,3615.13,3615.14,0.0276,2.766
2025-07-25T07:44:55.299488,huobi,3615.13,3615.15,0.0276,0.0363
2025-07-25T07:44:55.299518,huobi,3615.14,3615.15,0.3988,0.0363
2025-07-25T07:44:55.299575,huobi,3615.14,3615.15,0.3988,2.8024
2025-07-25T07:44:55.317969,huobi,3615.41,3615.54,0.3988,0.004
2025-07-25T07:44:55.417839,huobi,3615.14,3615.52,0.052,2.7659
2025-07-25T07:44:55.519272,huobi,3615.25,3615.26,0.3988,0.0363
2025-07-25T07:44:55.618192,huobi,3615.25,3615.26,0.4508,0.0363
2025-07-25T07:44:55.718267,huobi,3615.25,3615.26,0.052,2.8023
2025-07-25T07:44:55.982012,bitrue,3615.31,3615.4,6.448,2.762
2025-07-25T07:44:56.019988,huobi,3615.53,3615.68,0.3988,0.0054
2025-07-25T07:44:56.119558,huobi,3615.23,3615.66,0.0386,2.7657
2025-07-25T07:44:56.220370,huobi,3615.24,3615.66,2.1649,2.7658
2025-07-25T07:44:56.319137,huobi,3615.39,3615.4,0.3988,0.0364
2025-07-25T07:44:56.717214,huobi,3615.39,3615.4,0.3988,2.8023
2025-07-25T07:44:56.818339,huobi,3615.23,3615.4,0.0386,2.8023
2025-07-25T07:44:56.918502,huobi,3615.39,3615.4,0.3988,2.8023
2025-07-25T07:44:57.018432,huobi,3615.39,3615.4,0.3988,0.0364
2025-07-25T07:44:57.033705,bitrue,3615.56,3615.65,7.171,2.35
2025-07-25T07:44:57.122089,huobi,3615.39,3615.4,0.3988,2.8023
2025-07-25T07:44:57.420258,huobi,3615.11,3615.4,0.0041,2.8023
2025-07-25T07:44:57.618280,huobi,3615.13,3615.4,0.039,2.8023
2025-07-25T07:44:58.020250,huobi,3615.39,3615.4,0.3988,0.0364
2025-07-25T07:44:58.082948,bitrue,3615.46,3615.55,6.622,6.469
2025-07-25T07:44:58.118757,huobi,3615.23,3615.68,0.0038,0.0054
2025-07-25T07:44:58.218618,huobi,3615.15,3615.68,0.0445,0.0054
2025-07-25T07:44:58.317866,huobi,3615.38,3615.39,0.3988,0.0367
2025-07-25T07:44:58.518730,huobi,3615.14,3615.39,2.6745,2.8026
2025-07-25T07:44:58.617991,huobi,3615.38,3615.39,0.4083,2.8026
2025-07-25T07:44:58.717735,huobi,3615.38,3615.39,0.0095,2.8026
2025-07-25T07:45:00.125140,huobi,3615.38,3615.39,0.0095,2.8026
2025-07-25T07:45:00.620669,huobi,3615.38,3615.39,0.0095,0.0367
2025-07-25T07:45:00.923315,huobi,3615.67,3615.68,0.052,2.7711
2025-07-25T07:45:01.219987,huobi,3615.22,3615.38,0.0044,0.0381
2025-07-25T07:45:01.241512,bitrue,3615.56,3615.65,5.34,2.35
2025-07-25T07:45:01.319065,huobi,3615.36,3615.37,0.3988,2.7659
2025-07-25T07:45:01.418159,huobi,3615.36,3615.37,0.074,2.7659
2025-07-25T07:45:01.518019,huobi,3615.08,3615.35,0.004,2.766
2025-07-25T07:45:01.618489,huobi,3615.37,3615.38,0.052,2.804
2025-07-25T07:45:01.819185,huobi,3615.37,3615.38,0.052,0.0381
2025-07-25T07:45:01.917919,huobi,3615.37,3615.38,0.4508,0.0381
2025-07-25T07:45:02.061493,huobi,3615.37,3615.63,0.052,2.7658
2025-07-25T07:45:02.117096,huobi,3615.62,3615.63,0.052,2.7658
2025-07-25T07:45:02.217837,huobi,3615.33,3615.63,0.0038,2.7657
2025-07-25T07:45:02.291009,bitrue,3615.56,3615.65,5.34,2.35
2025-07-25T07:45:02.318705,huobi,3615.33,3615.61,0.0038,2.7658
2025-07-25T07:45:02.418362,huobi,3615.6,3615.61,0.052,2.7658
2025-07-25T07:45:02.518853,huobi,3615.6,3615.61,0.052,2.8039
2025-07-25T07:45:02.620000,huobi,3614.87,3615.29,0.0042,2.7661
2025-07-25T07:45:02.718734,huobi,3615.28,3615.29,0.3988,2.7661
2025-07-25T07:45:02.818451,huobi,3615.28,3615.29,0.052,2.7661
2025-07-25T07:45:02.918489,huobi,3615.28,3615.29,0.052,2.7881
2025-07-25T07:45:03.019721,huobi,3615.3,3615.31,0.4508,0.0372
2025-07-25T07:45:03.317840,huobi,3615.3,3615.31,0.3988,0.0372
2025-07-25T07:45:03.418307,huobi,3615.3,3615.31,0.4508,0.0372
2025-07-25T07:45:03.517644,huobi,3615.3,3615.31,0.4508,0.0592
2025-07-25T07:45:03.719148,huobi,3615.08,3615.22,2.7437,0.0369
2025-07-25T07:45:03.918862,huobi,3615.21,3615.22,0.052,0.0369
2025-07-25T07:45:04.019683,huobi,3615.08,3615.22,2.7059,0.0369
2025-07-25T07:45:04.118581,huobi,3615.21,3615.22,0.052,0.0369
2025-07-25T07:45:04.417978,huobi,3615.08,3615.22,2.7059,0.0369
2025-07-25T07:45:04.517875,huobi,3615.08,3615.22,2.7059,0.0589
2025-07-25T07:45:04.818002,huobi,3615.08,3615.22,1.1612,0.0589
2025-07-25T07:45:04.919535,huobi,3615.11,3615.2,3.62,2.7661
2025-07-25T07:45:05.018999,huobi,3615.11,3615.12,3.62,0.3988
2025-07-25T07:45:05.219712,huobi,3615.11,3615.21,3.62,2.7661
2025-07-25T07:45:05.319886,huobi,3615.11,3615.2,3.62,2.7661
2025-07-25T07:45:05.418276,huobi,3615.11,3615.12,3.62,0.3988
2025-07-25T07:45:05.518230,huobi,3615.03,3615.04,0.0389,0.3988
2025-07-25T07:45:05.619271,huobi,3615.09,3615.1,3.62,0.3988
2025-07-25T07:45:05.919502,huobi,3614.82,3614.83,0.0038,0.3988
2025-07-25T07:45:06.019956,huobi,3614.45,3614.76,1.5257,0.3988
2025-07-25T07:45:06.118111,huobi,3614.48,3614.88,0.0111,0.0385
2025-07-25T07:45:06.218150,huobi,3614.62,3614.88,0.039,0.0385
2025-07-25T07:45:06.318969,huobi,3614.63,3614.86,0.0111,2.7664
2025-07-25T07:45:06.420606,huobi,3614.49,3614.5,1.3,0.3988
2025-07-25T07:45:06.478330,bitrue,3615.14,3615.23,4.667,7.129
2025-07-25T07:45:06.518810,huobi,3614.55,3614.64,3.62,0.038
2025-07-25T07:45:06.618425,huobi,3614.57,3614.64,0.0354,0.038
2025-07-25T07:45:06.822055,huobi,3614.49,3614.56,0.0111,0.3988
2025-07-25T07:45:06.922402,huobi,3614.49,3614.5,0.0111,0.4368
2025-07-25T07:45:07.025235,huobi,3614.49,3614.5,0.0111,3.2253
2025-07-25T07:45:07.120908,huobi,3614.45,3614.46,0.338,3.2019
2025-07-25T07:45:07.332480,huobi,3614.45,3614.46,0.338,0.0366
2025-07-25T07:45:07.519290,huobi,3614.45,3614.46,0.338,2.8031
2025-07-25T07:45:07.525611,bitrue,3614.78,3614.87,0.183,5.553
2025-07-25T07:45:07.619933,huobi,3614.45,3614.46,0.338,0.0366
2025-07-25T07:45:07.720228,huobi,3614.56,3615.34,0.0371,3.62
2025-07-25T07:45:07.820468,huobi,3614.56,3615.54,0.0371,0.2035
2025-07-25T07:45:08.019707,huobi,3614.56,3614.57,0.0054,0.3988
2025-07-25T07:45:08.118159,huobi,3614.45,3614.67,0.338,0.0384
2025-07-25T07:45:08.220297,huobi,3614.46,3614.67,0.0354,0.0384
2025-07-25T07:45:08.319042,huobi,3614.54,3614.67,0.0354,0.0384
2025-07-25T07:45:08.419991,huobi,3614.56,3614.67,0.0354,0.0384
2025-07-25T07:45:08.519088,huobi,3614.58,3614.67,0.0354,0.0384
2025-07-25T07:45:08.647617,bitrue,3615.13,3615.23,7.182,7.129
2025-07-25T07:45:08.718819,huobi,3614.62,3614.67,2.7059,0.0384
2025-07-25T07:45:08.822145,huobi,3614.88,3615.54,2.7059,0.2035
2025-07-25T07:45:08.919356,huobi,3615.53,3615.54,0.052,0.2035
2025-07-25T07:45:09.018903,huobi,3615.53,3615.54,0.052,0.2398
2025-07-25T07:45:09.418845,huobi,3615.53,3615.54,0.052,3.0056
2025-07-25T07:45:09.519050,huobi,3615.53,3615.54,0.052,0.2398
2025-07-25T07:45:09.733647,bitrue,3615.72,3615.81,6.191,4.521
2025-07-25T07:45:10.019402,huobi,3615.53,3615.54,0.0623,0.2618
2025-07-25T07:45:10.121949,huobi,3615.64,3615.65,0.1847,0.0136
2025-07-25T07:45:10.318743,huobi,3615.64,3615.65,0.052,0.0136
2025-07-25T07:45:10.419088,huobi,3615.64,3615.65,0.052,0.0532
2025-07-25T07:45:10.783331,bitrue,3615.72,3615.81,6.191,4.521
2025-07-25T07:45:11.318046,huobi,3615.64,3615.65,0.1327,0.0136
2025-07-25T07:45:11.521813,huobi,3615.65,3616.0,0.0354,4.2631
2025-07-25T07:45:11.624654,huobi,3616.25,3616.44,0.016,0.0077
2025-07-25T07:45:11.721395,huobi,3616.24,3616.44,0.0361,0.0077
2025-07-25T07:45:11.831473,bitrue,3616.37,3616.46,6.843,0.037
2025-07-25T07:45:11.918950,huobi,3616.35,3616.36,0.1327,0.0378
2025-07-25T07:45:12.019118,huobi,3615.64,3616.36,4.0172,2.803
2025-07-25T07:45:12.118255,huobi,3615.67,3616.35,3.0,2.7652
2025-07-25T07:45:12.218068,huobi,3616.09,3616.35,0.0362,2.7652
2025-07-25T07:45:12.318183,huobi,3616.1,3616.36,0.0286,0.0378
2025-07-25T07:45:12.417719,huobi,3616.09,3616.1,0.0362,0.266
2025-07-25T07:45:12.519268,huobi,3616.09,3616.1,0.0362,2.7654
2025-07-25T07:45:12.620467,huobi,3616.09,3616.1,3.6552,0.3988
2025-07-25T07:45:12.718429,huobi,3616.35,3616.36,0.1327,0.0378
2025-07-25T07:45:12.818413,huobi,3616.19,3616.2,0.0379,0.3988
2025-07-25T07:45:12.877015,bitrue,3616.37,3616.46,6.843,0.037
2025-07-25T07:45:13.019235,huobi,3616.35,3616.36,0.1327,0.0378
2025-07-25T07:45:13.618748,huobi,3616.35,3616.74,0.1327,0.1258
2025-07-25T07:45:13.718642,huobi,3616.73,3616.74,0.1327,0.1258
2025-07-25T07:45:13.818736,huobi,3616.5,3616.51,0.0372,0.3988
2025-07-25T07:45:13.919270,huobi,3616.71,3616.74,0.3988,0.1258
2025-07-25T07:45:13.923172,bitrue,3616.51,3616.65,6.092,0.048
2025-07-25T07:45:14.018946,huobi,3616.73,3616.74,0.3988,0.1258
2025-07-25T07:45:14.119966,huobi,3616.73,3616.74,0.4264,0.1258
2025-07-25T07:45:14.319525,huobi,3616.73,3616.74,0.0276,0.1258
2025-07-25T07:45:14.619755,huobi,3616.73,3616.74,0.0796,0.1258
2025-07-25T07:45:14.719626,huobi,3617.02,3618.02,0.0366,0.0138
2025-07-25T07:45:14.818810,huobi,3616.92,3618.28,0.0286,0.0024
2025-07-25T07:45:14.918918,huobi,3616.92,3618.53,0.0286,0.0024
2025-07-25T07:45:14.969545,bitrue,3616.92,3617.09,7.016,4.648
2025-07-25T07:45:15.020306,huobi,3617.27,3618.23,0.0391,1.9166
2025-07-25T07:45:15.122564,huobi,3617.4,3618.22,0.0383,1.2376
2025-07-25T07:45:15.218423,huobi,3617.49,3618.52,0.0364,1.2376
2025-07-25T07:45:15.318553,huobi,3617.71,3617.72,0.3988,0.0385
2025-07-25T07:45:15.419662,huobi,3617.49,3617.72,0.0364,2.8026
2025-07-25T07:45:15.718062,huobi,3617.71,3617.72,0.3988,0.0385
2025-07-25T07:45:15.819163,huobi,3617.71,3618.3,0.3988,2.7639
2025-07-25T07:45:15.919086,huobi,3617.43,3618.79,0.0045,2.7637
2025-07-25T07:45:16.016874,bitrue,3618.12,3618.21,7.949,3.203
2025-07-25T07:45:16.019255,huobi,3617.81,3618.0,0.0387,2.7637
2025-07-25T07:45:16.318103,huobi,3617.99,3618.0,0.0624,2.7637
2025-07-25T07:45:17.067177,bitrue,3618.12,3618.21,7.949,3.203
2025-07-25T07:45:18.622172,huobi,3618.0,3618.76,0.4508,1.2376
2025-07-25T07:45:18.721215,huobi,3618.08,3618.95,0.0365,1.2376
2025-07-25T07:45:18.821461,huobi,3618.08,3618.96,0.0365,0.0068
2025-07-25T07:45:18.920926,huobi,3618.28,3618.29,0.4508,2.8035
2025-07-25T07:45:19.019186,huobi,3618.28,3618.29,0.052,2.8035
2025-07-25T07:45:19.158940,bitrue,3618.31,3618.4,5.544,0.229
2025-07-25T07:45:19.218311,huobi,3618.28,3618.29,0.0796,2.8035
2025-07-25T07:45:19.318177,huobi,3618.28,3619.05,0.052,2.7634
2025-07-25T07:45:19.418493,huobi,3618.34,3619.03,0.0363,2.7634
2025-07-25T07:45:19.517970,huobi,3618.34,3619.01,0.0363,2.7634
2025-07-25T07:45:19.617990,huobi,3618.54,3618.55,0.4508,2.8013
2025-07-25T07:45:19.718837,huobi,3618.54,3618.55,0.052,2.8013
2025-07-25T07:45:19.821328,huobi,3618.54,3618.55,0.0445,4.828
2025-07-25T07:45:19.921024,huobi,3616.94,3618.03,11.0,2.7642
2025-07-25T07:45:20.019574,huobi,3616.96,3618.03,11.0,2.7642
2025-07-25T07:45:20.118564,huobi,3617.9,3618.03,0.0387,2.7642
2025-07-25T07:45:20.205941,bitrue,3618.25,3618.4,6.64,6.869
2025-07-25T07:45:20.219408,huobi,3618.03,3618.68,0.4274,2.7636
2025-07-25T07:45:20.361188,huobi,3618.08,3618.68,0.0389,2.7636
2025-07-25T07:45:20.417510,huobi,3618.3,3618.68,0.0367,2.7636
2025-07-25T07:45:20.518810,huobi,3618.48,3618.49,0.3988,2.802
2025-07-25T07:45:20.620427,huobi,3618.46,3618.49,0.3988,0.0385
2025-07-25T07:45:20.717343,huobi,3618.76,3618.77,0.3988,0.0042
2025-07-25T07:45:20.821737,huobi,3618.48,3618.89,0.052,2.7633
2025-07-25T07:45:21.017593,huobi,3618.58,3618.59,0.3988,2.7634
2025-07-25T07:45:21.118811,huobi,3618.92,3619.28,0.0286,0.0243
2025-07-25T07:45:21.219256,huobi,3618.86,3619.25,0.0377,2.7631
2025-07-25T07:45:21.257463,bitrue,3618.51,3618.6,5.393,3.899
2025-07-25T07:45:21.317874,huobi,3618.86,3618.98,0.0377,0.0387
2025-07-25T07:45:21.418045,huobi,3618.86,3618.97,0.0377,2.7631
2025-07-25T07:45:21.617354,huobi,3618.86,3618.91,0.0377,2.7632
2025-07-25T07:45:21.718997,huobi,3618.86,3618.87,0.0377,2.7632
2025-07-25T07:45:21.819646,huobi,3618.47,3618.87,3.617,2.7632
2025-07-25T07:45:22.118723,huobi,3618.7,3618.87,0.0373,2.7632
2025-07-25T07:45:22.218978,huobi,3618.12,3618.87,0.0073,2.7632
2025-07-25T07:45:22.310031,bitrue,3618.95,3619.04,3.387,5.348
2025-07-25T07:45:22.317909,huobi,3618.4,3618.87,3.0,2.7632
2025-07-25T07:45:22.418083,huobi,3618.77,3618.87,0.0393,2.7632
2025-07-25T07:45:22.618710,huobi,3618.86,3618.87,0.3988,2.7632
2025-07-25T07:45:22.717741,huobi,3618.86,3618.87,0.0077,2.7632
2025-07-25T07:45:22.918675,huobi,3618.97,3619.27,0.3988,2.763
2025-07-25T07:45:23.018055,huobi,3618.77,3619.27,0.0393,2.763
2025-07-25T07:45:23.118291,huobi,3618.49,3619.26,0.0038,2.2283
2025-07-25T07:45:23.218883,huobi,3618.34,3618.97,3.0,2.7634
2025-07-25T07:45:23.419099,huobi,3618.77,3618.97,0.0396,2.7634
2025-07-25T07:45:24.018524,huobi,3618.96,3618.97,0.0261,2.7634
2025-07-25T07:45:24.818953,huobi,3618.68,3618.69,0.0045,2.8029
2025-07-25T07:45:25.118141,huobi,3618.33,3618.34,0.3988,2.8027
2025-07-25T07:45:25.218866,huobi,3618.25,3618.34,0.0261,2.8027
2025-07-25T07:45:25.318166,huobi,3618.25,3618.26,0.0261,2.8001
2025-07-25T07:45:25.459704,bitrue,3618.22,3618.31,2.443,6.357
2025-07-25T07:45:26.319479,huobi,3617.71,3618.04,0.0161,2.764
2025-07-25T07:45:26.418730,huobi,3617.47,3618.04,0.0146,2.764
2025-07-25T07:45:26.518227,huobi,3617.83,3618.04,0.0373,2.764
2025-07-25T07:45:26.633603,bitrue,3618.12,3618.31,7.949,6.357
2025-07-25T07:45:26.720395,huobi,3617.55,3617.83,0.0041,2.7641
2025-07-25T07:45:26.820317,huobi,3616.95,3617.71,5.389,2.7644
2025-07-25T07:45:26.918836,huobi,3617.39,3617.53,0.0374,0.1713
2025-07-25T07:45:27.019025,huobi,3617.11,3617.44,0.0038,2.7644
2025-07-25T07:45:27.118857,huobi,3616.91,3617.44,0.7,2.7644
2025-07-25T07:45:27.217892,huobi,3616.91,3617.34,0.7,2.7645
2025-07-25T07:45:27.318443,huobi,3617.15,3617.34,0.0377,2.7645
2025-07-25T07:45:27.683492,bitrue,3617.3,3617.39,5.391,5.405
2025-07-25T07:45:27.819591,huobi,3617.33,3617.34,0.0276,2.8029
2025-07-25T07:45:28.317834,huobi,3616.98,3617.34,0.0364,2.7645
2025-07-25T07:45:28.422063,huobi,3616.98,3617.17,0.0364,2.7645
2025-07-25T07:45:28.738932,bitrue,3617.02,3617.11,3.017,7.656
2025-07-25T07:45:29.117767,huobi,3616.98,3617.09,0.0364,0.0374
2025-07-25T07:45:29.217450,huobi,3616.91,3617.08,0.7,2.7646
2025-07-25T07:45:29.318768,huobi,3617.05,3617.82,0.0117,1.9827
2025-07-25T07:45:29.420752,huobi,3617.05,3617.79,0.0117,7.0019
2025-07-25T07:45:29.621913,huobi,3617.05,3617.06,0.0117,2.7644
2025-07-25T07:45:30.519637,huobi,3616.88,3617.03,0.0276,0.1713
2025-07-25T07:45:30.620121,huobi,3616.14,3616.57,0.0134,2.8015
2025-07-25T07:45:30.720184,huobi,3615.85,3616.39,3.617,0.0366
2025-07-25T07:45:30.819197,huobi,3615.67,3615.9,0.7,0.0373
2025-07-25T07:45:30.835642,bitrue,3616.7,3616.94,0.013,6.819
2025-07-25T07:45:30.918337,huobi,3615.79,3615.8,0.3988,2.8051
2025-07-25T07:45:31.059455,huobi,3615.79,3615.8,0.4508,2.7656
2025-07-25T07:45:31.117972,huobi,3615.79,3615.8,0.0062,2.7656
2025-07-25T07:45:31.217655,huobi,3615.79,3615.8,0.0582,2.7656
2025-07-25T07:45:31.718357,huobi,3615.86,3615.87,0.3988,0.0368
2025-07-25T07:45:31.819628,huobi,3616.63,3616.64,0.3988,0.0135
2025-07-25T07:45:31.887631,bitrue,3615.87,3615.96,6.846,6.935
2025-07-25T07:45:31.934231,huobi,3616.13,3617.08,0.0286,0.008
2025-07-25T07:45:32.017997,huobi,3616.36,3616.37,0.0027,0.0399
2025-07-25T07:45:32.117962,huobi,3616.36,3616.37,0.0547,2.8051
2025-07-25T07:45:32.934868,bitrue,3616.33,3616.42,6.607,0.082
2025-07-25T07:45:33.918138,huobi,3615.86,3616.37,0.052,2.8051
