timestamp,exchange,bid,ask,bid_vol,ask_vol
2025-07-25T07:28:32.651978,bitrue,3640.52,3640.79,5.606,0.083
2025-07-25T07:28:32.652096,bitrue,3640.7,3640.79,7.794,0.083
2025-07-25T07:28:32.751258,huobi,3641.84,3641.85,0.2289,0.0043
2025-07-25T07:28:32.751324,huobi,3641.61,3641.62,2.9749,0.0377
2025-07-25T07:28:32.751411,huobi,3640.76,3641.4,0.5466,0.2659
2025-07-25T07:28:32.837035,huobi,3640.81,3641.4,2.7464,0.2659
2025-07-25T07:28:32.937611,huobi,3640.41,3641.4,0.5466,0.2659
2025-07-25T07:28:33.036426,huobi,3641.11,3641.12,0.0386,0.3051
2025-07-25T07:28:33.135191,huobi,3641.11,3641.12,2.785,0.3027
2025-07-25T07:28:33.337759,huobi,3641.35,3641.36,2.9752,0.0382
2025-07-25T07:28:33.438671,huobi,3641.35,3641.36,2.7463,0.0382
2025-07-25T07:28:33.453099,bitrue,3640.84,3640.93,5.461,7.228
2025-07-25T07:28:33.536720,huobi,3641.39,3641.4,2.9751,0.0045
2025-07-25T07:28:33.636098,huobi,3641.39,3641.4,2.7462,0.3027
2025-07-25T07:28:33.835293,huobi,3641.54,3641.55,2.975,0.038
2025-07-25T07:28:34.035552,huobi,3641.54,3641.85,2.7461,0.0043
2025-07-25T07:28:34.138090,huobi,3641.54,3641.55,2.7461,0.3027
2025-07-25T07:28:34.237917,huobi,3641.54,3641.55,2.7461,2.24
2025-07-25T07:28:34.500756,bitrue,3640.84,3640.93,5.461,7.228
2025-07-25T07:28:35.638476,huobi,3640.6,3641.32,1.3363,0.3027
2025-07-25T07:28:35.738309,huobi,3640.63,3641.32,2.7465,0.3027
2025-07-25T07:28:35.836523,huobi,3640.68,3641.32,2.7465,0.3027
2025-07-25T07:28:35.936861,huobi,3641.28,3641.29,2.7464,0.2659
2025-07-25T07:28:36.035588,huobi,3641.28,3641.55,2.7464,2.2778
2025-07-25T07:28:36.135134,huobi,3641.28,3641.29,2.7464,0.3027
2025-07-25T07:28:36.336389,huobi,3641.28,3641.55,2.7464,0.0378
2025-07-25T07:28:36.435426,huobi,3641.28,3641.29,2.7464,0.3027
2025-07-25T07:28:36.535933,huobi,3641.28,3641.55,2.7464,2.2778
2025-07-25T07:28:36.635599,huobi,3641.28,3641.29,2.7464,0.3027
2025-07-25T07:28:37.135656,huobi,3641.28,3641.29,2.7464,0.2659
2025-07-25T07:28:37.435879,huobi,3641.28,3641.29,2.7464,0.3027
2025-07-25T07:28:37.635271,huobi,3641.28,3641.55,2.7464,2.2778
2025-07-25T07:28:37.836315,huobi,3641.28,3641.29,2.7464,0.3027
2025-07-25T07:28:37.936567,huobi,3641.28,3641.55,2.7464,2.2778
2025-07-25T07:28:38.038633,huobi,3641.3,3641.55,2.7461,2.2778
2025-07-25T07:28:38.235378,huobi,3641.3,3641.31,2.7461,0.3027
2025-07-25T07:28:38.335043,huobi,3641.3,3641.55,2.7461,0.0378
2025-07-25T07:28:38.535674,huobi,3641.3,3641.55,2.7461,2.2778
2025-07-25T07:28:38.638446,huobi,3641.3,3641.31,2.7461,0.3027
2025-07-25T07:28:39.235495,huobi,3641.3,3641.55,2.7461,2.2778
2025-07-25T07:28:39.535608,huobi,3641.3,3641.31,2.7461,0.3027
2025-07-25T07:28:39.634952,huobi,3641.3,3641.55,2.7461,2.2778
2025-07-25T07:28:39.736301,huobi,3641.3,3641.31,2.7461,0.3027
2025-07-25T07:28:40.135677,huobi,3641.3,3641.55,2.7461,2.2778
2025-07-25T07:28:40.236335,huobi,3641.3,3641.31,2.7461,0.3027
2025-07-25T07:28:40.637449,huobi,3641.3,3641.55,2.7461,0.0378
2025-07-25T07:28:40.735308,huobi,3641.54,3641.55,2.975,0.0378
2025-07-25T07:28:40.937502,huobi,3641.54,3641.55,2.7461,2.2778
2025-07-25T07:28:41.636096,huobi,3641.54,3641.55,2.9749,2.2778
2025-07-25T07:28:41.735463,huobi,3641.54,3641.55,2.746,2.2778
2025-07-25T07:28:42.136121,huobi,3641.36,3641.55,0.0395,2.2778
2025-07-25T07:28:42.235642,huobi,3641.36,3641.55,2.7857,2.2778
2025-07-25T07:28:42.435626,huobi,3641.36,3641.37,2.7857,0.3027
2025-07-25T07:28:42.535505,huobi,3641.36,3641.55,2.7857,2.2778
2025-07-25T07:28:42.735595,huobi,3641.54,3641.55,2.975,0.0378
2025-07-25T07:28:42.885303,huobi,3641.54,3641.55,2.9749,0.0378
2025-07-25T07:28:42.934618,huobi,3641.54,3641.55,2.746,0.0378
2025-07-25T07:28:43.035196,huobi,3641.54,3641.55,2.746,2.2778
2025-07-25T07:28:43.835464,huobi,3641.37,3641.38,2.7461,0.3027
2025-07-25T07:28:43.935600,huobi,3641.37,3641.55,2.7461,2.2778
2025-07-25T07:28:44.036326,huobi,3641.38,3641.55,0.0072,2.2778
2025-07-25T07:28:44.137889,huobi,3641.38,3641.39,2.7534,0.268
2025-07-25T07:28:44.236656,huobi,3641.38,3641.39,2.7534,0.3027
2025-07-25T07:28:44.634997,huobi,3641.38,3641.55,2.7462,2.2778
2025-07-25T07:28:44.735558,huobi,3641.38,3641.39,2.7462,0.3027
2025-07-25T07:28:44.835744,huobi,3641.38,3641.55,2.7462,2.2778
2025-07-25T07:28:44.936258,huobi,3641.38,3641.39,2.7462,0.3027
2025-07-25T07:28:45.136743,huobi,3641.54,3641.55,2.975,1.0962
2025-07-25T07:28:45.237541,huobi,3641.94,3641.95,2.9746,0.1545
2025-07-25T07:28:45.462004,huobi,3641.94,3641.95,2.7457,0.1545
2025-07-25T07:28:45.537901,huobi,3640.59,3641.04,0.0038,0.0376
2025-07-25T07:28:45.637719,huobi,3640.38,3641.91,0.5466,2.7467
2025-07-25T07:28:45.736426,huobi,3641.25,3641.9,0.0398,0.7586
2025-07-25T07:28:45.840151,huobi,3641.94,3641.95,2.9746,0.1545
2025-07-25T07:28:45.937286,huobi,3641.94,3641.95,2.7457,0.1938
2025-07-25T07:28:46.049232,bitrue,3641.15,3641.24,6.829,0.031
2025-07-25T07:28:46.136037,huobi,3641.94,3641.95,2.9746,0.1938
2025-07-25T07:28:46.336530,huobi,3641.99,3642.63,2.7455,0.0037
2025-07-25T07:28:46.436010,huobi,3642.16,3642.91,2.7453,0.0054
2025-07-25T07:28:46.639126,huobi,3642.16,3642.9,2.7453,0.3027
2025-07-25T07:28:46.736232,huobi,3642.34,3642.91,0.5466,0.0054
2025-07-25T07:28:46.837042,huobi,3642.35,3642.91,2.7452,0.0054
2025-07-25T07:28:46.937365,huobi,3642.42,3642.91,2.7452,0.0054
2025-07-25T07:28:47.035264,huobi,3642.6,3642.61,0.2289,0.0389
2025-07-25T07:28:47.112747,bitrue,3641.63,3641.72,5.38,0.014
2025-07-25T07:28:47.135546,huobi,3642.6,3642.61,0.2289,2.8077
2025-07-25T07:28:47.335926,huobi,3642.41,3642.42,2.7844,0.3027
2025-07-25T07:28:47.434726,huobi,3642.6,3642.61,0.2289,2.8042
2025-07-25T07:28:47.534953,huobi,3642.6,3642.61,0.2289,2.8077
2025-07-25T07:28:47.837018,huobi,3642.6,3642.61,2.7452,0.02
2025-07-25T07:28:48.080590,huobi,3642.6,3642.61,2.7842,0.02
2025-07-25T07:28:48.136166,huobi,3642.6,3642.61,3.3308,0.02
2025-07-25T07:28:48.164165,bitrue,3641.63,3641.88,5.38,2.236
2025-07-25T07:28:48.237545,huobi,3642.6,3642.61,2.7842,0.02
2025-07-25T07:28:49.035934,huobi,3642.92,3642.93,0.2289,0.7
2025-07-25T07:28:49.135992,huobi,3642.28,3642.82,2.7453,0.3027
2025-07-25T07:28:49.213272,bitrue,3642.24,3642.34,6.697,6.434
2025-07-25T07:28:49.235452,huobi,3642.32,3642.93,2.7452,0.7564
2025-07-25T07:28:49.335562,huobi,3642.82,3642.93,0.04,0.7564
2025-07-25T07:28:49.436703,huobi,3642.92,3642.93,2.9739,0.72
2025-07-25T07:28:50.240100,huobi,3642.92,3642.93,3.0136,0.72
2025-07-25T07:28:50.259561,bitrue,3642.24,3642.34,6.697,6.434
2025-07-25T07:28:50.936124,huobi,3642.92,3642.93,2.7847,0.72
2025-07-25T07:28:51.036033,huobi,3642.92,3642.93,2.7847,0.7
2025-07-25T07:28:51.235600,huobi,3642.92,3642.93,2.7847,0.72
2025-07-25T07:28:51.309647,bitrue,3642.32,3642.73,6.239,4.512
2025-07-25T07:28:53.135898,huobi,3642.92,3642.93,2.7847,0.3
2025-07-25T07:28:53.435432,huobi,3642.92,3642.93,2.7847,0.02
2025-07-25T07:28:55.534897,huobi,3643.13,3643.14,2.9738,0.0374
2025-07-25T07:28:55.634986,huobi,3643.13,3643.14,2.7449,0.0374
2025-07-25T07:28:55.835682,huobi,3643.13,3643.14,2.7449,0.0574
2025-07-25T07:28:55.937703,huobi,3643.13,3643.14,2.7848,0.02
2025-07-25T07:28:56.037589,huobi,3643.13,3643.14,3.3314,0.02
2025-07-25T07:28:56.237042,huobi,3643.13,3643.14,2.7848,0.02
2025-07-25T07:28:56.570723,bitrue,3642.71,3642.82,5.626,5.358
2025-07-25T07:28:57.235918,huobi,3643.13,3643.14,0.0399,2.7648
2025-07-25T07:28:57.336224,huobi,3642.48,3643.13,2.7451,0.0037
2025-07-25T07:28:57.436737,huobi,3641.53,3642.91,3.0,2.7455
2025-07-25T07:28:57.536428,huobi,3642.62,3642.63,0.0361,0.3027
2025-07-25T07:28:57.616021,bitrue,3642.36,3642.45,1.189,5.482
2025-07-25T07:28:57.636184,huobi,3642.62,3642.63,0.0361,0.3062
2025-07-25T07:28:57.737551,huobi,3641.43,3642.63,0.5466,0.7044
2025-07-25T07:28:57.836954,huobi,3641.19,3642.59,0.0069,0.739
2025-07-25T07:28:57.936366,huobi,3641.23,3642.59,0.5466,0.739
2025-07-25T07:28:58.035851,huobi,3642.23,3642.24,0.039,0.3059
2025-07-25T07:28:58.135279,huobi,3642.23,3642.24,0.039,3.0514
2025-07-25T07:28:58.236056,huobi,3641.19,3642.24,0.0069,3.4496
2025-07-25T07:28:58.335278,huobi,3641.2,3642.23,2.7459,0.3982
2025-07-25T07:28:58.435032,huobi,3642.15,3642.16,0.0377,0.2659
2025-07-25T07:28:58.537888,huobi,3642.58,3642.59,0.2289,0.02
2025-07-25T07:28:58.636364,huobi,3642.58,3642.59,2.7453,0.02
2025-07-25T07:28:58.664133,bitrue,3641.67,3641.76,2.71,6.777
2025-07-25T07:28:59.238009,huobi,3642.58,3642.59,2.7842,0.02
2025-07-25T07:28:59.336134,huobi,3642.58,3642.59,3.3308,0.02
2025-07-25T07:28:59.638162,huobi,3642.58,3642.59,4.3602,0.02
2025-07-25T07:28:59.711320,bitrue,3641.77,3642.25,4.506,2.241
2025-07-25T07:28:59.735867,huobi,3642.58,3642.59,0.5855,0.02
2025-07-25T07:28:59.837766,huobi,3642.58,3642.59,0.0389,0.02
2025-07-25T07:29:00.045030,huobi,3642.58,3643.01,0.0389,0.038
2025-07-25T07:29:00.137119,huobi,3642.8,3642.81,0.0388,0.305
2025-07-25T07:29:00.236835,huobi,3642.11,3642.8,2.7454,0.0023
2025-07-25T07:29:00.337477,huobi,3642.14,3642.8,2.7453,0.0223
2025-07-25T07:29:00.535979,huobi,3642.68,3642.69,2.7817,0.2659
2025-07-25T07:29:00.637038,huobi,3641.92,3642.69,0.5412,0.3027
2025-07-25T07:29:00.736447,huobi,3641.75,3642.69,3.2922,0.3027
2025-07-25T07:29:00.756641,bitrue,3642.16,3642.25,6.819,2.241
2025-07-25T07:29:00.880609,huobi,3642.68,3642.69,0.0372,0.3027
2025-07-25T07:29:00.935166,huobi,3642.68,3642.69,2.7824,0.3027
2025-07-25T07:29:01.035937,huobi,3642.79,3642.8,2.7824,0.02
2025-07-25T07:29:01.134684,huobi,3642.79,3642.8,3.0113,0.02
2025-07-25T07:29:01.435466,huobi,3642.79,3642.8,2.7451,0.02
2025-07-25T07:29:01.736901,huobi,3643.23,3643.24,0.0397,0.2659
2025-07-25T07:29:01.801343,bitrue,3642.16,3642.25,6.819,2.241
2025-07-25T07:29:01.835899,huobi,3643.23,3643.24,0.0375,0.0021
2025-07-25T07:29:01.935680,huobi,3642.78,3643.35,2.8444,0.18
2025-07-25T07:29:02.038036,huobi,3643.34,3643.35,0.2289,0.18
2025-07-25T07:29:02.134612,huobi,3643.34,3643.35,0.0388,2.927
2025-07-25T07:29:02.234976,huobi,3643.34,3643.35,2.7834,0.18
2025-07-25T07:29:02.435862,huobi,3643.81,3643.82,2.9732,0.016
2025-07-25T07:29:02.534754,huobi,3643.81,3643.82,2.7443,0.016
2025-07-25T07:29:02.635325,huobi,3643.81,3643.82,2.7443,0.0549
2025-07-25T07:29:02.834730,huobi,3643.6,3643.61,2.784,0.3027
2025-07-25T07:29:02.844371,bitrue,3642.95,3643.04,7.518,0.046
2025-07-25T07:29:02.934733,huobi,3643.8,3643.81,0.2289,0.3982
2025-07-25T07:29:03.034608,huobi,3643.8,3643.81,2.7444,0.3982
2025-07-25T07:29:03.134605,huobi,3643.8,3643.81,2.7444,0.3027
2025-07-25T07:29:03.457270,huobi,3643.8,3643.81,2.7444,0.3982
2025-07-25T07:29:03.634996,huobi,3643.6,3643.61,0.0396,0.3027
2025-07-25T07:29:03.838919,huobi,3643.6,3643.61,0.0396,3.4482
2025-07-25T07:29:03.892164,bitrue,3642.95,3643.04,7.518,0.046
2025-07-25T07:29:03.936068,huobi,3642.71,3643.6,0.0038,0.7586
2025-07-25T07:29:04.035734,huobi,3642.71,3643.57,0.0038,0.4002
2025-07-25T07:29:04.135776,huobi,3643.39,3643.49,0.0381,0.0381
2025-07-25T07:29:04.236081,huobi,3643.39,3643.4,0.0381,0.3067
2025-07-25T07:29:04.335044,huobi,3643.39,3643.4,0.0381,1.5827
2025-07-25T07:29:04.436233,huobi,3642.71,3643.39,0.0038,0.7586
2025-07-25T07:29:04.536253,huobi,3641.92,3643.22,0.0042,0.0393
2025-07-25T07:29:04.737894,huobi,3642.72,3642.87,0.037,1.273
2025-07-25T07:29:04.835506,huobi,3642.72,3642.73,0.037,0.3068
2025-07-25T07:29:04.935432,huobi,3642.44,3642.45,0.0043,0.269
2025-07-25T07:29:04.939299,bitrue,3642.27,3642.48,5.606,7.837
2025-07-25T07:29:05.035259,huobi,3641.91,3642.45,0.0138,0.269
2025-07-25T07:29:05.135330,huobi,3642.44,3642.45,0.0374,0.269
2025-07-25T07:29:05.237649,huobi,3642.44,3642.45,2.7828,0.269
2025-07-25T07:29:05.334875,huobi,3642.44,3642.73,2.7454,0.3982
2025-07-25T07:29:05.436467,huobi,3642.66,3642.71,0.04,2.7453
2025-07-25T07:29:05.534710,huobi,3642.66,3642.67,0.04,0.3066
2025-07-25T07:29:05.635314,huobi,3642.66,3642.67,0.04,0.7048
2025-07-25T07:29:05.734982,huobi,3641.53,3642.67,3.0,0.7048
2025-07-25T07:29:05.834562,huobi,3641.53,3642.66,3.0,0.3982
2025-07-25T07:29:05.934844,huobi,3642.64,3642.65,0.0389,0.004
2025-07-25T07:29:05.985233,bitrue,3642.25,3642.34,0.069,5.813
2025-07-25T07:29:06.035336,huobi,3642.64,3642.65,2.7841,0.004
2025-07-25T07:29:06.336185,huobi,3642.79,3643.24,2.745,0.5412
2025-07-25T07:29:06.436007,huobi,3642.79,3642.8,2.745,0.3027
2025-07-25T07:29:06.535756,huobi,3642.89,3642.9,2.974,0.3982
2025-07-25T07:29:06.635815,huobi,3642.89,3642.9,3.0118,0.3982
2025-07-25T07:29:06.736420,huobi,3642.91,3643.51,2.7448,0.5412
2025-07-25T07:29:06.836776,huobi,3643.1,3643.11,2.9738,0.0382
2025-07-25T07:29:06.934530,huobi,3643.1,3643.11,2.7449,0.0382
2025-07-25T07:29:07.036135,huobi,3642.12,3642.9,2.745,0.3027
2025-07-25T07:29:07.136076,huobi,3641.48,3642.89,0.0145,2.7453
2025-07-25T07:29:07.237316,huobi,3641.45,3642.84,3.0,0.7586
2025-07-25T07:29:07.335712,huobi,3642.56,3642.57,0.0376,1.6811
2025-07-25T07:29:07.435364,huobi,3642.56,3642.57,0.0376,2.0793
2025-07-25T07:29:07.834723,huobi,3642.56,3642.57,0.0376,4.8246
2025-07-25T07:29:07.934690,huobi,3642.56,3642.57,2.7829,0.4013
2025-07-25T07:29:08.033900,huobi,3642.56,3642.57,2.7829,0.3982
2025-07-25T07:29:08.074675,bitrue,3642.03,3642.12,1.821,6.676
2025-07-25T07:29:08.534901,huobi,3642.72,3643.02,0.2289,0.0031
2025-07-25T07:29:08.634555,huobi,3642.56,3642.57,0.0376,0.2659
2025-07-25T07:29:08.735436,huobi,3642.56,3642.57,0.0376,0.269
2025-07-25T07:29:09.034108,huobi,3642.56,3642.57,0.0376,0.0031
2025-07-25T07:29:09.123279,bitrue,3642.03,3642.12,1.821,6.676
2025-07-25T07:29:09.135164,huobi,3642.56,3642.57,2.7829,0.0031
2025-07-25T07:29:09.338537,huobi,3642.56,3642.57,2.7829,0.3027
2025-07-25T07:29:09.436465,huobi,3642.8,3642.81,2.9741,0.3982
2025-07-25T07:29:09.535881,huobi,3643.1,3643.11,0.2289,0.0044
2025-07-25T07:29:09.635064,huobi,3643.1,3643.11,0.2289,3.1475
2025-07-25T07:29:09.735921,huobi,3642.93,3642.94,2.974,0.04
2025-07-25T07:29:09.837771,huobi,3642.72,3642.94,0.0399,2.785
2025-07-25T07:29:09.934216,huobi,3642.72,3642.73,2.785,0.3027
2025-07-25T07:29:10.034724,huobi,3642.93,3642.94,2.745,2.7882
2025-07-25T07:29:10.136265,huobi,3642.93,3642.94,2.2777,0.04
2025-07-25T07:29:10.435739,huobi,3642.93,3643.44,2.2777,1.6471
2025-07-25T07:29:10.535931,huobi,3642.93,3643.41,2.2777,0.7586
2025-07-25T07:29:10.634353,huobi,3642.86,3643.37,2.7448,0.0047
2025-07-25T07:29:10.735174,huobi,3642.86,3643.06,2.7448,0.0376
2025-07-25T07:29:10.836336,huobi,3642.86,3643.05,2.7448,0.3982
2025-07-25T07:29:10.934703,huobi,3642.86,3642.87,2.7448,0.2659
2025-07-25T07:29:11.035279,huobi,3642.86,3643.05,2.7448,0.3982
2025-07-25T07:29:11.134529,huobi,3642.86,3642.87,2.7448,0.3027
2025-07-25T07:29:11.218622,bitrue,3642.24,3642.34,5.325,5.813
2025-07-25T07:29:11.334052,huobi,3642.86,3643.05,2.7448,0.3982
2025-07-25T07:29:11.434132,huobi,3643.04,3643.05,0.2289,0.3982
2025-07-25T07:29:11.534741,huobi,3643.04,3643.05,0.2289,3.1467
2025-07-25T07:29:11.634860,huobi,3642.86,3643.05,2.7449,3.1467
2025-07-25T07:29:11.734035,huobi,3643.04,3643.05,0.2289,3.1467
2025-07-25T07:29:11.855320,huobi,3642.85,3642.86,2.7833,0.3027
2025-07-25T07:29:11.934456,huobi,3642.85,3643.05,2.7833,0.3982
2025-07-25T07:29:12.034417,huobi,3642.95,3642.96,2.7815,0.3027
2025-07-25T07:29:12.134269,huobi,3642.95,3642.96,0.0365,0.3027
2025-07-25T07:29:12.236208,huobi,3642.95,3642.96,0.0365,0.3062
2025-07-25T07:29:12.437255,huobi,3642.95,3642.96,2.7815,0.3062
2025-07-25T07:29:12.537549,huobi,3643.09,3643.1,2.7839,0.3027
2025-07-25T07:29:12.634747,huobi,3643.09,3643.1,0.039,0.3027
2025-07-25T07:29:12.734100,huobi,3642.31,3643.1,2.7452,0.3027
2025-07-25T07:29:12.837563,huobi,3642.5,3643.18,0.5466,0.0362
2025-07-25T07:29:12.939624,huobi,3642.98,3643.74,0.5466,2.1578
2025-07-25T07:29:13.036507,huobi,3643.25,3643.71,2.7446,0.0046
2025-07-25T07:29:13.134864,huobi,3643.25,3643.46,2.7446,0.0363
2025-07-25T07:29:13.235211,huobi,3643.25,3643.26,2.7446,0.3027
2025-07-25T07:29:13.309962,bitrue,3642.39,3642.48,7.257,7.837
2025-07-25T07:29:13.335475,huobi,3643.25,3643.26,2.7446,0.3982
2025-07-25T07:29:13.534626,huobi,3643.24,3643.25,0.036,1.0648
2025-07-25T07:29:13.836030,huobi,3643.24,3643.25,0.036,0.7044
2025-07-25T07:29:14.335047,huobi,3643.24,3643.25,2.7808,0.7009
2025-07-25T07:29:14.634074,huobi,3643.24,3643.25,2.7808,0.3982
2025-07-25T07:29:15.034696,huobi,3643.24,3643.25,0.036,0.4015
2025-07-25T07:29:16.034727,huobi,3643.24,3643.25,2.7808,0.3982
2025-07-25T07:29:16.134245,huobi,3643.24,3643.25,0.036,0.3982
2025-07-25T07:29:16.334423,huobi,3643.24,3643.25,0.036,0.4009
2025-07-25T07:29:16.434977,huobi,3643.24,3643.25,0.036,0.3982
2025-07-25T07:29:16.935934,huobi,3642.16,3643.25,0.0042,0.3982
2025-07-25T07:29:17.036450,huobi,3642.16,3643.06,0.0042,0.3982
2025-07-25T07:29:17.136290,huobi,3641.84,3643.05,0.0067,0.7586
2025-07-25T07:29:17.237200,huobi,3642.8,3642.81,0.0376,1.7284
2025-07-25T07:29:17.344590,huobi,3642.15,3642.81,0.0044,2.1266
2025-07-25T07:29:17.636108,huobi,3642.5,3642.51,0.0382,0.3027
2025-07-25T07:29:17.935383,huobi,3642.5,3642.51,0.0382,0.7009
2025-07-25T07:29:18.135122,huobi,3642.5,3642.51,2.7835,0.7044
2025-07-25T07:29:18.235167,huobi,3642.5,3642.51,0.0382,0.4012
2025-07-25T07:29:18.536004,huobi,3642.5,3642.51,0.0382,3.1465
2025-07-25T07:29:18.550429,bitrue,3642.03,3642.13,1.821,6.156
2025-07-25T07:29:18.936067,huobi,3641.85,3642.33,2.7453,0.0366
2025-07-25T07:29:19.036373,huobi,3641.63,3642.05,0.0079,0.0373
2025-07-25T07:29:19.135038,huobi,3641.27,3642.05,0.5466,0.0373
2025-07-25T07:29:19.236539,huobi,3641.82,3641.83,0.0363,0.3027
2025-07-25T07:29:19.335518,huobi,3641.82,3641.83,0.0363,0.3055
2025-07-25T07:29:19.455107,huobi,3641.24,3641.83,5.4636,0.3027
2025-07-25T07:29:19.536429,huobi,3641.24,3641.81,5.4636,0.0041
2025-07-25T07:29:19.598142,bitrue,3641.19,3641.28,6.118,5.306
2025-07-25T07:29:19.636163,huobi,3641.24,3641.81,5.4636,0.4023
2025-07-25T07:29:19.735853,huobi,3641.57,3641.58,0.0363,0.3027
2025-07-25T07:29:19.834995,huobi,3641.57,3641.58,0.0363,0.7044
2025-07-25T07:29:20.134189,huobi,3641.57,3641.58,0.0363,3.4504
2025-07-25T07:29:20.535053,huobi,3640.96,3641.58,2.746,3.4504
2025-07-25T07:29:20.635317,huobi,3640.69,3641.38,2.7464,0.3982
2025-07-25T07:29:20.642578,bitrue,3641.15,3641.28,6.829,5.306
2025-07-25T07:29:20.734835,huobi,3640.69,3641.37,2.7464,0.7586
2025-07-25T07:29:20.835749,huobi,3641.15,3641.16,0.0372,0.3057
2025-07-25T07:29:20.935855,huobi,3641.15,3641.16,0.0372,0.7039
2025-07-25T07:29:21.236059,huobi,3640.57,3641.15,2.7465,0.3982
2025-07-25T07:29:21.337286,huobi,3640.57,3641.14,2.7465,0.004
2025-07-25T07:29:21.435614,huobi,3641.08,3641.09,0.0361,0.3027
2025-07-25T07:29:21.534558,huobi,3641.08,3641.09,0.0361,0.3061
2025-07-25T07:29:21.696834,bitrue,3640.58,3640.67,0.165,7.861
2025-07-25T07:29:21.834557,huobi,3641.08,3641.09,0.0361,0.7043
2025-07-25T07:29:22.434511,huobi,3641.08,3641.09,0.0361,0.4014
2025-07-25T07:29:22.745496,bitrue,3640.58,3640.67,0.165,7.861
2025-07-25T07:29:23.236813,huobi,3641.36,3641.37,0.2289,2.7534
2025-07-25T07:29:23.335967,huobi,3641.08,3641.09,0.0361,0.3061
2025-07-25T07:29:23.435557,huobi,3640.31,3641.09,2.7467,0.3061
2025-07-25T07:29:23.636812,huobi,3640.87,3640.88,0.0377,1.683
2025-07-25T07:29:23.735847,huobi,3640.87,3640.88,0.0377,1.6866
2025-07-25T07:29:23.794454,bitrue,3640.14,3640.67,5.794,7.861
2025-07-25T07:29:24.135681,huobi,3640.0,3640.88,0.0306,2.0848
2025-07-25T07:29:24.236005,huobi,3640.02,3640.83,0.7584,0.0368
2025-07-25T07:29:24.434624,huobi,3640.6,3640.61,0.038,0.3058
2025-07-25T07:29:24.736153,huobi,3640.6,3640.61,2.7847,0.0031
2025-07-25T07:29:24.835187,huobi,3640.76,3641.16,2.7465,0.0037
2025-07-25T07:29:24.838926,bitrue,3640.17,3640.26,1.174,7.312
2025-07-25T07:29:25.034817,huobi,3640.75,3641.14,0.0373,1.5358
2025-07-25T07:29:25.134227,huobi,3640.75,3640.76,0.0373,3.0525
2025-07-25T07:29:25.334204,huobi,3640.75,3640.95,0.0373,0.0384
2025-07-25T07:29:25.434736,huobi,3640.75,3640.76,0.0373,0.3058
2025-07-25T07:29:25.535041,huobi,3640.76,3640.95,2.7465,0.0384
2025-07-25T07:29:25.639621,huobi,3640.75,3640.76,0.0373,0.3027
2025-07-25T07:29:25.737831,huobi,3640.75,3640.95,2.7838,0.0384
2025-07-25T07:29:25.835464,huobi,3640.75,3640.76,2.7838,0.3027
2025-07-25T07:29:25.934610,huobi,3640.75,3640.95,2.7838,0.0384
2025-07-25T07:29:26.035194,huobi,3640.94,3640.95,2.7465,0.0384
2025-07-25T07:29:26.434048,huobi,3640.94,3640.95,2.9754,0.0384
2025-07-25T07:29:26.534555,huobi,3640.94,3640.95,2.7465,0.0384
2025-07-25T07:29:26.634590,huobi,3640.75,3640.76,0.0373,0.3027
2025-07-25T07:29:26.735612,huobi,3640.75,3640.76,0.0373,3.0523
2025-07-25T07:29:27.134980,huobi,3640.02,3640.76,0.7584,3.0523
2025-07-25T07:29:27.235190,huobi,3640.0,3640.76,0.0306,3.0523
2025-07-25T07:29:27.334908,huobi,3640.65,3640.74,0.0385,0.0038
2025-07-25T07:29:27.436587,huobi,3640.65,3640.66,0.0385,0.306
2025-07-25T07:29:27.536192,huobi,3640.01,3640.66,2.747,0.306
2025-07-25T07:29:27.834776,huobi,3640.46,3640.47,0.0375,0.2685
2025-07-25T07:29:27.982880,bitrue,3639.99,3640.08,0.548,6.572
2025-07-25T07:29:28.033836,huobi,3640.46,3640.47,2.7844,0.2659
2025-07-25T07:29:28.134210,huobi,3640.46,3640.47,2.7844,0.3027
2025-07-25T07:29:28.333138,huobi,3640.46,3640.47,0.0375,0.3027
2025-07-25T07:29:28.433413,huobi,3640.46,3640.47,2.7844,0.3027
2025-07-25T07:29:29.037879,bitrue,3639.95,3640.08,6.321,6.572
2025-07-25T07:29:29.433480,huobi,3640.01,3640.47,2.747,0.3027
2025-07-25T07:29:29.533758,huobi,3640.01,3640.46,2.747,0.0033
2025-07-25T07:29:29.733424,huobi,3640.41,3640.42,0.0381,0.2691
2025-07-25T07:29:30.534776,huobi,3640.41,3640.42,0.0381,2.0324
2025-07-25T07:29:30.633515,huobi,3640.01,3640.41,2.747,0.0035
2025-07-25T07:29:30.736354,huobi,3640.01,3640.41,2.747,0.4017
2025-07-25T07:29:30.834051,huobi,3640.3,3640.31,0.0394,0.3027
2025-07-25T07:29:30.933510,huobi,3640.3,3640.31,0.0394,0.306
2025-07-25T07:29:31.032924,huobi,3640.3,3640.31,0.0394,3.4512
2025-07-25T07:29:31.294398,bitrue,3639.75,3639.84,5.315,5.533
2025-07-25T07:29:33.255261,bitrue,3639.75,3639.84,5.315,5.533
2025-07-25T07:29:33.734522,huobi,3640.01,3640.31,2.747,3.1485
2025-07-25T07:29:33.933998,huobi,3640.01,3640.02,2.747,0.2659
2025-07-25T07:29:34.036825,huobi,3640.3,3640.31,0.0395,3.1485
2025-07-25T07:29:36.237365,huobi,3639.01,3639.92,0.5466,0.0397
2025-07-25T07:29:36.339014,huobi,3639.09,3639.92,0.5466,0.0397
2025-07-25T07:29:36.435037,huobi,3638.91,3639.72,0.3,0.3027
2025-07-25T07:29:36.518879,bitrue,3639.2,3639.29,4.48,7.904
2025-07-25T07:29:36.535167,huobi,3638.91,3639.71,0.3,0.4044
2025-07-25T07:29:36.633906,huobi,3638.91,3639.71,0.3,0.4051
2025-07-25T07:29:36.734041,huobi,3639.59,3639.6,0.04,0.2689
2025-07-25T07:29:36.835664,huobi,3638.91,3639.37,0.3,0.0366
2025-07-25T07:29:36.934056,huobi,3638.91,3639.36,0.3,0.3982
2025-07-25T07:29:37.135656,huobi,3639.14,3639.15,0.0389,0.3056
2025-07-25T07:29:37.338928,huobi,3638.91,3638.92,0.3,0.2659
2025-07-25T07:29:37.565883,bitrue,3638.52,3638.86,0.227,7.319
2025-07-25T07:29:37.637046,huobi,3638.91,3639.12,0.3,0.036
2025-07-25T07:29:37.733847,huobi,3638.91,3638.92,0.3,0.305
2025-07-25T07:29:37.834450,huobi,3638.91,3638.92,0.3,0.0023
2025-07-25T07:29:38.036108,huobi,3638.91,3639.11,0.3,0.4023
2025-07-25T07:29:38.134901,huobi,3638.91,3638.92,0.3,0.3054
2025-07-25T07:29:38.234741,huobi,3638.91,3638.92,0.3,0.7036
2025-07-25T07:29:38.334750,huobi,3638.91,3638.92,0.3365,0.7036
2025-07-25T07:29:38.433939,huobi,3638.91,3638.92,0.3365,0.4009
2025-07-25T07:29:38.535810,huobi,3638.91,3638.92,0.3,0.4009
2025-07-25T07:29:38.612918,bitrue,3638.52,3638.65,0.227,6.449
2025-07-25T07:29:39.333913,huobi,3638.91,3638.92,0.3,0.4372
2025-07-25T07:29:39.664400,bitrue,3638.34,3638.44,0.023,6.251
2025-07-25T07:29:40.703448,bitrue,3637.98,3638.07,0.029,7.658
2025-07-25T07:29:42.233829,huobi,3638.91,3638.92,0.1875,0.4345
2025-07-25T07:29:42.334963,huobi,3638.62,3638.63,0.4,1.6764
2025-07-25T07:29:42.433755,huobi,3638.62,3638.63,0.4,2.0784
2025-07-25T07:29:43.934042,huobi,3638.3,3638.31,0.0382,0.2659
2025-07-25T07:29:44.034261,huobi,3638.3,3638.31,0.0382,0.2686
2025-07-25T07:29:44.137005,huobi,3638.3,3638.31,0.0382,0.0027
2025-07-25T07:29:44.235581,huobi,3638.52,3638.53,0.2289,0.3982
2025-07-25T07:29:44.334759,huobi,3638.41,3638.42,0.0399,0.3027
2025-07-25T07:29:44.435550,huobi,3638.41,3638.42,0.0399,0.3049
2025-07-25T07:29:44.535055,huobi,3638.41,3638.42,0.0399,0.0022
2025-07-25T07:29:44.736369,huobi,3637.83,3638.32,0.6737,0.0397
2025-07-25T07:29:44.834598,huobi,3637.83,3638.23,0.6737,0.0386
2025-07-25T07:29:44.880969,bitrue,3637.72,3637.81,0.065,7.657
2025-07-25T07:29:45.035346,huobi,3637.97,3638.23,0.0393,0.0386
2025-07-25T07:29:45.134582,huobi,3637.83,3637.84,0.6737,0.2659
2025-07-25T07:29:45.234710,huobi,3637.96,3637.97,0.2289,0.6823
2025-07-25T07:29:45.433688,huobi,3637.83,3637.84,0.6737,0.3027
2025-07-25T07:29:45.733288,huobi,3637.83,3637.91,0.6737,0.0395
2025-07-25T07:29:45.926448,bitrue,3637.46,3637.65,0.723,5.52
2025-07-25T07:29:45.933972,huobi,3637.83,3637.84,0.6737,0.3027
2025-07-25T07:29:46.033577,huobi,3637.9,3637.91,0.2289,0.0395
2025-07-25T07:29:46.136055,huobi,3637.83,3637.84,0.6737,0.3027
2025-07-25T07:29:46.234751,huobi,3637.83,3637.84,0.6737,0.3397
2025-07-25T07:29:46.436096,huobi,3637.83,3637.84,0.6737,0.037
2025-07-25T07:29:46.972438,bitrue,3637.08,3637.38,0.052,7.589
2025-07-25T07:29:47.134267,huobi,3637.83,3637.84,0.6737,2.7858
2025-07-25T07:29:47.235138,huobi,3637.83,3637.84,3.4225,0.037
2025-07-25T07:29:47.779771,huobi,3637.83,3638.23,3.4225,0.5412
2025-07-25T07:29:47.832847,huobi,3637.83,3638.49,3.4225,0.0038
2025-07-25T07:29:47.933819,huobi,3637.83,3638.48,3.4225,0.3982
2025-07-25T07:29:48.033464,huobi,3637.83,3638.48,3.4111,0.3982
2025-07-25T07:29:48.144711,huobi,3637.83,3638.47,3.4111,0.0043
2025-07-25T07:29:48.233980,huobi,3637.91,3637.92,2.9728,0.0389
2025-07-25T07:29:48.536831,huobi,3637.91,3637.92,2.7488,2.7901
2025-07-25T07:29:48.633814,huobi,3637.91,3637.92,2.7488,0.0413
2025-07-25T07:29:48.733563,huobi,3637.91,3637.92,2.7488,0.0389
2025-07-25T07:29:49.435857,huobi,3638.36,3638.37,0.224,0.0068
2025-07-25T07:29:49.633972,huobi,3638.18,3638.37,0.0368,2.7981
2025-07-25T07:29:49.735193,huobi,3638.64,3638.65,0.224,0.0042
2025-07-25T07:29:49.835659,huobi,3638.37,3639.05,2.7482,0.0047
2025-07-25T07:29:49.933919,huobi,3638.37,3639.05,2.7482,0.0061
2025-07-25T07:29:50.034453,huobi,3638.51,3638.52,0.224,2.7871
2025-07-25T07:29:50.134317,huobi,3638.36,3638.52,0.0393,2.7904
2025-07-25T07:29:50.172189,bitrue,3637.79,3637.88,7.855,0.076
2025-07-25T07:29:50.233436,huobi,3638.36,3638.37,0.0393,0.3104
2025-07-25T07:29:50.334186,huobi,3638.36,3638.37,0.0393,0.0028
2025-07-25T07:29:50.436097,huobi,3637.84,3638.37,2.7486,0.0028
2025-07-25T07:29:50.553975,huobi,3637.83,3638.22,0.6623,0.0369
2025-07-25T07:29:50.633557,huobi,3637.83,3637.84,0.6623,0.3076
2025-07-25T07:29:50.836136,huobi,3637.83,3637.84,0.6623,3.0599
2025-07-25T07:29:51.133860,huobi,3637.83,3637.84,0.6623,3.4979
2025-07-25T07:29:51.223973,bitrue,3637.37,3637.73,6.744,6.429
2025-07-25T07:29:52.269204,bitrue,3637.08,3637.38,0.052,6.679
2025-07-25T07:29:52.433479,huobi,3637.83,3637.84,0.6623,3.4888
2025-07-25T07:29:52.633991,huobi,3637.83,3637.84,0.6623,3.1903
2025-07-25T07:29:53.734971,huobi,3637.06,3637.07,0.2331,0.0394
2025-07-25T07:29:53.833955,huobi,3637.06,3637.07,0.2331,2.7888
2025-07-25T07:29:53.933729,huobi,3637.02,3637.03,3.0494,0.3005
2025-07-25T07:29:54.033633,huobi,3637.06,3637.07,0.2331,0.0394
2025-07-25T07:29:54.134560,huobi,3637.02,3637.03,0.3,0.2985
2025-07-25T07:29:54.232937,huobi,3637.02,3637.03,0.3,0.3011
2025-07-25T07:29:54.358481,bitrue,3636.56,3636.65,5.1,5.742
2025-07-25T07:29:54.636136,huobi,3636.09,3637.03,0.4918,0.3011
2025-07-25T07:29:54.735119,huobi,3636.84,3637.03,0.0377,0.3011
2025-07-25T07:29:54.836354,huobi,3635.91,3636.84,0.7584,0.0021
2025-07-25T07:29:54.934750,huobi,3635.92,3636.84,3.4918,0.0021
2025-07-25T07:29:55.034546,huobi,3635.94,3636.84,3.0,0.0021
2025-07-25T07:29:55.134454,huobi,3636.75,3636.76,0.0386,0.3007
2025-07-25T07:29:55.233850,huobi,3636.75,3636.76,0.0386,0.2985
2025-07-25T07:29:55.334709,huobi,3636.75,3636.76,0.0386,0.3007
2025-07-25T07:29:55.537168,huobi,3635.79,3636.76,0.0154,0.0022
2025-07-25T07:29:55.635201,huobi,3635.9,3637.51,0.4918,0.5412
2025-07-25T07:29:55.734827,huobi,3636.13,3637.3,2.7497,0.3982
2025-07-25T07:29:55.834472,huobi,3636.74,3637.3,2.7495,0.3982
2025-07-25T07:29:55.932980,huobi,3636.89,3636.9,0.2331,0.0361
2025-07-25T07:29:56.054232,huobi,3636.89,3636.9,2.9826,0.0361
2025-07-25T07:29:56.134489,huobi,3636.89,3636.9,2.7495,0.0361
2025-07-25T07:29:56.234598,huobi,3636.89,3636.9,0.2331,0.0361
2025-07-25T07:29:56.334084,huobi,3636.89,3636.9,0.2331,2.7857
2025-07-25T07:29:56.433030,huobi,3636.65,3636.9,2.7495,2.7883
2025-07-25T07:29:56.448317,bitrue,3636.14,3636.23,5.459,0.216
2025-07-25T07:29:56.634930,huobi,3636.89,3636.9,2.9826,0.0361
2025-07-25T07:29:56.733908,huobi,3636.89,3636.9,2.7495,0.0361
2025-07-25T07:29:57.138816,huobi,3635.8,3636.06,0.4918,0.0389
2025-07-25T07:29:57.235533,huobi,3636.05,3636.06,0.2331,0.0389
2025-07-25T07:29:57.494314,bitrue,3635.62,3635.71,7.405,5.932
2025-07-25T07:29:57.534159,huobi,3636.05,3636.06,0.2331,2.7914
2025-07-25T07:29:57.734297,huobi,3635.95,3635.96,0.0383,0.3012
2025-07-25T07:29:57.835617,huobi,3635.95,3635.96,0.0383,2.7534
2025-07-25T07:29:58.136440,huobi,3635.67,3635.96,2.7503,2.7534
2025-07-25T07:29:58.236573,huobi,3635.66,3635.68,0.4,2.7505
2025-07-25T07:29:58.341583,huobi,3635.66,3635.67,0.3725,0.7387
2025-07-25T07:29:58.439273,huobi,3635.5,3635.51,0.0083,0.7443
2025-07-25T07:29:58.538805,bitrue,3635.25,3635.34,0.94,5.859
2025-07-25T07:29:59.535394,huobi,3635.0,3635.01,0.0138,0.0364
2025-07-25T07:29:59.585841,bitrue,3634.58,3635.06,3.734,7.323
2025-07-25T07:29:59.833996,huobi,3635.0,3635.01,0.0138,0.4387
2025-07-25T07:30:00.045334,huobi,3634.55,3634.8,0.008,0.3027
2025-07-25T07:30:00.139130,huobi,3633.67,3633.68,0.016,0.0389
2025-07-25T07:30:00.236406,huobi,3633.67,3635.0,0.016,2.757
2025-07-25T07:30:00.335899,huobi,3634.53,3635.48,0.4918,0.5412
2025-07-25T07:30:00.435596,huobi,3634.8,3635.62,2.7507,0.0054
2025-07-25T07:30:00.535125,huobi,3634.94,3635.62,2.7507,0.4036
2025-07-25T07:30:00.633512,bitrue,3633.63,3634.11,6.552,0.005
2025-07-25T07:30:00.636063,huobi,3634.95,3635.61,0.4918,0.0443
2025-07-25T07:30:00.737559,huobi,3635.63,3635.64,0.1563,0.1055
2025-07-25T07:30:00.835856,huobi,3634.34,3635.64,0.5412,0.1451
2025-07-25T07:30:00.936379,huobi,3634.99,3635.64,0.4918,0.1055
2025-07-25T07:30:01.035484,huobi,3635.63,3635.64,2.9068,0.1055
2025-07-25T07:30:01.136154,huobi,3635.25,3635.64,2.7505,0.1055
2025-07-25T07:30:01.237516,huobi,3634.71,3635.33,0.0037,2.787
2025-07-25T07:30:01.338030,huobi,3633.78,3635.32,0.4918,0.3796
2025-07-25T07:30:01.440500,huobi,3633.67,3635.32,0.016,0.7778
2025-07-25T07:30:01.535979,huobi,3634.13,3635.32,0.0374,0.7778
2025-07-25T07:30:01.635534,huobi,3634.17,3634.18,0.1563,0.0383
2025-07-25T07:30:01.680766,bitrue,3634.16,3634.25,0.845,5.708
2025-07-25T07:30:01.735976,huobi,3633.67,3634.18,0.016,0.0383
2025-07-25T07:30:01.835439,huobi,3633.97,3633.98,0.1563,0.0362
2025-07-25T07:30:01.936689,huobi,3633.67,3633.68,0.016,0.268
2025-07-25T07:30:02.035297,huobi,3633.67,3633.68,0.016,0.3778
2025-07-25T07:30:02.135360,huobi,3633.67,3633.98,0.016,0.0362
2025-07-25T07:30:02.234736,huobi,3633.67,3633.68,0.016,0.3778
2025-07-25T07:30:02.337124,huobi,3633.67,3633.68,0.016,0.414
2025-07-25T07:30:02.435880,huobi,3633.67,3633.68,0.016,3.1693
2025-07-25T07:30:02.635254,huobi,3633.67,3633.68,0.016,3.5675
2025-07-25T07:30:02.733755,bitrue,3633.26,3633.35,0.118,5.369
2025-07-25T07:30:02.734756,huobi,3633.67,3633.68,0.016,3.1922
2025-07-25T07:30:02.835177,huobi,3633.67,3633.68,2.768,0.0387
2025-07-25T07:30:03.035317,huobi,3633.67,3633.68,0.016,2.7943
2025-07-25T07:30:03.135229,huobi,3633.42,3633.68,0.016,3.1925
2025-07-25T07:30:03.235746,huobi,3633.42,3633.43,0.016,0.0397
2025-07-25T07:30:03.335460,huobi,3633.42,3633.43,0.016,2.7884
2025-07-25T07:30:03.434398,huobi,3633.42,3633.43,0.016,2.7919
2025-07-25T07:30:03.734257,huobi,3633.42,3633.43,0.016,0.0397
2025-07-25T07:30:03.782304,bitrue,3632.62,3632.71,6.664,5.537
2025-07-25T07:30:03.879365,huobi,3633.42,3633.43,3.3516,0.0001
2025-07-25T07:30:03.934115,huobi,3633.85,3634.6,0.4918,0.0051
2025-07-25T07:30:04.033877,huobi,3634.02,3634.59,2.7515,1.2742
2025-07-25T07:30:04.137122,huobi,3632.07,3632.08,0.0001,0.3753
2025-07-25T07:30:04.240407,huobi,3631.57,3631.8,0.0067,0.1003
2025-07-25T07:30:04.335426,huobi,3630.53,3631.8,0.4918,0.1003
2025-07-25T07:30:04.435101,huobi,3631.63,3632.51,0.052,2.7551
2025-07-25T07:30:04.537486,huobi,3631.78,3632.88,0.1563,2.7531
2025-07-25T07:30:04.635914,huobi,3632.32,3632.86,0.0379,2.753
2025-07-25T07:30:04.734661,huobi,3632.64,3632.65,0.1563,0.3753
2025-07-25T07:30:04.834976,huobi,3632.6,3633.45,0.0391,0.0036
2025-07-25T07:30:04.840629,bitrue,3630.34,3630.51,0.063,6.006
2025-07-25T07:30:04.935254,huobi,3633.0,3633.44,0.037,1.1258
2025-07-25T07:30:05.036519,huobi,3632.8,3633.19,2.2793,0.0383
2025-07-25T07:30:05.134433,huobi,3632.82,3633.19,0.4918,0.0383
2025-07-25T07:30:05.235138,huobi,3633.21,3633.42,2.2789,0.003
2025-07-25T07:30:05.335700,huobi,3633.41,3633.42,0.1563,0.003
2025-07-25T07:30:05.437806,huobi,3632.61,3633.42,0.4918,0.003
2025-07-25T07:30:05.535312,huobi,3632.94,3633.42,0.4918,0.003
2025-07-25T07:30:05.634983,huobi,3633.41,3633.42,0.1563,0.003
2025-07-25T07:30:05.734310,huobi,3633.17,3633.18,2.3155,0.3753
2025-07-25T07:30:05.833598,huobi,3633.36,3633.37,0.1563,0.0376
2025-07-25T07:30:05.895135,bitrue,3632.7,3632.85,5.779,7.757
2025-07-25T07:30:05.937102,huobi,3633.17,3633.18,2.3156,0.377
2025-07-25T07:30:06.034033,huobi,3633.17,3633.18,2.3156,0.6694
2025-07-25T07:30:06.135117,huobi,3632.57,3633.18,2.2791,0.6694
2025-07-25T07:30:06.234889,huobi,3632.78,3633.17,2.2793,0.0016
2025-07-25T07:30:06.334531,huobi,3633.14,3633.15,3.0457,0.6694
2025-07-25T07:30:06.454333,huobi,3633.14,3633.15,3.5375,0.6694
2025-07-25T07:30:06.536543,huobi,3633.79,3634.75,0.4918,1.294
2025-07-25T07:30:06.634565,huobi,3633.82,3634.72,2.7696,0.6679
2025-07-25T07:30:06.735025,huobi,3633.64,3633.83,0.0369,0.0367
2025-07-25T07:30:06.834923,huobi,3633.82,3633.83,2.9264,0.0367
2025-07-25T07:30:06.933179,bitrue,3633.13,3633.24,7.561,0.151
2025-07-25T07:30:06.934081,huobi,3633.64,3634.71,0.0369,0.0043
2025-07-25T07:30:07.033166,huobi,3633.68,3634.69,2.2779,0.6657
2025-07-25T07:30:07.133906,huobi,3634.0,3634.05,0.4918,0.039
2025-07-25T07:30:07.237746,huobi,3634.14,3634.66,2.9261,0.4118
2025-07-25T07:30:07.435237,huobi,3634.65,3634.66,0.1563,0.4144
2025-07-25T07:30:07.534534,huobi,3634.46,3634.66,0.0397,0.4118
2025-07-25T07:30:07.635995,huobi,3634.65,3634.66,2.4714,0.1368
2025-07-25T07:30:07.735889,huobi,3635.02,3636.29,2.2763,0.7606
2025-07-25T07:30:07.837002,huobi,3634.89,3635.26,0.4918,0.0363
2025-07-25T07:30:07.935671,huobi,3635.27,3636.29,2.276,0.7606
2025-07-25T07:30:07.980228,bitrue,3634.45,3634.54,6.629,0.567
2025-07-25T07:30:08.035523,huobi,3635.29,3636.28,2.2761,0.0021
2025-07-25T07:30:08.139518,huobi,3635.41,3636.28,0.4918,0.0021
2025-07-25T07:30:08.236654,huobi,3636.27,3636.28,0.0364,0.0021
2025-07-25T07:30:08.334815,huobi,3636.27,3636.28,2.312,0.0021
2025-07-25T07:30:08.436002,huobi,3636.27,3636.32,2.312,0.3
2025-07-25T07:30:08.537433,huobi,3636.31,3636.32,2.708,0.352
2025-07-25T07:30:08.736558,huobi,3636.31,3636.32,0.4325,0.352
2025-07-25T07:30:09.031493,bitrue,3635.86,3635.95,7.297,3.27
2025-07-25T07:30:09.061420,huobi,3636.31,3636.32,0.0365,0.352
2025-07-25T07:30:09.338022,huobi,3636.31,3636.32,0.0365,0.3
2025-07-25T07:30:09.538924,huobi,3636.71,3636.79,0.0369,0.0546
2025-07-25T07:30:09.635326,huobi,3636.78,3636.79,3.1656,0.0546
2025-07-25T07:30:09.734610,huobi,3636.78,3636.79,3.2029,0.0546
2025-07-25T07:30:10.079881,bitrue,3636.16,3636.25,5.6,0.777
2025-07-25T07:30:10.134390,huobi,3636.78,3636.79,2.7111,0.0546
2025-07-25T07:30:10.233739,huobi,3636.78,3636.79,3.2029,0.051575354639668496
2025-07-25T07:30:10.335160,huobi,3637.16,3638.09,0.0366,0.4918
2025-07-25T07:30:10.434907,huobi,3637.17,3638.07,2.274,1.517
2025-07-25T07:30:10.535439,huobi,3637.62,3638.05,0.3988,0.04
2025-07-25T07:30:10.638356,huobi,3637.63,3638.05,0.1148,0.04
2025-07-25T07:30:10.736835,huobi,3637.63,3638.53,0.1148,0.0878
2025-07-25T07:30:10.835126,huobi,3637.66,3637.67,0.3988,0.0395
2025-07-25T07:30:10.934348,huobi,3637.53,3637.65,0.0397,2.7495
2025-07-25T07:30:11.127291,bitrue,3636.83,3636.92,7.559,3.186
2025-07-25T07:30:11.135750,huobi,3637.64,3637.65,0.3988,2.7495
2025-07-25T07:30:11.234076,huobi,3637.65,3638.51,0.5136,4.3575
2025-07-25T07:30:11.434886,huobi,3636.67,3637.65,0.4918,2.7493
2025-07-25T07:30:11.534406,huobi,3636.8,3637.66,2.2745,0.0381
2025-07-25T07:30:11.634627,huobi,3637.15,3638.49,0.4918,0.0916
2025-07-25T07:30:11.754963,huobi,3637.68,3638.45,0.0382,0.0851
2025-07-25T07:30:11.833557,huobi,3637.77,3638.25,0.0397,0.4918
2025-07-25T07:30:11.939328,huobi,3637.77,3637.88,0.0397,0.0876
2025-07-25T07:30:12.033691,huobi,3637.77,3637.81,0.0397,2.7489
2025-07-25T07:30:12.133303,huobi,3637.77,3637.78,0.0397,2.8361
2025-07-25T07:30:12.174278,bitrue,3637.17,3637.26,6.595,1.591
2025-07-25T07:30:12.234659,huobi,3636.74,3637.78,0.5412,2.8361
2025-07-25T07:30:12.334954,huobi,3636.12,3637.39,0.4918,2.7516
2025-07-25T07:30:12.433820,huobi,3636.31,3637.53,0.4918,2.7496
2025-07-25T07:30:12.533643,huobi,3637.39,3637.4,0.0399,2.8011
2025-07-25T07:30:12.734432,huobi,3637.39,3637.4,0.0399,2.8012
2025-07-25T07:30:12.834876,huobi,3637.39,3637.4,2.3142,0.052
2025-07-25T07:30:13.136169,huobi,3637.72,3638.4,0.3988,2.7486
2025-07-25T07:30:13.223393,bitrue,3636.83,3636.92,7.559,5.389
2025-07-25T07:30:13.235200,huobi,3637.66,3638.38,2.2736,0.0033
2025-07-25T07:30:13.334698,huobi,3638.06,3638.07,0.3988,0.036
2025-07-25T07:30:13.439754,huobi,3638.42,3638.43,0.3988,0.0878
2025-07-25T07:30:13.535366,huobi,3637.93,3638.43,0.4918,0.0878
2025-07-25T07:30:13.633768,huobi,3637.94,3638.41,2.2734,0.003
2025-07-25T07:30:13.734285,huobi,3637.85,3638.12,2.2736,0.0395
2025-07-25T07:30:13.834077,huobi,3638.11,3638.12,2.6723,0.0376
2025-07-25T07:30:13.933979,huobi,3638.42,3638.43,0.3988,2.8384
2025-07-25T07:30:14.033890,huobi,3637.94,3638.43,0.0367,2.8384
2025-07-25T07:30:14.133927,huobi,3637.94,3638.19,0.0367,1.517
2025-07-25T07:30:14.233209,huobi,3637.94,3638.14,0.0367,0.085
2025-07-25T07:30:14.265374,bitrue,3637.27,3637.38,7.66,6.679
2025-07-25T07:30:14.345363,huobi,3638.2,3638.21,0.3988,2.7863
2025-07-25T07:30:14.434561,huobi,3638.25,3638.43,0.4918,0.0878
2025-07-25T07:30:14.534426,huobi,3638.17,3638.43,0.0364,2.8382
2025-07-25T07:30:14.733886,huobi,3638.17,3638.35,0.0364,2.7484
2025-07-25T07:30:14.835322,huobi,3638.34,3638.35,0.3988,2.7484
2025-07-25T07:30:14.935082,huobi,3638.42,3638.43,0.8906,0.0878
2025-07-25T07:30:15.035129,huobi,3638.42,3638.43,3.2003,0.0878
2025-07-25T07:30:15.306822,bitrue,3637.79,3637.88,7.605,0.063
2025-07-25T07:30:15.435353,huobi,3637.52,3638.43,0.0037,2.8362
2025-07-25T07:30:15.534293,huobi,3637.52,3638.42,0.0037,0.0018
2025-07-25T07:30:15.635053,huobi,3637.52,3638.41,0.0037,2.7486
2025-07-25T07:30:15.733690,huobi,3638.3,3638.41,0.0391,2.7486
2025-07-25T07:30:15.834631,huobi,3637.38,3638.37,0.5412,2.7488
2025-07-25T07:30:16.033376,huobi,3638.13,3638.37,0.0384,2.7488
2025-07-25T07:30:16.352211,bitrue,3637.64,3637.73,7.092,5.773
2025-07-25T07:30:16.835367,huobi,3637.74,3638.03,1.4,2.7488
2025-07-25T07:30:16.934728,huobi,3637.74,3637.98,1.4,0.0869
2025-07-25T07:30:17.052510,huobi,3638.13,3638.14,0.3988,0.089
2025-07-25T07:30:17.134068,huobi,3638.01,3638.13,0.036,2.7507
2025-07-25T07:30:17.398247,bitrue,3637.43,3637.52,7.392,1.87
2025-07-25T07:30:17.734975,huobi,3637.18,3638.13,0.0079,2.7507
2025-07-25T07:30:17.933571,huobi,3637.05,3638.13,0.5412,2.7507
2025-07-25T07:30:18.033722,huobi,3637.93,3638.09,0.0399,2.7486
2025-07-25T07:30:18.335456,huobi,3636.43,3637.69,0.4918,0.0379
2025-07-25T07:30:18.436501,huobi,3635.97,3637.53,0.4918,2.7497
2025-07-25T07:30:18.441148,bitrue,3637.38,3637.52,3.525,1.87
2025-07-25T07:30:18.535628,huobi,3635.97,3637.46,0.4918,2.7497
2025-07-25T07:30:18.635927,huobi,3636.8,3637.27,0.007,2.7494
2025-07-25T07:30:18.735358,huobi,3636.4,3636.67,0.0143,0.0388
2025-07-25T07:30:18.835965,huobi,3636.66,3636.67,0.3988,0.0388
2025-07-25T07:30:19.034230,huobi,3636.8,3637.09,0.3988,0.0021
2025-07-25T07:30:19.133550,huobi,3636.16,3637.05,0.0071,2.7498
2025-07-25T07:30:19.233892,huobi,3636.16,3636.79,0.0071,0.0392
2025-07-25T07:30:19.334178,huobi,3635.66,3636.69,0.0073,0.037
2025-07-25T07:30:19.434727,huobi,3636.36,3636.55,0.0371,0.085
2025-07-25T07:30:19.485859,bitrue,3635.95,3636.12,6.724,7.733
2025-07-25T07:30:19.534513,huobi,3635.65,3636.5,0.4,2.7502
2025-07-25T07:30:19.635818,huobi,3635.65,3636.46,0.4,2.7502
2025-07-25T07:30:19.734557,huobi,3636.08,3636.37,0.0397,2.7502
2025-07-25T07:30:19.855861,huobi,3636.08,3636.34,0.0397,0.0851
2025-07-25T07:30:19.937633,huobi,3636.08,3636.34,0.0397,0.0876
2025-07-25T07:30:20.035547,huobi,3636.54,3637.9,0.4918,0.0418
2025-07-25T07:30:20.134258,huobi,3636.57,3637.88,0.4918,0.0042
2025-07-25T07:30:20.234145,huobi,3635.99,3636.9,0.4918,0.0395
2025-07-25T07:30:20.333528,huobi,3636.89,3636.9,2.6736,0.0395
2025-07-25T07:30:20.534943,bitrue,3635.95,3636.43,6.63,1.793
2025-07-25T07:30:20.539331,huobi,3636.89,3636.9,0.3988,0.0395
2025-07-25T07:30:20.634668,huobi,3636.67,3636.89,0.039,2.7514
2025-07-25T07:30:20.734357,huobi,3636.12,3636.74,0.4918,2.7498
2025-07-25T07:30:20.834132,huobi,3636.11,3636.74,0.5412,2.7498
2025-07-25T07:30:20.933978,huobi,3636.11,3636.74,0.4686,2.7498
2025-07-25T07:30:21.033558,huobi,3636.67,3636.74,0.0394,2.7517
2025-07-25T07:30:21.134939,huobi,3636.71,3636.72,0.3988,2.7517
2025-07-25T07:30:21.236638,huobi,3636.22,3636.72,0.4918,0.0019
2025-07-25T07:30:21.335268,huobi,3636.86,3637.85,0.4918,0.004
2025-07-25T07:30:21.434740,huobi,3636.87,3637.85,2.2743,0.004
2025-07-25T07:30:21.537088,huobi,3637.07,3637.9,0.4918,0.0418
2025-07-25T07:30:21.580213,bitrue,3636.34,3636.43,7.776,1.793
2025-07-25T07:30:21.634421,huobi,3637.31,3637.32,2.7662,0.0373
2025-07-25T07:30:22.135477,huobi,3637.31,3637.9,2.8039,0.0418
2025-07-25T07:30:22.235213,huobi,3637.31,3637.89,2.8039,2.749
2025-07-25T07:30:22.334926,huobi,3637.89,3637.9,2.6725,0.0803
2025-07-25T07:30:22.435435,huobi,3637.68,3637.69,0.3988,0.0393
2025-07-25T07:30:22.533494,huobi,3637.68,3637.69,2.6728,0.0393
2025-07-25T07:30:22.624763,bitrue,3637.18,3637.27,6.358,1.738
2025-07-25T07:30:22.833962,huobi,3637.68,3637.69,3.1646,0.0393
2025-07-25T07:30:23.036120,huobi,3637.89,3637.9,0.8906,0.0418
2025-07-25T07:30:23.135601,huobi,3637.89,3637.9,3.1643,0.0418
2025-07-25T07:30:23.534447,huobi,3637.89,3637.9,3.2007,0.0418
2025-07-25T07:30:23.673182,bitrue,3637.6,3637.69,7.275,1.055
2025-07-25T07:30:23.835291,huobi,3637.89,3637.9,0.0364,0.0418
2025-07-25T07:30:23.936300,huobi,3636.99,3637.81,0.5412,0.0388
2025-07-25T07:30:24.035074,huobi,3636.43,3637.76,0.004,2.7492
2025-07-25T07:30:24.134833,huobi,3637.51,3637.71,0.0364,2.7493
2025-07-25T07:30:24.435423,huobi,3637.69,3637.7,0.3988,0.0021
2025-07-25T07:30:24.534276,huobi,3637.7,3637.72,0.1148,0.0385
2025-07-25T07:30:24.634021,huobi,3637.71,3637.72,2.6727,0.0385
2025-07-25T07:30:24.725974,bitrue,3637.25,3637.34,0.806,5.602
2025-07-25T07:30:24.733636,huobi,3637.71,3637.72,2.6727,0.0905
2025-07-25T07:30:24.934478,huobi,3637.89,3637.9,0.3988,0.0418
2025-07-25T07:30:25.034035,huobi,3637.89,3637.9,3.1643,0.0418
2025-07-25T07:30:25.255584,huobi,3637.89,3637.9,3.203,0.0418
2025-07-25T07:30:25.733520,huobi,3637.89,3637.9,3.255,0.0418
2025-07-25T07:30:25.766124,bitrue,3637.59,3637.69,7.876,1.055
2025-07-25T07:30:26.033838,huobi,3637.89,3637.9,3.9037,0.0418
2025-07-25T07:30:26.135299,huobi,3637.89,3637.9,0.0907,0.0418
2025-07-25T07:30:26.235899,huobi,3637.89,3637.9,2.3644,0.0418
2025-07-25T07:30:26.335309,huobi,3637.89,3637.9,2.8562,0.0418
2025-07-25T07:30:26.813114,bitrue,3637.66,3637.75,6.22,0.651
2025-07-25T07:30:27.034275,huobi,3637.9,3638.95,0.1148,0.032
2025-07-25T07:30:27.135672,huobi,3638.5,3638.95,2.2728,0.032
2025-07-25T07:30:27.235252,huobi,3638.5,3638.94,2.2728,2.7482
2025-07-25T07:30:27.334659,huobi,3638.56,3638.57,2.6718,0.0367
2025-07-25T07:30:27.534000,huobi,3638.56,3638.57,0.3988,2.785
2025-07-25T07:30:27.635145,huobi,3638.41,3638.57,0.0368,2.785
2025-07-25T07:30:27.861311,bitrue,3637.95,3638.04,6.451,5.173
2025-07-25T07:30:28.134353,huobi,3638.41,3638.53,0.0368,2.7484
2025-07-25T07:30:28.232709,huobi,3638.41,3638.51,0.0368,2.7484
2025-07-25T07:30:28.734751,huobi,3637.09,3638.1,0.4918,0.0381
2025-07-25T07:30:28.835768,huobi,3637.15,3638.0,0.0075,2.749
2025-07-25T07:30:28.905709,bitrue,3637.25,3637.49,0.806,5.354
2025-07-25T07:30:28.935618,huobi,3637.04,3638.0,0.5412,2.749
2025-07-25T07:30:29.034254,huobi,3637.74,3637.96,0.0373,2.7488
2025-07-25T07:30:29.235435,huobi,3637.85,3637.92,0.0395,2.7488
2025-07-25T07:30:29.333033,huobi,3637.85,3637.88,0.0395,2.7488
2025-07-25T07:30:29.835215,huobi,3637.86,3638.0,2.2737,2.7488
2025-07-25T07:30:29.935022,huobi,3638.05,3638.95,2.273,0.032
2025-07-25T07:30:29.953341,bitrue,3637.4,3637.49,7.363,5.354
2025-07-25T07:30:30.034457,huobi,3638.05,3638.94,2.273,0.3982
2025-07-25T07:30:30.134561,huobi,3638.0,3638.2,0.0381,0.0373
2025-07-25T07:30:30.234271,huobi,3638.0,3638.17,0.0381,2.7486
2025-07-25T07:30:30.333764,huobi,3637.44,3638.04,0.0039,0.0371
2025-07-25T07:30:30.433676,huobi,3637.66,3638.04,0.4918,0.0371
2025-07-25T07:30:30.533738,huobi,3637.67,3638.04,0.7707,0.0371
2025-07-25T07:30:30.633550,huobi,3637.85,3638.04,0.0383,0.0371
2025-07-25T07:30:30.733062,huobi,3638.03,3638.04,0.3988,0.0371
2025-07-25T07:30:30.932939,huobi,3637.85,3638.04,0.0383,2.7857
2025-07-25T07:30:30.999501,bitrue,3637.4,3637.49,7.363,6.823
2025-07-25T07:30:31.033163,huobi,3638.03,3638.04,0.3988,2.7877
2025-07-25T07:30:31.233391,huobi,3638.04,3638.93,0.4918,4.2656
2025-07-25T07:30:31.533617,huobi,3638.04,3638.05,2.6723,0.0367
2025-07-25T07:30:32.033609,huobi,3638.23,3638.93,0.0369,1.517
2025-07-25T07:30:32.133618,huobi,3638.25,3638.91,0.0381,1.517
2025-07-25T07:30:32.333611,huobi,3638.41,3638.61,0.0381,0.0361
2025-07-25T07:30:32.434526,huobi,3638.41,3638.58,0.0381,2.7483
2025-07-25T07:30:32.536624,huobi,3637.47,3638.51,0.5412,2.7486
2025-07-25T07:30:32.634428,huobi,3637.58,3638.48,0.4918,0.0016
2025-07-25T07:30:32.733473,huobi,3637.82,3638.94,0.4918,2.7484
2025-07-25T07:30:32.833421,huobi,3638.34,3638.93,0.0393,1.5201
2025-07-25T07:30:32.937295,huobi,3638.34,3638.59,0.0393,2.7482
2025-07-25T07:30:33.093160,bitrue,3637.72,3638.04,7.206,5.173
2025-07-25T07:30:34.224151,huobi,3638.34,3638.47,0.0393,2.7484
2025-07-25T07:30:34.224239,huobi,3637.72,3638.45,0.608,0.0425
2025-07-25T07:30:34.224361,huobi,3637.4,3637.94,0.0037,2.749
2025-07-25T07:30:34.224445,huobi,3637.69,3637.91,0.0396,0.0851
2025-07-25T07:30:34.224500,huobi,3637.88,3638.42,0.0393,0.0022
2025-07-25T07:30:34.224560,huobi,3637.88,3637.89,0.0393,0.0851
2025-07-25T07:30:34.230134,bitrue,3637.03,3637.12,6.901,0.282
2025-07-25T07:30:34.233837,huobi,3637.88,3638.77,0.0393,2.7484
2025-07-25T07:30:34.333165,huobi,3637.88,3638.09,0.0393,2.7484
2025-07-25T07:30:34.433118,huobi,3637.88,3638.07,0.0393,2.7486
2025-07-25T07:30:34.533446,huobi,3637.89,3638.07,2.2736,2.7486
2025-07-25T07:30:34.632930,huobi,3637.89,3638.06,2.2736,0.0023
2025-07-25T07:30:34.733096,huobi,3637.88,3638.05,0.0393,2.7486
2025-07-25T07:30:35.034044,huobi,3638.05,3638.75,2.6723,2.7484
2025-07-25T07:30:35.134184,huobi,3638.05,3638.73,0.0389,4.2654
2025-07-25T07:30:35.234770,huobi,3637.39,3638.2,0.4918,0.0371
2025-07-25T07:30:35.280908,bitrue,3637.4,3637.49,6.11,2.868
2025-07-25T07:30:35.333240,huobi,3637.39,3638.19,0.4918,2.7489
2025-07-25T07:30:35.433391,huobi,3637.52,3638.1,0.6637,0.0398
2025-07-25T07:30:35.534068,huobi,3638.09,3638.1,2.6723,0.0398
2025-07-25T07:30:35.633765,huobi,3638.09,3638.1,2.2735,0.0398
2025-07-25T07:30:35.732908,huobi,3637.9,3638.1,0.0388,2.7905
2025-07-25T07:30:35.934656,huobi,3638.09,3638.94,2.6723,0.3982
2025-07-25T07:30:36.033751,huobi,3638.12,3638.93,0.4918,2.7522
2025-07-25T07:30:36.133276,huobi,3638.12,3638.91,0.4918,0.0038
2025-07-25T07:30:36.233752,huobi,3638.21,3638.22,2.6722,0.0365
2025-07-25T07:30:36.334716,huobi,3638.21,3638.22,2.2734,0.0386
2025-07-25T07:30:36.433806,huobi,3637.53,3638.11,2.2738,0.0018
2025-07-25T07:30:36.535471,huobi,3637.93,3638.11,0.0396,0.0018
2025-07-25T07:30:36.636349,huobi,3637.13,3638.1,0.0041,2.7486
2025-07-25T07:30:36.734192,huobi,3637.07,3638.1,0.4918,2.7486
2025-07-25T07:30:36.834707,huobi,3637.88,3638.1,0.0362,2.7486
2025-07-25T07:30:37.369889,bitrue,3637.43,3637.52,6.79,4.936
2025-07-25T07:30:38.335398,huobi,3637.88,3638.02,0.0362,2.7486
2025-07-25T07:30:38.435107,huobi,3637.13,3637.7,0.0037,0.036
2025-07-25T07:30:38.535324,huobi,3637.13,3637.69,0.0037,2.7492
2025-07-25T07:30:38.734298,huobi,3637.13,3637.61,0.0037,2.7492
2025-07-25T07:30:38.835042,huobi,3636.57,3637.61,0.3213,2.7492
2025-07-25T07:30:38.933243,huobi,3637.42,3637.59,0.0374,2.8341
2025-07-25T07:30:39.236029,huobi,3637.61,3638.78,2.2734,0.4918
2025-07-25T07:30:39.435397,huobi,3636.83,3637.82,0.634,2.7492
2025-07-25T07:30:39.460624,bitrue,3637.64,3637.73,6.523,7.281
2025-07-25T07:30:39.534979,huobi,3637.64,3637.82,0.038,2.7492
2025-07-25T07:30:39.635666,huobi,3637.64,3637.78,0.038,2.7489
2025-07-25T07:30:39.834568,huobi,3636.83,3637.78,0.634,2.7489
2025-07-25T07:30:40.034241,huobi,3637.54,3637.77,0.0398,0.0851
2025-07-25T07:30:40.134020,huobi,3637.54,3637.74,0.0398,2.749
2025-07-25T07:30:40.434181,huobi,3636.84,3637.6,0.0043,2.7493
2025-07-25T07:30:40.507442,bitrue,3636.95,3637.21,7.226,5.329
2025-07-25T07:30:40.633333,huobi,3637.4,3637.6,0.0365,2.7493
2025-07-25T07:30:40.733465,huobi,3637.4,3637.55,0.0365,0.085
2025-07-25T07:30:40.834212,huobi,3637.4,3637.48,0.0365,2.7491
2025-07-25T07:30:40.934438,huobi,3637.4,3637.41,0.0365,2.7492
2025-07-25T07:30:41.033400,huobi,3636.94,3637.37,0.6772,2.7542
2025-07-25T07:30:41.133099,huobi,3636.94,3637.36,0.6772,0.0025
2025-07-25T07:30:41.233667,huobi,3637.35,3637.36,0.039,2.7517
2025-07-25T07:30:41.552493,bitrue,3636.95,3637.05,7.226,6.063
2025-07-25T07:30:41.733323,huobi,3636.93,3637.36,1.4,2.7517
2025-07-25T07:30:41.834577,huobi,3636.12,3637.18,1.033,2.7495
2025-07-25T07:30:41.934017,huobi,3636.99,3637.16,0.0398,2.796
2025-07-25T07:30:42.033624,huobi,3636.99,3637.09,0.0398,0.0851
2025-07-25T07:30:42.133148,huobi,3636.99,3637.06,0.0398,2.7494
2025-07-25T07:30:42.233967,huobi,3636.12,3636.99,0.5412,0.0851
2025-07-25T07:30:42.335217,huobi,3635.93,3636.99,0.4918,0.0851
2025-07-25T07:30:42.434382,huobi,3635.93,3638.06,0.4918,0.0034
2025-07-25T07:30:42.534208,huobi,3636.88,3637.96,0.0399,0.4918
2025-07-25T07:30:42.600401,bitrue,3636.43,3636.52,0.042,6.087
2025-07-25T07:30:42.634262,huobi,3637.08,3637.09,0.3988,0.0383
2025-07-25T07:30:42.735555,huobi,3637.08,3637.09,2.6734,0.0383
2025-07-25T07:30:42.835174,huobi,3637.08,3638.27,2.6734,1.517
2025-07-25T07:30:42.942367,huobi,3637.08,3638.25,2.6734,1.517
2025-07-25T07:30:43.034748,huobi,3637.14,3637.15,2.6734,0.0378
2025-07-25T07:30:43.138114,huobi,3637.24,3637.25,0.3988,0.0369
2025-07-25T07:30:43.334616,huobi,3637.24,3638.19,0.3988,2.7489
2025-07-25T07:30:43.434403,huobi,3637.33,3638.09,0.0391,0.0061
2025-07-25T07:30:43.534360,huobi,3637.33,3638.06,0.0391,2.7489
2025-07-25T07:30:43.634320,huobi,3636.55,3637.39,0.5412,0.0034
2025-07-25T07:30:43.650958,bitrue,3636.39,3636.92,5.889,4.076
2025-07-25T07:30:43.733670,huobi,3636.87,3638.04,0.4918,0.4918
2025-07-25T07:30:43.837582,huobi,3637.21,3637.9,0.0395,0.0061
2025-07-25T07:30:43.936399,huobi,3636.26,3637.32,0.5412,0.0851
2025-07-25T07:30:44.035976,huobi,3636.09,3637.0,0.5412,0.0091
2025-07-25T07:30:44.136460,huobi,3635.93,3636.89,0.5412,2.7499
2025-07-25T07:30:44.261662,huobi,3636.58,3636.89,0.0397,2.7499
2025-07-25T07:30:44.334360,huobi,3636.84,3636.88,2.6737,0.0027
2025-07-25T07:30:44.435833,huobi,3636.83,3637.81,0.0393,0.0014
2025-07-25T07:30:44.534150,huobi,3636.83,3637.72,0.0393,2.7493
2025-07-25T07:30:44.635544,huobi,3636.83,3637.03,0.0393,2.7493
2025-07-25T07:30:44.706133,bitrue,3636.34,3636.65,0.091,7.535
2025-07-25T07:30:44.734985,huobi,3637.01,3637.02,2.6735,0.0061
2025-07-25T07:30:44.835430,huobi,3637.03,3638.09,2.6735,1.517
2025-07-25T07:30:44.934098,huobi,3637.03,3638.08,2.6735,0.0103
2025-07-25T07:30:45.033937,huobi,3637.03,3638.08,2.6735,0.4024
2025-07-25T07:30:45.135136,huobi,3637.13,3637.14,2.6734,0.0394
2025-07-25T07:30:45.763968,bitrue,3636.34,3636.65,0.091,7.535
2025-07-25T07:30:45.835351,huobi,3636.06,3637.02,0.0043,0.0061
2025-07-25T07:30:45.934473,huobi,3636.06,3637.0,0.0043,0.0031
2025-07-25T07:30:46.034632,huobi,3636.27,3637.04,0.4918,0.0393
2025-07-25T07:30:46.135169,huobi,3637.01,3637.68,0.1148,1.517
2025-07-25T07:30:46.235361,huobi,3637.05,3637.67,0.0393,0.003
2025-07-25T07:30:46.337489,huobi,3637.66,3638.25,0.3988,0.4367
2025-07-25T07:30:46.435321,huobi,3637.8,3638.24,0.4918,0.0098
2025-07-25T07:30:46.535485,huobi,3638.23,3638.25,0.3988,0.4367
2025-07-25T07:30:46.633696,huobi,3637.74,3638.24,0.4918,0.0041
2025-07-25T07:30:46.733653,huobi,3638.23,3638.24,0.3988,0.002
2025-07-25T07:30:46.810156,bitrue,3637.07,3637.16,7.045,0.534
2025-07-25T07:30:46.834714,huobi,3637.78,3638.24,2.2736,0.0061
2025-07-25T07:30:46.933741,huobi,3637.82,3638.24,2.2736,0.0088
2025-07-25T07:30:47.034889,huobi,3638.0,3638.01,0.3988,2.7897
2025-07-25T07:30:47.134302,huobi,3636.71,3637.96,0.4918,1.517
2025-07-25T07:30:47.233438,huobi,3636.84,3637.94,0.8021,0.0061
2025-07-25T07:30:47.334353,huobi,3636.95,3637.77,0.4918,0.0392
2025-07-25T07:30:47.434945,huobi,3636.84,3637.75,0.8021,0.0061
2025-07-25T07:30:47.534915,huobi,3636.84,3637.75,0.8021,0.0086
2025-07-25T07:30:47.634015,huobi,3637.76,3637.77,2.6727,0.0392
2025-07-25T07:30:47.833564,huobi,3637.76,3637.77,2.2739,0.0392
2025-07-25T07:30:47.870008,bitrue,3637.07,3637.16,7.045,0.534
2025-07-25T07:30:48.033504,huobi,3637.76,3637.95,2.2739,0.0117
2025-07-25T07:30:48.135075,huobi,3637.94,3637.95,0.3988,0.0117
2025-07-25T07:30:48.236965,huobi,3637.94,3637.95,2.7091,0.0117
2025-07-25T07:30:48.734060,huobi,3637.94,3637.95,2.3103,0.0117
2025-07-25T07:30:48.921325,bitrue,3637.61,3637.7,5.438,3.159
2025-07-25T07:30:49.235065,huobi,3637.94,3637.95,0.0366,2.7605
2025-07-25T07:30:49.334153,huobi,3637.94,3637.95,0.0366,2.7627
2025-07-25T07:30:49.435027,huobi,3637.94,3637.95,0.0366,0.0139
2025-07-25T07:30:49.535183,huobi,3637.94,3637.95,2.3103,0.0117
2025-07-25T07:30:49.967130,bitrue,3637.61,3637.7,5.438,3.159
2025-07-25T07:30:50.633502,huobi,3637.94,3637.95,0.0366,2.7605
2025-07-25T07:30:50.733667,huobi,3637.34,3637.93,0.0038,2.749
2025-07-25T07:30:50.834636,huobi,3637.34,3637.87,0.0038,2.749
2025-07-25T07:30:50.933448,huobi,3637.86,3637.87,0.0362,2.749
2025-07-25T07:30:51.033441,huobi,3637.86,3637.87,0.0362,2.751
2025-07-25T07:30:51.833070,huobi,3637.86,3637.87,0.0362,2.749
2025-07-25T07:30:52.434178,huobi,3637.86,3637.87,0.0362,2.7506
2025-07-25T07:30:52.834372,huobi,3636.84,3637.78,0.8021,0.0061
2025-07-25T07:30:52.933872,huobi,3636.84,3637.77,0.8021,2.7492
2025-07-25T07:30:53.033714,huobi,3637.62,3637.77,0.0365,2.7492
2025-07-25T07:30:53.112374,bitrue,3637.18,3637.28,5.251,5.305
2025-07-25T07:30:53.133844,huobi,3637.62,3637.71,0.0365,2.749
2025-07-25T07:30:53.233957,huobi,3636.92,3637.7,0.004,0.0061
2025-07-25T07:30:53.333369,huobi,3636.92,3637.69,0.004,2.7492
2025-07-25T07:30:53.441352,huobi,3636.92,3637.64,0.004,0.0073
2025-07-25T07:30:53.533981,huobi,3637.42,3637.58,0.0396,0.0851
2025-07-25T07:30:53.634458,huobi,3637.6,3637.95,0.0374,0.0117
2025-07-25T07:30:53.735545,huobi,3637.6,3637.92,0.0374,4.2659
2025-07-25T07:30:53.933101,huobi,3637.6,3637.83,0.0374,2.7489
2025-07-25T07:30:54.134372,huobi,3637.6,3637.81,0.0374,2.7489
2025-07-25T07:30:54.156302,bitrue,3637.18,3637.28,5.251,5.305
2025-07-25T07:30:54.235463,huobi,3637.62,3637.84,2.2739,0.0367
2025-07-25T07:30:54.334376,huobi,3637.94,3637.95,0.3988,0.0117
2025-07-25T07:30:54.433896,huobi,3637.94,3637.95,2.6725,0.0117
2025-07-25T07:30:54.534212,huobi,3637.94,3637.95,2.3135,0.0117
2025-07-25T07:30:55.833047,huobi,3637.94,3637.95,0.0398,0.0117
2025-07-25T07:30:55.933103,huobi,3637.94,3637.95,2.3135,0.0117
2025-07-25T07:30:56.249080,bitrue,3637.56,3637.65,6.574,7.856
2025-07-25T07:30:58.434062,huobi,3637.94,3637.95,0.0398,0.0117
2025-07-25T07:30:58.636253,huobi,3637.94,3637.95,0.0398,2.7605
2025-07-25T07:30:58.833988,huobi,3637.94,3637.95,0.0398,2.7626
2025-07-25T07:30:59.033944,huobi,3637.94,3637.95,2.3135,0.0117
2025-07-25T07:30:59.233538,huobi,3637.94,3637.95,3.0761,0.0117
2025-07-25T07:30:59.773518,huobi,3637.94,3637.95,0.0398,0.0117
2025-07-25T07:30:59.832876,huobi,3637.94,3637.95,0.0398,2.7605
2025-07-25T07:31:00.042950,huobi,3637.94,3637.95,0.0398,2.7605
2025-07-25T07:31:00.136669,huobi,3637.21,3637.95,0.5412,2.7627
2025-07-25T07:31:00.236380,huobi,3636.95,3637.95,2.766,0.0117
2025-07-25T07:31:00.334122,huobi,3637.07,3637.95,0.4918,0.0117
2025-07-25T07:31:00.434267,huobi,3637.94,3637.95,0.3988,0.0117
2025-07-25T07:31:00.500964,bitrue,3637.28,3637.37,6.405,0.295
2025-07-25T07:31:00.533775,huobi,3637.28,3637.95,0.5455,2.7621
2025-07-25T07:31:00.734170,huobi,3637.87,3637.95,0.0397,2.7621
2025-07-25T07:31:01.136121,huobi,3637.87,3637.95,0.0397,0.0133
2025-07-25T07:31:01.234202,huobi,3637.94,3637.95,0.3988,0.0117
2025-07-25T07:31:01.334776,huobi,3637.32,3637.93,2.201,0.0016
2025-07-25T07:31:01.434461,huobi,3637.32,3637.92,2.201,2.749
2025-07-25T07:31:01.538034,huobi,3637.27,3637.79,0.0037,3.1477
2025-07-25T07:31:01.544801,bitrue,3637.55,3637.65,5.717,7.856
2025-07-25T07:31:01.635244,huobi,3637.0,3637.01,0.13,0.3988
2025-07-25T07:31:01.733901,huobi,3637.22,3637.23,3.1193,0.5749
2025-07-25T07:31:01.834579,huobi,3637.64,3637.76,0.0361,0.0047
2025-07-25T07:31:01.934586,huobi,3636.71,3636.97,0.0071,2.8622
2025-07-25T07:31:02.034052,huobi,3636.97,3637.75,1.96,0.0041
2025-07-25T07:31:02.133519,huobi,3636.97,3637.75,1.96,0.0025
2025-07-25T07:31:02.234438,huobi,3637.53,3637.75,0.0392,0.0025
2025-07-25T07:31:02.332972,huobi,3637.53,3637.54,0.2305,3.1479
2025-07-25T07:31:02.447571,huobi,3637.2,3637.21,0.7719,0.2687
2025-07-25T07:31:02.535974,huobi,3637.07,3637.08,0.2349,0.2687
2025-07-25T07:31:02.590327,bitrue,3637.06,3637.15,6.014,6.558
2025-07-25T07:31:02.634983,huobi,3637.14,3637.56,0.2502,0.0376
2025-07-25T07:31:02.736159,huobi,3637.55,3637.56,0.13,0.0376
2025-07-25T07:31:02.834517,huobi,3637.55,3637.56,0.3605,0.0376
2025-07-25T07:31:03.034667,huobi,3637.08,3637.54,0.614,0.008
2025-07-25T07:31:03.134504,huobi,3637.08,3637.56,0.614,0.0376
2025-07-25T07:31:03.235559,huobi,3637.11,3637.95,0.4918,0.0117
2025-07-25T07:31:03.335447,huobi,3637.52,3637.95,0.04,0.0117
2025-07-25T07:31:03.435754,huobi,3637.11,3637.95,0.4918,0.0117
2025-07-25T07:31:03.536134,huobi,3637.71,3637.72,0.052,0.0384
2025-07-25T07:31:03.635130,huobi,3637.71,3637.72,0.052,2.7891
2025-07-25T07:31:03.736110,huobi,3637.45,3637.72,0.0377,2.7891
2025-07-25T07:31:03.835666,huobi,3637.23,3637.24,0.0397,0.2687
2025-07-25T07:31:03.935071,huobi,3637.23,3637.45,0.0397,0.0897
2025-07-25T07:31:04.034466,huobi,3636.8,3637.24,0.5412,0.3988
2025-07-25T07:31:04.134209,huobi,3636.8,3637.33,0.3944,0.0381
2025-07-25T07:31:04.235759,huobi,3637.07,3637.73,0.0387,0.4918
2025-07-25T07:31:04.335458,huobi,3636.65,3637.55,1.9656,2.7494
2025-07-25T07:31:04.436943,huobi,3636.18,3636.83,0.0146,0.0382
2025-07-25T07:31:04.535812,huobi,3636.0,3636.01,2.8359,0.0146
2025-07-25T07:31:04.637082,huobi,3636.0,3636.01,2.873,0.0146
2025-07-25T07:31:04.684380,bitrue,3636.6,3636.69,0.273,7.315
2025-07-25T07:31:04.736097,huobi,3636.51,3636.52,0.0385,0.3988
2025-07-25T07:31:04.835250,huobi,3636.0,3636.52,2.7059,0.3988
2025-07-25T07:31:04.935247,huobi,3636.01,3637.38,0.4918,0.0066
2025-07-25T07:31:05.034453,huobi,3636.01,3637.37,0.4918,2.7497
2025-07-25T07:31:05.141691,huobi,3636.58,3637.37,0.0372,2.7497
2025-07-25T07:31:05.234676,huobi,3636.58,3636.78,0.13,0.0377
2025-07-25T07:31:05.334342,huobi,3636.39,3636.78,0.5368,2.7873
2025-07-25T07:31:05.434314,huobi,3636.07,3636.61,0.0078,2.75
2025-07-25T07:31:05.536734,huobi,3636.07,3636.62,0.0078,0.0396
2025-07-25T07:31:05.634370,huobi,3636.4,3636.53,0.13,0.0389
2025-07-25T07:31:05.730560,bitrue,3636.53,3636.62,0.125,6.701
2025-07-25T07:31:05.734045,huobi,3636.35,3636.36,0.0416,0.2687
2025-07-25T07:31:05.934571,huobi,3636.0,3636.53,2.7059,0.0389
2025-07-25T07:31:06.034545,huobi,3636.27,3636.52,0.0378,2.75
2025-07-25T07:31:06.135470,huobi,3635.95,3635.96,0.13,0.2687
2025-07-25T07:31:06.234326,huobi,3635.75,3635.96,0.5412,0.3988
2025-07-25T07:31:06.334979,huobi,3635.97,3636.21,0.0393,0.0392
2025-07-25T07:31:06.434080,huobi,3635.97,3635.98,0.0393,0.3988
2025-07-25T07:31:06.634084,huobi,3635.93,3635.98,0.1057,0.3988
2025-07-25T07:31:06.733767,huobi,3635.93,3635.94,0.1057,0.3987
2025-07-25T07:31:06.778962,bitrue,3636.13,3636.22,0.033,6.549
2025-07-25T07:31:06.835600,huobi,3635.93,3636.12,0.1057,0.0385
2025-07-25T07:31:06.938025,huobi,3636.02,3637.21,0.4918,2.7498
2025-07-25T07:31:07.037069,huobi,3636.02,3637.17,0.4918,2.7498
2025-07-25T07:31:07.135318,huobi,3636.01,3637.14,0.039,2.7498
2025-07-25T07:31:07.238628,huobi,3636.01,3636.21,0.039,0.0364
2025-07-25T07:31:07.387803,huobi,3636.69,3637.86,0.4918,0.0031
2025-07-25T07:31:07.439231,huobi,3637.0,3637.86,0.4918,0.0031
2025-07-25T07:31:07.535048,huobi,3637.01,3637.86,0.1574,0.0031
2025-07-25T07:31:07.634711,huobi,3637.02,3637.86,0.052,0.0031
2025-07-25T07:31:07.824951,bitrue,3636.7,3636.79,5.43,0.08
2025-07-25T07:31:07.835586,huobi,3637.03,3637.15,0.1574,0.0371
2025-07-25T07:31:08.434179,huobi,3637.11,3637.82,0.0375,2.7491
2025-07-25T07:31:08.634211,huobi,3637.12,3637.31,0.1574,0.0395
2025-07-25T07:31:08.734693,huobi,3637.1,3637.21,0.5412,0.0382
2025-07-25T07:31:08.835536,huobi,3636.82,3637.11,0.7309,0.3988
2025-07-25T07:31:08.871678,bitrue,3636.95,3637.04,6.468,0.849
2025-07-25T07:31:09.036512,huobi,3637.01,3637.02,0.0394,0.3987
2025-07-25T07:31:09.134278,huobi,3637.01,3637.21,0.0394,0.0382
2025-07-25T07:31:09.536004,huobi,3637.12,3637.8,0.5564,2.7491
2025-07-25T07:31:09.634175,huobi,3637.12,3637.78,0.5564,2.7491
2025-07-25T07:31:09.735491,huobi,3637.12,3637.3,0.5564,0.0387
2025-07-25T07:31:09.926149,bitrue,3636.95,3637.04,6.468,0.849
2025-07-25T07:31:11.340184,huobi,3637.72,3637.89,0.1574,0.3
2025-07-25T07:31:11.437123,huobi,3637.87,3638.16,0.1574,0.9348
2025-07-25T07:31:11.535548,huobi,3638.07,3638.23,0.1574,0.0363
2025-07-25T07:31:11.634852,huobi,3638.14,3638.69,0.4918,0.061
2025-07-25T07:31:11.735576,huobi,3638.2,3638.69,0.0382,0.061
2025-07-25T07:31:11.834581,huobi,3638.2,3638.21,0.0902,0.3988
2025-07-25T07:31:12.016062,bitrue,3637.68,3638.04,7.336,1.592
2025-07-25T07:31:12.035017,huobi,3638.2,3638.21,0.052,3.1474
2025-07-25T07:31:12.133990,huobi,3638.2,3638.21,0.052,0.3988
2025-07-25T07:31:12.235149,huobi,3638.2,3638.21,0.052,3.1474
2025-07-25T07:31:12.442738,huobi,3636.93,3637.79,0.5412,0.0392
2025-07-25T07:31:12.536065,huobi,3636.69,3637.67,3.0,2.7493
2025-07-25T07:31:12.636069,huobi,3636.7,3637.67,0.3982,2.7493
2025-07-25T07:31:12.735664,huobi,3637.36,3637.37,0.0386,0.3988
2025-07-25T07:31:12.835094,huobi,3636.68,3637.37,3.0,0.3988
2025-07-25T07:31:13.036904,huobi,3636.67,3637.37,0.5412,0.3988
2025-07-25T07:31:13.067489,bitrue,3637.43,3637.52,7.565,5.635
2025-07-25T07:31:13.135169,huobi,3637.33,3637.34,0.0393,3.1479
2025-07-25T07:31:13.435589,huobi,3636.98,3637.34,0.004,3.1479
2025-07-25T07:31:13.536755,huobi,3636.29,3637.33,2.4353,0.0016
2025-07-25T07:31:13.636113,huobi,3635.99,3637.06,0.5412,0.0061
2025-07-25T07:31:13.736832,huobi,3636.41,3636.42,0.0043,0.3987
2025-07-25T07:31:13.836516,huobi,3636.41,3636.42,0.0043,0.4372
2025-07-25T07:31:13.935507,huobi,3636.41,3636.42,0.0043,0.0385
2025-07-25T07:31:14.037376,huobi,3636.45,3637.76,0.0397,0.4918
2025-07-25T07:31:14.114578,bitrue,3635.95,3636.11,6.63,3.557
2025-07-25T07:31:14.135566,huobi,3636.49,3637.73,0.4918,2.7494
2025-07-25T07:31:14.235166,huobi,3636.72,3636.73,0.0362,0.3988
2025-07-25T07:31:14.334999,huobi,3636.83,3637.77,0.0372,2.7527
2025-07-25T07:31:14.436119,huobi,3636.94,3637.79,0.0379,0.0043
2025-07-25T07:31:14.536555,huobi,3636.94,3637.15,0.0379,0.0395
2025-07-25T07:31:14.636176,huobi,3637.12,3638.06,0.0398,0.0036
2025-07-25T07:31:14.934156,huobi,3637.12,3637.13,0.0398,0.3988
2025-07-25T07:31:15.036058,huobi,3637.12,3637.3,0.0398,0.0388
2025-07-25T07:31:15.137088,huobi,3637.29,3637.3,0.3988,0.0388
2025-07-25T07:31:15.163262,bitrue,3636.89,3636.98,5.575,0.108
2025-07-25T07:31:15.336089,huobi,3637.12,3637.13,0.0398,0.1328
2025-07-25T07:31:15.434898,huobi,3637.12,3637.3,0.0398,0.0388
2025-07-25T07:31:15.833995,huobi,3637.12,3637.13,0.0398,0.1328
2025-07-25T07:31:16.034516,huobi,3637.12,3637.3,0.0398,0.0388
2025-07-25T07:31:16.134359,huobi,3637.29,3637.3,0.3988,0.0388
2025-07-25T07:31:16.237017,huobi,3637.69,3638.66,0.0362,0.4731
2025-07-25T07:31:16.336205,huobi,3637.89,3638.65,0.0383,0.0033
2025-07-25T07:31:16.435649,huobi,3637.41,3638.65,0.5412,0.4951
2025-07-25T07:31:16.535668,huobi,3637.26,3638.64,0.4918,0.0022
2025-07-25T07:31:16.634294,huobi,3638.05,3638.64,0.037,0.0022
2025-07-25T07:31:16.834854,huobi,3638.05,3638.25,0.037,0.0381
2025-07-25T07:31:17.134402,huobi,3638.05,3638.24,0.037,2.7486
2025-07-25T07:31:17.256871,bitrue,3637.78,3637.87,5.981,4.177
2025-07-25T07:31:17.336867,huobi,3638.05,3638.25,0.037,0.0381
2025-07-25T07:31:17.535237,huobi,3638.05,3638.22,0.037,2.7486
2025-07-25T07:31:17.634809,huobi,3638.05,3638.25,0.037,0.0381
2025-07-25T07:31:17.742596,huobi,3638.18,3638.63,0.0361,2.7486
2025-07-25T07:31:17.837320,huobi,3637.81,3638.64,0.2061,0.0022
2025-07-25T07:31:18.036071,huobi,3638.25,3638.66,0.038,0.4731
2025-07-25T07:31:18.235048,huobi,3638.37,3638.66,0.0391,0.4731
2025-07-25T07:31:18.307331,bitrue,3637.87,3637.96,6.183,0.078
2025-07-25T07:31:18.335655,huobi,3638.65,3638.66,0.3988,0.4731
2025-07-25T07:31:18.435897,huobi,3637.08,3638.32,0.5412,2.7488
2025-07-25T07:31:18.535831,huobi,3637.09,3638.22,3.0,2.749
2025-07-25T07:31:18.634894,huobi,3638.12,3638.22,0.0367,2.749
2025-07-25T07:31:18.736841,huobi,3637.08,3638.21,0.5412,0.0425
2025-07-25T07:31:18.835099,huobi,3637.62,3638.13,0.5943,0.052
2025-07-25T07:31:18.934774,huobi,3637.62,3638.12,0.5943,2.7488
2025-07-25T07:31:19.035288,huobi,3638.02,3638.11,0.038,2.7488
2025-07-25T07:31:19.237178,huobi,3638.12,3638.13,0.3988,0.052
2025-07-25T07:31:19.337073,huobi,3638.25,3638.64,0.0366,2.7484
2025-07-25T07:31:19.355100,bitrue,3637.58,3637.67,7.213,1.14
2025-07-25T07:31:19.535382,huobi,3638.25,3638.38,0.0366,2.7484
2025-07-25T07:31:19.734242,huobi,3637.62,3638.38,0.5943,2.7484
2025-07-25T07:31:19.934199,huobi,3637.98,3638.38,0.2061,2.7484
2025-07-25T07:31:20.035120,huobi,3638.2,3638.38,0.0363,2.7484
2025-07-25T07:31:20.402297,bitrue,3637.95,3638.04,7.893,1.592
2025-07-25T07:31:20.934402,huobi,3638.2,3638.36,0.0363,2.7484
2025-07-25T07:31:21.034843,huobi,3637.97,3638.12,0.2061,0.002
2025-07-25T07:31:21.134732,huobi,3637.97,3638.07,0.2061,2.7911
2025-07-25T07:31:21.235175,huobi,3637.08,3637.86,0.4685,2.7491
2025-07-25T07:31:21.334941,huobi,3637.69,3637.86,0.0397,2.7491
2025-07-25T07:31:21.436450,huobi,3637.69,3637.84,0.0397,2.7489
2025-07-25T07:31:21.448919,bitrue,3637.39,3638.04,7.789,1.592
2025-07-25T07:31:21.635094,huobi,3637.69,3637.9,0.0397,2.7489
2025-07-25T07:31:21.735671,huobi,3637.9,3638.66,0.4351,0.4731
2025-07-25T07:31:21.834865,huobi,3637.9,3638.61,0.0363,2.7484
2025-07-25T07:31:21.934639,huobi,3637.9,3638.6,0.0363,2.7484
2025-07-25T07:31:22.036199,huobi,3637.9,3638.01,0.0363,0.0019
2025-07-25T07:31:22.134540,huobi,3637.9,3638.0,0.0363,2.7486
2025-07-25T07:31:22.497320,bitrue,3637.56,3637.65,1.225,7.768
2025-07-25T07:31:22.534918,huobi,3637.9,3637.96,0.0279,2.7488
2025-07-25T07:31:22.637123,huobi,3637.9,3637.94,0.0279,2.7488
2025-07-25T07:31:23.235983,huobi,3637.94,3637.95,0.3988,0.0018
2025-07-25T07:31:23.336965,huobi,3638.91,3638.95,0.0363,0.061
2025-07-25T07:31:23.437344,huobi,3638.94,3638.95,0.4349,0.061
2025-07-25T07:31:23.544314,bitrue,3637.61,3637.7,6.68,0.02
2025-07-25T07:31:23.735389,huobi,3638.94,3638.95,0.0361,0.061
2025-07-25T07:31:23.840117,huobi,3638.63,3638.95,0.2061,0.061
2025-07-25T07:31:23.936449,huobi,3638.63,3638.85,0.2061,2.7482
2025-07-25T07:31:24.035083,huobi,3638.63,3638.84,0.2061,0.0017
2025-07-25T07:31:24.141959,huobi,3638.82,3638.83,0.089,2.7499
2025-07-25T07:31:24.535187,huobi,3637.38,3638.83,3.0,0.0017
2025-07-25T07:31:24.593156,bitrue,3638.5,3638.69,6.583,7.575
2025-07-25T07:31:24.636694,huobi,3638.77,3638.91,0.039,2.7481
2025-07-25T07:31:25.034726,huobi,3637.7,3638.69,1.5666,0.0396
2025-07-25T07:31:25.135882,huobi,3637.7,3638.58,1.5666,2.7486
2025-07-25T07:31:25.336071,huobi,3638.44,3638.58,0.0377,2.7486
2025-07-25T07:31:25.636763,bitrue,3638.05,3638.14,6.317,6.97
2025-07-25T07:31:26.734583,huobi,3638.08,3638.58,0.2061,2.7486
2025-07-25T07:31:26.834760,huobi,3637.65,3638.27,0.5412,2.7486
2025-07-25T07:31:26.938835,huobi,3637.05,3638.15,0.4,2.7489
2025-07-25T07:31:27.038235,huobi,3637.88,3637.96,0.038,0.4918
2025-07-25T07:31:27.134285,huobi,3637.88,3637.95,0.038,2.7488
2025-07-25T07:31:27.335717,huobi,3637.88,3637.94,0.038,0.0016
2025-07-25T07:31:27.435250,huobi,3637.88,3638.63,0.038,2.7484
2025-07-25T07:31:27.536892,huobi,3637.99,3638.69,0.0382,0.016
2025-07-25T07:31:27.635117,huobi,3638.39,3638.59,0.0388,0.0361
2025-07-25T07:31:27.731455,bitrue,3637.59,3638.08,1.762,5.8
2025-07-25T07:31:27.834994,huobi,3637.81,3638.49,0.5412,0.0373
2025-07-25T07:31:27.934181,huobi,3637.81,3638.39,0.5412,2.7486
2025-07-25T07:31:28.037438,huobi,3637.81,3638.4,0.5412,0.0389
2025-07-25T07:31:28.134958,huobi,3638.39,3638.4,0.3988,0.0389
2025-07-25T07:31:28.234421,huobi,3638.18,3638.4,0.0361,0.0389
2025-07-25T07:31:28.334111,huobi,3638.18,3638.38,0.0361,0.0047
2025-07-25T07:31:28.435722,huobi,3638.37,3638.4,0.3988,0.0389
2025-07-25T07:31:28.534335,huobi,3638.18,3638.38,0.0361,2.7484
2025-07-25T07:31:28.634684,huobi,3638.18,3638.36,0.0361,2.7484
2025-07-25T07:31:28.735728,huobi,3637.28,3638.21,0.4918,0.0382
2025-07-25T07:31:28.784613,bitrue,3637.68,3637.77,6.171,0.265
2025-07-25T07:31:28.835396,huobi,3637.71,3638.18,0.2061,0.0067
2025-07-25T07:31:28.935579,huobi,3638.04,3638.17,0.0365,2.7488
2025-07-25T07:31:29.134829,huobi,3638.04,3638.16,0.0365,2.7486
2025-07-25T07:31:29.235237,huobi,3638.2,3638.21,0.3988,0.0382
2025-07-25T07:31:29.334573,huobi,3638.2,3638.67,0.4352,2.7484
2025-07-25T07:31:29.435087,huobi,3638.2,3638.67,0.0364,2.7484
2025-07-25T07:31:29.634831,huobi,3638.4,3638.41,0.3988,0.0369
2025-07-25T07:31:29.734014,huobi,3638.2,3638.39,0.0364,2.7484
2025-07-25T07:31:29.828715,bitrue,3637.68,3637.77,6.171,0.265
2025-07-25T07:31:29.933966,huobi,3638.2,3638.37,0.0364,2.7484
2025-07-25T07:31:30.034293,huobi,3638.2,3638.41,0.0364,0.0369
2025-07-25T07:31:30.135609,huobi,3638.4,3638.41,0.3988,2.7853
2025-07-25T07:31:30.235030,huobi,3638.2,3638.4,0.0364,2.7484
2025-07-25T07:31:30.335483,huobi,3638.4,3638.41,0.3988,0.0369
2025-07-25T07:31:30.534171,huobi,3638.22,3638.41,0.5412,0.0369
2025-07-25T07:31:30.634449,huobi,3638.4,3638.41,0.3988,0.0369
2025-07-25T07:31:30.736412,huobi,3638.2,3638.39,0.0364,2.7484
2025-07-25T07:31:31.034757,huobi,3637.71,3638.27,0.2061,2.7486
2025-07-25T07:31:31.136313,huobi,3637.71,3638.16,0.2061,2.7488
2025-07-25T07:31:31.334853,huobi,3637.96,3638.16,0.0366,2.7488
2025-07-25T07:31:31.434463,huobi,3637.95,3638.16,0.0382,2.7488
2025-07-25T07:31:31.534941,huobi,3637.95,3638.14,0.0382,2.7486
2025-07-25T07:31:31.934889,huobi,3638.16,3638.17,0.3988,2.7875
2025-07-25T07:31:32.033934,huobi,3637.95,3638.17,0.0382,2.7891
2025-07-25T07:31:32.135599,huobi,3637.95,3638.16,0.0382,0.0018
2025-07-25T07:31:32.235758,huobi,3638.16,3638.17,0.3988,0.0389
2025-07-25T07:31:32.356096,huobi,3637.95,3638.17,0.0382,0.0389
2025-07-25T07:31:32.433821,huobi,3637.95,3638.13,0.0382,2.7486
2025-07-25T07:31:33.134748,huobi,3637.95,3638.17,0.0382,0.0389
2025-07-25T07:31:33.334751,huobi,3637.95,3638.14,0.0382,2.7486
2025-07-25T07:31:33.735738,huobi,3637.15,3638.14,0.2062,2.7486
2025-07-25T07:31:33.835051,huobi,3637.16,3637.84,0.8102,2.7491
2025-07-25T07:31:34.008200,bitrue,3637.34,3637.77,6.555,0.265
2025-07-25T07:31:34.035612,huobi,3637.81,3638.68,0.3988,2.7489
2025-07-25T07:31:34.136476,huobi,3638.31,3638.69,0.0385,0.016
2025-07-25T07:31:35.332963,huobi,3638.68,3638.69,0.3988,0.016
2025-07-25T07:31:35.333039,huobi,3638.68,3638.69,0.4364,0.016
2025-07-25T07:31:35.333212,huobi,3638.68,3638.69,0.4884,0.016
2025-07-25T07:31:35.333245,huobi,3638.68,3638.69,0.4364,0.016
2025-07-25T07:31:35.333327,huobi,3638.68,3638.69,0.9282,0.0089
2025-07-25T07:31:35.333409,huobi,3638.69,3639.68,0.1574,0.016
2025-07-25T07:31:35.333700,bitrue,3638.45,3638.86,6.39,7.319
2025-07-25T07:31:35.335110,huobi,3639.81,3639.82,0.3988,0.0117
2025-07-25T07:31:35.433890,huobi,3639.64,3639.8,0.0363,2.7474
2025-07-25T07:31:35.535828,huobi,3639.8,3639.81,0.3988,2.7489
2025-07-25T07:31:35.635454,huobi,3639.8,3639.81,0.3988,0.0016
2025-07-25T07:31:35.835218,huobi,3639.81,3639.82,0.3988,0.0117
2025-07-25T07:31:36.034982,huobi,3639.81,3639.82,0.3988,2.7591
2025-07-25T07:31:36.100391,bitrue,3639.25,3639.34,7.099,1.325
2025-07-25T07:31:36.234155,huobi,3639.67,3639.82,0.039,2.7591
2025-07-25T07:31:36.334103,huobi,3639.81,3639.82,0.3988,2.7591
2025-07-25T07:31:36.435331,huobi,3639.95,3641.09,0.5562,0.0034
2025-07-25T07:31:36.534459,huobi,3640.05,3641.09,0.0378,0.0034
2025-07-25T07:31:36.635972,huobi,3639.95,3640.26,0.1574,0.0362
2025-07-25T07:31:36.734362,huobi,3639.94,3640.23,0.052,2.7471
2025-07-25T07:31:36.836097,huobi,3640.13,3640.23,0.0395,2.7471
2025-07-25T07:31:37.145775,bitrue,3639.77,3639.86,7.537,5.901
2025-07-25T07:31:37.236701,huobi,3640.13,3640.26,0.0395,0.0362
2025-07-25T07:31:37.337899,huobi,3640.26,3641.08,0.1574,4.2637
2025-07-25T07:31:37.437487,huobi,3640.32,3641.07,0.0362,0.0034
2025-07-25T07:31:37.536686,huobi,3640.68,3640.88,0.038,0.0399
2025-07-25T07:31:37.637502,huobi,3640.87,3641.07,0.3988,0.0034
2025-07-25T07:31:37.738610,huobi,3640.68,3641.07,0.038,0.0034
2025-07-25T07:31:37.834972,huobi,3640.26,3641.07,0.1574,0.0034
2025-07-25T07:31:37.936135,huobi,3640.26,3640.89,0.1574,0.0371
2025-07-25T07:31:38.036602,huobi,3640.49,3640.69,0.0387,2.7468
2025-07-25T07:31:38.137391,huobi,3639.78,3640.61,0.5412,0.0369
2025-07-25T07:31:38.191155,bitrue,3639.95,3640.08,7.224,6.572
2025-07-25T07:31:38.235613,huobi,3639.26,3640.6,0.5412,2.7471
2025-07-25T07:31:38.335279,huobi,3640.3,3640.46,0.0364,2.7469
2025-07-25T07:31:38.435187,huobi,3640.39,3640.46,0.0385,2.7469
2025-07-25T07:31:38.737001,huobi,3640.39,3640.5,0.0385,2.7469
2025-07-25T07:31:38.835396,huobi,3640.39,3640.46,0.0385,0.0425
2025-07-25T07:31:38.935757,huobi,3640.39,3640.4,0.0385,2.7486
2025-07-25T07:31:39.237025,huobi,3640.01,3640.4,0.206,2.7486
2025-07-25T07:31:39.433869,huobi,3640.28,3640.4,0.038,2.7486
2025-07-25T07:31:39.835062,huobi,3640.37,3640.38,0.036,2.7485
2025-07-25T07:31:39.934150,huobi,3640.37,3640.38,0.036,2.7469
2025-07-25T07:31:40.035312,huobi,3640.5,3641.07,0.3988,0.003
2025-07-25T07:31:40.138232,huobi,3640.58,3641.07,0.038,0.003
2025-07-25T07:31:40.339383,huobi,3640.8,3640.81,0.3988,0.0383
2025-07-25T07:31:40.439591,huobi,3640.81,3641.21,0.1574,0.4
2025-07-25T07:31:40.536408,huobi,3641.2,3641.21,0.3988,0.4016
2025-07-25T07:31:40.653152,huobi,3641.2,3641.21,0.3988,0.4
2025-07-25T07:31:40.736017,huobi,3641.07,3641.21,0.0375,0.4
2025-07-25T07:31:40.835671,huobi,3641.2,3641.21,0.3988,0.4
2025-07-25T07:31:40.934635,huobi,3640.64,3641.21,0.206,3.1835
2025-07-25T07:31:41.034738,huobi,3640.64,3641.21,0.206,0.4372
2025-07-25T07:31:41.235344,huobi,3641.2,3641.21,0.3988,3.1835
2025-07-25T07:31:41.334615,bitrue,3640.61,3640.7,7.119,1.455
2025-07-25T07:31:41.335400,huobi,3641.05,3641.21,0.0399,3.1835
2025-07-25T07:31:41.534562,huobi,3641.05,3641.21,0.0399,0.4372
2025-07-25T07:31:41.735530,huobi,3641.2,3641.21,0.3988,3.1835
2025-07-25T07:31:41.836216,huobi,3640.64,3640.65,0.206,0.0727
2025-07-25T07:31:41.935497,huobi,3640.64,3640.65,0.3988,0.0727
2025-07-25T07:31:42.036589,huobi,3640.64,3641.03,0.3988,2.7467
2025-07-25T07:31:42.134553,huobi,3640.9,3640.91,0.0399,0.0727
2025-07-25T07:31:42.335119,huobi,3641.03,3641.04,0.3988,0.0912
2025-07-25T07:31:42.391392,bitrue,3640.46,3640.55,5.581,6.141
2025-07-25T07:31:42.434625,huobi,3640.9,3641.04,0.0399,0.0912
2025-07-25T07:31:42.634975,huobi,3640.9,3640.91,0.0399,2.7876
2025-07-25T07:31:42.735516,huobi,3640.9,3640.91,0.0399,0.0411
2025-07-25T07:31:43.034733,huobi,3641.03,3641.04,0.3988,0.052
2025-07-25T07:31:43.429948,bitrue,3640.46,3640.55,5.581,6.141
2025-07-25T07:31:43.435300,huobi,3641.2,3641.21,0.3988,0.4
2025-07-25T07:31:43.836352,huobi,3640.99,3641.0,0.0395,0.0411
2025-07-25T07:31:43.935989,huobi,3640.99,3641.0,0.0395,2.7891
2025-07-25T07:31:44.034384,huobi,3640.99,3641.0,0.0395,2.7876
2025-07-25T07:31:44.138139,huobi,3640.53,3640.98,0.206,2.7465
2025-07-25T07:31:44.235097,huobi,3640.53,3640.96,0.206,2.7483
2025-07-25T07:31:44.339955,huobi,3640.53,3640.9,0.206,2.7467
2025-07-25T07:31:44.440500,huobi,3640.53,3640.54,0.258,2.7879
2025-07-25T07:31:44.479326,bitrue,3640.46,3640.7,5.581,1.455
2025-07-25T07:31:44.634728,huobi,3640.53,3640.54,0.258,0.0411
2025-07-25T07:31:44.740916,huobi,3640.84,3640.88,0.0395,2.7468
2025-07-25T07:31:44.835214,huobi,3640.84,3640.85,0.0395,0.0411
2025-07-25T07:31:44.935035,huobi,3640.84,3640.85,0.0915,2.7876
2025-07-25T07:31:45.035778,huobi,3640.84,3640.85,0.0915,2.7896
2025-07-25T07:31:45.134300,huobi,3640.84,3640.85,0.0915,2.7485
2025-07-25T07:31:45.236252,huobi,3640.84,3640.85,0.0915,2.7479
2025-07-25T07:31:45.735233,huobi,3640.84,3640.85,0.0915,0.0014
2025-07-25T07:31:45.933965,huobi,3640.84,3640.85,0.0915,0.0411
2025-07-25T07:31:46.033961,huobi,3640.84,3641.01,0.0915,2.7465
2025-07-25T07:31:46.134833,huobi,3640.84,3640.85,0.0915,2.789
2025-07-25T07:31:46.236977,huobi,3640.84,3640.85,0.0915,2.7891
2025-07-25T07:31:46.435511,huobi,3639.76,3640.42,0.5412,2.7471
2025-07-25T07:31:46.534675,huobi,3639.76,3640.4,0.5412,2.7471
2025-07-25T07:31:46.572712,bitrue,3639.95,3640.31,7.224,7.151
2025-07-25T07:31:46.634411,huobi,3640.39,3640.4,0.0382,2.7471
2025-07-25T07:31:46.734511,huobi,3640.42,3640.43,0.435,0.0411
2025-07-25T07:31:46.833987,huobi,3640.42,3640.7,0.3988,2.7469
2025-07-25T07:31:46.936954,huobi,3640.61,3640.62,0.0377,2.7878
2025-07-25T07:31:47.041142,huobi,3640.61,3640.62,0.0377,2.7892
2025-07-25T07:31:47.135113,huobi,3640.25,3640.26,0.206,0.0411
2025-07-25T07:31:47.234330,huobi,3640.25,3640.6,0.206,0.4918
2025-07-25T07:31:47.334601,huobi,3640.25,3640.26,0.206,0.0411
2025-07-25T07:31:47.436646,huobi,3640.25,3640.58,0.206,0.4918
2025-07-25T07:31:47.535763,huobi,3640.51,3640.52,0.0375,2.7879
2025-07-25T07:31:47.624471,bitrue,3640.22,3640.31,0.195,7.151
2025-07-25T07:31:47.836025,huobi,3640.55,3640.56,0.438,0.0411
2025-07-25T07:31:47.934574,huobi,3640.55,3640.56,0.0392,2.7879
2025-07-25T07:31:48.033935,huobi,3640.55,3640.56,0.0392,2.7896
2025-07-25T07:31:48.138248,huobi,3640.25,3640.26,0.206,2.788
2025-07-25T07:31:48.234270,huobi,3640.25,3640.67,0.206,2.7484
2025-07-25T07:31:48.434891,huobi,3640.5,3640.51,0.0373,2.7895
2025-07-25T07:31:48.535239,huobi,3640.25,3640.26,0.206,2.7881
2025-07-25T07:31:48.636688,huobi,3640.25,3640.26,0.206,2.747
2025-07-25T07:31:48.736099,huobi,3640.13,3640.14,0.0383,2.7882
2025-07-25T07:31:48.836174,huobi,3639.63,3640.07,0.206,2.7473
2025-07-25T07:31:49.034823,huobi,3639.89,3640.07,0.0397,2.7473
2025-07-25T07:31:49.135013,huobi,3639.89,3639.9,0.0397,2.7472
2025-07-25T07:31:49.234959,huobi,3639.63,3639.64,0.206,0.0411
2025-07-25T07:31:49.534392,huobi,3639.76,3639.77,0.0381,2.7885
2025-07-25T07:31:49.634335,huobi,3639.95,3639.96,0.3988,0.0396
2025-07-25T07:31:49.719266,bitrue,3639.6,3639.69,5.313,6.383
2025-07-25T07:31:49.834580,huobi,3639.76,3639.96,0.0381,2.7868
2025-07-25T07:31:49.934107,huobi,3639.95,3639.96,0.3988,2.7869
2025-07-25T07:31:50.036186,huobi,3640.19,3641.3,0.0375,0.4918
2025-07-25T07:31:50.135021,huobi,3639.63,3641.18,0.206,0.4918
2025-07-25T07:31:50.234902,huobi,3639.63,3640.2,0.206,0.0388
2025-07-25T07:31:50.333827,huobi,3639.63,3640.17,0.206,2.7473
2025-07-25T07:31:50.437848,huobi,3639.92,3640.17,0.0393,2.7473
2025-07-25T07:31:50.533893,huobi,3639.92,3640.19,0.0393,2.7473
2025-07-25T07:31:50.634370,huobi,3639.92,3640.2,0.0393,0.0388
2025-07-25T07:31:50.735341,huobi,3640.19,3640.2,0.3988,0.0388
2025-07-25T07:31:50.835564,huobi,3640.47,3641.17,0.039,0.4918
2025-07-25T07:31:51.034446,huobi,3640.47,3640.67,0.039,0.039
2025-07-25T07:31:51.135302,huobi,3640.66,3641.23,0.3988,0.0026
2025-07-25T07:31:51.234934,huobi,3640.66,3641.4,0.3988,0.3982
2025-07-25T07:31:51.434530,huobi,3640.72,3640.73,0.3988,0.0364
2025-07-25T07:31:51.735075,huobi,3640.82,3641.34,0.0393,2.7464
2025-07-25T07:31:51.834839,huobi,3640.82,3641.32,0.0393,2.7464
2025-07-25T07:31:51.864073,bitrue,3640.14,3640.23,7.241,1.798
2025-07-25T07:31:51.934533,huobi,3641.0,3641.01,0.3988,0.0397
2025-07-25T07:31:52.334173,huobi,3641.0,3641.01,0.3988,2.7861
2025-07-25T07:31:52.835034,huobi,3641.0,3641.01,0.3988,2.7464
2025-07-25T07:31:52.912992,bitrue,3640.5,3640.59,5.868,7.034
2025-07-25T07:31:52.934647,huobi,3640.81,3640.82,0.0361,2.7876
2025-07-25T07:31:53.033343,huobi,3640.91,3640.92,0.3988,2.7842
2025-07-25T07:31:53.134044,huobi,3640.91,3640.92,0.3988,0.0377
2025-07-25T07:31:53.833908,huobi,3640.81,3640.82,0.052,0.0411
2025-07-25T07:31:53.934398,huobi,3640.81,3640.82,0.052,2.7465
2025-07-25T07:31:54.736320,huobi,3639.98,3640.61,0.0079,2.747
2025-07-25T07:31:54.839165,huobi,3639.58,3639.98,0.5559,2.7472
2025-07-25T07:31:54.935546,huobi,3639.97,3639.98,0.0381,2.7472
2025-07-25T07:31:55.003742,bitrue,3640.18,3640.27,0.139,5.972
2025-07-25T07:31:55.435402,huobi,3639.65,3639.92,0.3988,2.7475
2025-07-25T07:31:55.535264,huobi,3639.65,3639.66,0.3988,0.0411
2025-07-25T07:31:55.637425,huobi,3639.86,3639.87,0.0361,2.7884
2025-07-25T07:31:55.933635,huobi,3639.86,3639.87,0.0361,2.7473
2025-07-25T07:31:56.035331,huobi,3639.05,3639.43,0.0019,0.0411
2025-07-25T07:31:56.049704,bitrue,3639.66,3639.98,1.199,6.941
2025-07-25T07:31:56.135450,huobi,3639.03,3639.43,0.3,0.0411
2025-07-25T07:31:56.235085,huobi,3639.03,3639.71,0.3,2.7493
2025-07-25T07:31:56.334855,huobi,3639.48,3639.49,0.0399,2.7886
2025-07-25T07:31:56.435084,huobi,3639.48,3639.49,0.0399,2.7475
2025-07-25T07:31:56.535361,huobi,3639.6,3639.61,0.0369,0.0411
2025-07-25T07:31:56.634641,huobi,3639.6,3640.61,0.0369,0.4918
2025-07-25T07:31:56.735683,huobi,3639.6,3640.49,0.0369,0.4918
2025-07-25T07:31:56.838424,huobi,3639.79,3639.8,0.3988,2.787
2025-07-25T07:31:56.959326,huobi,3639.6,3639.8,0.0369,0.0016
2025-07-25T07:31:57.034976,huobi,3639.69,3640.43,0.0386,0.0061
2025-07-25T07:31:57.094285,bitrue,3639.34,3639.43,0.161,5.466
2025-07-25T07:31:57.135056,huobi,3639.69,3640.41,0.0386,1.517
2025-07-25T07:31:57.234190,huobi,3639.92,3639.93,0.3988,0.0392
2025-07-25T07:31:57.734639,huobi,3639.69,3639.93,0.0386,2.7865
2025-07-25T07:31:57.834749,huobi,3639.79,3639.8,0.3988,0.0369
2025-07-25T07:31:58.133753,huobi,3639.69,3639.7,0.0386,0.0411
2025-07-25T07:31:58.334436,huobi,3639.79,3639.8,0.3988,2.7843
2025-07-25T07:31:58.434146,huobi,3639.69,3639.7,0.0386,0.0411
2025-07-25T07:31:58.535079,huobi,3639.79,3639.8,0.3988,2.7843
2025-07-25T07:31:58.634639,huobi,3639.69,3639.7,0.0386,0.0411
2025-07-25T07:31:58.750504,huobi,3639.15,3639.67,0.0037,0.0394
2025-07-25T07:31:58.834926,huobi,3639.15,3639.64,0.0037,2.7477
2025-07-25T07:31:58.933940,huobi,3639.4,3639.41,0.0371,0.0411
2025-07-25T07:31:59.035509,huobi,3639.4,3639.67,0.0371,0.0394
2025-07-25T07:31:59.134472,huobi,3639.51,3639.66,0.0028,0.0076
2025-07-25T07:31:59.193679,bitrue,3639.08,3639.17,6.915,7.772
2025-07-25T07:31:59.234217,huobi,3639.66,3640.22,0.3988,2.7472
2025-07-25T07:31:59.333650,huobi,3639.66,3640.2,0.3988,2.7492
2025-07-25T07:31:59.434396,huobi,3639.78,3639.79,0.3988,0.0364
2025-07-25T07:31:59.533730,huobi,3639.59,3639.79,0.0388,2.7838
2025-07-25T07:31:59.734377,huobi,3639.78,3639.79,0.3988,0.0364
2025-07-25T07:31:59.834413,huobi,3639.59,3640.19,0.0388,1.517
2025-07-25T07:31:59.934947,huobi,3639.59,3640.17,0.0388,0.0019
2025-07-25T07:32:00.044233,huobi,3639.85,3639.86,0.3988,0.0392
2025-07-25T07:32:00.136197,huobi,3639.39,3639.6,0.5412,0.0411
2025-07-25T07:32:00.235852,huobi,3639.37,3639.76,0.206,0.0381
2025-07-25T07:32:00.240939,bitrue,3639.34,3639.43,5.307,5.466
2025-07-25T07:32:00.334708,huobi,3639.71,3639.72,0.3988,2.7475
2025-07-25T07:32:00.435213,huobi,3639.59,3639.6,0.036,0.0411
2025-07-25T07:32:00.534622,huobi,3639.59,3639.6,0.036,2.7475
2025-07-25T07:32:00.634725,huobi,3639.75,3639.76,0.3988,0.0381
2025-07-25T07:32:00.937138,huobi,3639.75,3640.54,0.3988,2.7499
2025-07-25T07:32:01.033698,huobi,3639.84,3640.53,0.0377,1.517
2025-07-25T07:32:01.134099,huobi,3640.06,3640.07,0.3988,2.7471
2025-07-25T07:32:01.233940,huobi,3639.83,3639.84,0.1793,0.0412
2025-07-25T07:32:01.291704,bitrue,3639.79,3639.88,4.78,7.672
2025-07-25T07:32:01.361502,huobi,3639.83,3639.84,0.2313,0.0412
2025-07-25T07:32:01.434932,huobi,3639.83,3640.84,0.5438,0.0027
2025-07-25T07:32:01.534169,huobi,3639.84,3640.48,0.206,0.037
2025-07-25T07:32:01.634204,huobi,3640.31,3640.32,0.0917,0.037
2025-07-25T07:32:01.735228,huobi,3640.08,3640.09,0.0917,2.7837
2025-07-25T07:32:01.835691,huobi,3640.08,3640.09,0.1437,2.7837
2025-07-25T07:32:01.988762,huobi,3639.76,3639.77,0.0371,0.3988
2025-07-25T07:32:02.032654,huobi,3639.83,3639.84,0.0917,0.2977
2025-07-25T07:32:02.136884,huobi,3639.83,3640.75,0.1314,2.747
2025-07-25T07:32:02.233851,huobi,3639.83,3640.73,0.1314,2.7497
2025-07-25T07:32:02.334723,huobi,3639.36,3639.98,0.4918,0.0378
2025-07-25T07:32:02.338870,bitrue,3639.79,3639.91,4.78,7.33
2025-07-25T07:32:02.435926,huobi,3639.3,3639.98,0.5412,0.0378
2025-07-25T07:32:02.535617,huobi,3639.83,3639.98,0.206,0.0378
2025-07-25T07:32:02.733678,huobi,3639.68,3639.98,0.0362,0.0378
2025-07-25T07:32:03.036329,huobi,3639.68,3639.81,0.0341,0.0399
2025-07-25T07:32:03.134175,huobi,3639.8,3639.81,0.3988,0.0399
2025-07-25T07:32:03.235514,huobi,3639.68,3639.69,0.3988,0.0384
2025-07-25T07:32:03.335520,huobi,3639.3,3639.36,0.5412,0.004
2025-07-25T07:32:03.435980,huobi,3639.25,3639.36,0.0392,0.004
2025-07-25T07:32:03.535000,huobi,3639.35,3639.36,0.6048,0.004
2025-07-25T07:32:03.638395,huobi,3639.07,3639.36,0.0043,2.7855
2025-07-25T07:32:03.736152,huobi,3638.93,3639.07,0.5412,0.3988
2025-07-25T07:32:03.835769,huobi,3639.06,3639.07,0.3988,3.1467
2025-07-25T07:32:03.935531,huobi,3638.39,3638.88,0.5557,2.7481
2025-07-25T07:32:04.034573,huobi,3638.39,3638.89,0.5557,0.0397
2025-07-25T07:32:04.135425,huobi,3638.6,3638.61,0.4371,0.0083
2025-07-25T07:32:04.235135,huobi,3638.6,3638.61,0.3988,0.0083
2025-07-25T07:32:04.335481,huobi,3638.31,3638.62,0.3,2.7872
2025-07-25T07:32:04.431687,bitrue,3638.24,3638.39,7.825,6.371
2025-07-25T07:32:04.450252,huobi,3638.08,3638.31,0.4,0.3988
2025-07-25T07:32:04.535480,huobi,3638.08,3638.11,0.4,0.037
2025-07-25T07:32:04.636344,huobi,3638.08,3638.09,0.4,2.785
2025-07-25T07:32:04.737201,huobi,3637.57,3638.03,0.0077,0.4918
2025-07-25T07:32:04.841234,huobi,3637.37,3637.38,0.3988,0.037
2025-07-25T07:32:05.235221,huobi,3637.37,3638.05,0.1328,2.7489
2025-07-25T07:32:05.335003,huobi,3637.18,3638.03,0.761,2.749
2025-07-25T07:32:05.434869,huobi,3637.53,3637.54,0.1328,0.0365
2025-07-25T07:32:05.478844,bitrue,3637.48,3637.57,5.453,6.629
2025-07-25T07:32:05.535002,huobi,3636.56,3637.02,0.3982,0.3988
2025-07-25T07:32:05.636025,huobi,3636.59,3637.45,0.4918,0.0386
2025-07-25T07:32:05.834757,huobi,3637.44,3637.45,0.3988,0.0386
2025-07-25T07:32:05.933244,huobi,3637.11,3637.45,0.5412,0.0386
2025-07-25T07:32:06.035858,huobi,3637.13,3637.45,0.143,0.0386
2025-07-25T07:32:06.135753,huobi,3637.14,3638.09,0.4918,0.052
2025-07-25T07:32:06.235088,huobi,3637.17,3638.05,0.039,2.749
2025-07-25T07:32:06.334981,huobi,3637.11,3637.96,0.5412,0.0027
2025-07-25T07:32:06.434561,huobi,3637.11,3638.09,0.5412,0.052
2025-07-25T07:32:06.534160,huobi,3637.11,3637.92,0.5412,2.7491
2025-07-25T07:32:06.634108,huobi,3636.53,3638.07,0.002,2.7492
2025-07-25T07:32:06.734611,huobi,3637.11,3638.02,0.5412,0.4945
2025-07-25T07:32:06.834308,huobi,3637.11,3637.28,0.5412,0.0363
2025-07-25T07:32:06.935019,huobi,3637.09,3637.28,2.7059,0.0363
2025-07-25T07:32:07.038106,huobi,3637.5,3638.06,0.6888,0.002
2025-07-25T07:32:07.136729,huobi,3637.5,3638.05,0.6888,2.7489
2025-07-25T07:32:07.333504,huobi,3637.09,3637.36,2.7059,0.039
2025-07-25T07:32:07.534456,huobi,3637.09,3637.36,2.7059,0.039
2025-07-25T07:32:07.634156,huobi,3637.35,3637.36,0.3988,0.039
2025-07-25T07:32:07.733593,huobi,3636.52,3637.36,3.3982,0.039
2025-07-25T07:32:07.833644,huobi,3637.16,3637.36,0.0385,0.039
2025-07-25T07:32:07.934276,huobi,3636.88,3637.26,0.5412,0.0379
2025-07-25T07:32:08.033362,huobi,3636.85,3636.88,2.7059,0.0026
2025-07-25T07:32:08.233663,huobi,3636.87,3636.88,0.0374,0.0026
2025-07-25T07:32:08.333210,huobi,3637.16,3637.17,0.3988,0.038
2025-07-25T07:32:08.434361,huobi,3636.53,3636.88,0.0038,0.1898
2025-07-25T07:32:08.535668,huobi,3636.53,3636.54,0.0038,0.1898
2025-07-25T07:32:08.625579,bitrue,3636.95,3637.3,6.15,5.799
2025-07-25T07:32:08.634921,huobi,3636.54,3638.16,0.0715,0.4918
2025-07-25T07:32:08.737005,huobi,3636.46,3637.68,0.0389,0.4918
2025-07-25T07:32:08.836825,huobi,3636.49,3636.5,0.3418,0.038
2025-07-25T07:32:08.935251,huobi,3636.49,3636.5,1.7563,0.038
2025-07-25T07:32:09.335757,huobi,3636.49,3637.64,1.7563,0.4918
2025-07-25T07:32:09.458041,huobi,3636.49,3637.62,1.7563,2.7494
2025-07-25T07:32:09.533540,huobi,3636.49,3637.57,1.7563,2.7494
2025-07-25T07:32:09.633936,huobi,3636.49,3637.53,1.7563,2.7495
2025-07-25T07:32:09.673775,bitrue,3636.46,3636.91,5.575,7.33
2025-07-25T07:32:09.735633,huobi,3636.59,3636.6,0.3417,0.0392
2025-07-25T07:32:09.834318,huobi,3636.59,3637.56,0.3417,2.7494
2025-07-25T07:32:09.933389,huobi,3636.59,3637.54,0.3417,2.7494
2025-07-25T07:32:10.033377,huobi,3636.77,3636.78,0.3937,0.0386
2025-07-25T07:32:10.136935,huobi,3636.77,3636.78,0.4658,0.2447
2025-07-25T07:32:10.720876,bitrue,3636.46,3636.91,5.575,7.33
2025-07-25T07:32:10.835683,huobi,3636.77,3636.78,0.4658,2.9943
2025-07-25T07:32:10.933854,huobi,3636.77,3636.78,0.1241,2.9943
2025-07-25T07:32:11.034580,huobi,3636.77,3636.78,0.0721,2.9943
2025-07-25T07:32:11.336926,huobi,3636.17,3636.18,0.3417,0.2283
2025-07-25T07:32:11.435036,huobi,3636.12,3636.13,0.3,2.979
2025-07-25T07:32:11.634244,huobi,3636.12,3636.13,0.3,2.7891
2025-07-25T07:32:11.734678,huobi,3636.12,3636.13,0.3,0.039
2025-07-25T07:32:11.766901,bitrue,3636.17,3636.26,0.128,5.463
2025-07-25T07:32:11.833926,huobi,3636.12,3636.13,0.3,2.7891
2025-07-25T07:32:11.975194,huobi,3636.12,3636.13,0.3,2.7907
2025-07-25T07:32:12.135773,huobi,3635.71,3635.72,0.4,2.9771
2025-07-25T07:32:12.235481,huobi,3635.71,3635.72,0.4,3.4689
2025-07-25T07:32:12.336521,huobi,3635.71,3635.72,0.0579,3.4689
2025-07-25T07:32:12.436557,huobi,3635.71,3635.72,0.0459,3.4689
2025-07-25T07:32:12.535276,huobi,3635.39,3635.71,0.0079,0.1284
2025-07-25T07:32:12.636278,huobi,3634.26,3634.8,0.0326,0.076
2025-07-25T07:32:12.735296,huobi,3634.26,3634.27,0.0326,0.1899
2025-07-25T07:32:12.810976,bitrue,3634.45,3634.67,6.629,6.347
2025-07-25T07:32:12.934243,huobi,3634.46,3634.47,0.3417,0.0378
2025-07-25T07:32:13.036569,huobi,3634.24,3634.25,0.3417,0.0381
2025-07-25T07:32:13.136377,huobi,3633.87,3633.88,0.0141,0.1899
2025-07-25T07:32:13.237967,huobi,3633.87,3634.86,0.0141,0.4918
2025-07-25T07:32:13.337036,huobi,3633.87,3634.37,0.0141,2.7516
2025-07-25T07:32:13.437928,huobi,3633.87,3633.88,0.0141,2.7908
2025-07-25T07:32:13.537520,huobi,3633.15,3633.45,0.5412,0.1899
2025-07-25T07:32:13.635924,huobi,3633.12,3633.13,0.0039,0.1899
2025-07-25T07:32:13.736761,huobi,3632.25,3632.76,0.5412,0.0376
2025-07-25T07:32:13.837817,huobi,3632.75,3632.76,0.3417,0.0133
2025-07-25T07:32:13.856473,bitrue,3633.67,3633.76,5.792,6.408
2025-07-25T07:32:13.936709,huobi,3632.43,3632.75,0.0041,2.7526
2025-07-25T07:32:14.036349,huobi,3632.43,3633.78,0.0041,0.4918
2025-07-25T07:32:14.136005,huobi,3632.62,3632.63,0.3417,0.0381
2025-07-25T07:32:14.235447,huobi,3632.55,3632.56,0.1573,0.2262
2025-07-25T07:32:14.435027,huobi,3632.55,3632.56,0.1573,2.7891
2025-07-25T07:32:14.535770,huobi,3632.24,3632.25,0.3417,2.8291
2025-07-25T07:32:14.635309,huobi,3632.44,3632.95,0.3988,0.0043
2025-07-25T07:32:14.737118,huobi,3633.26,3633.64,0.052,0.7585
2025-07-25T07:32:14.835952,huobi,3633.26,3633.96,0.052,0.4918
2025-07-25T07:32:14.910156,bitrue,3632.35,3632.45,0.563,6.646
2025-07-25T07:32:14.935977,huobi,3632.45,3633.27,0.0715,0.037
2025-07-25T07:32:15.035166,huobi,3632.46,3632.89,0.0049,0.037
2025-07-25T07:32:15.235091,huobi,3632.46,3632.47,0.0426,0.2062
2025-07-25T07:32:15.335270,huobi,3632.88,3632.89,0.3988,2.7896
2025-07-25T07:32:15.433986,huobi,3632.88,3632.89,0.4041,0.037
2025-07-25T07:32:15.735706,huobi,3632.12,3632.68,0.0037,2.7529
2025-07-25T07:32:15.834443,huobi,3632.0,3632.69,0.0059,0.0395
2025-07-25T07:32:15.935176,huobi,3632.0,3632.57,0.0059,0.0374
2025-07-25T07:32:15.960733,bitrue,3632.82,3632.91,5.699,5.519
2025-07-25T07:32:16.035120,huobi,3632.56,3632.57,0.0057,0.0374
2025-07-25T07:32:16.133867,huobi,3632.56,3632.57,0.1313,0.0374
2025-07-25T07:32:16.233841,huobi,3632.56,3632.57,0.137,0.0374
2025-07-25T07:32:16.334764,huobi,3632.57,3633.75,0.0715,0.4918
2025-07-25T07:32:16.435576,huobi,3632.56,3633.41,0.0057,2.7528
2025-07-25T07:32:16.536021,huobi,3632.92,3633.72,0.0049,0.0018
2025-07-25T07:32:16.636702,huobi,3633.44,3634.05,0.0043,0.0044
2025-07-25T07:32:16.734706,huobi,3633.45,3634.59,0.0043,0.4918
2025-07-25T07:32:16.836635,huobi,3633.45,3634.58,0.0043,0.7585
2025-07-25T07:32:16.934732,huobi,3633.49,3633.5,0.4034,0.0381
2025-07-25T07:32:17.008364,bitrue,3632.97,3633.45,4.254,2.074
2025-07-25T07:32:17.033965,huobi,3633.49,3633.92,0.4034,0.004
2025-07-25T07:32:17.134053,huobi,3633.49,3634.57,0.4034,0.0034
2025-07-25T07:32:17.234587,huobi,3633.49,3634.53,0.4034,0.002
2025-07-25T07:32:17.336638,huobi,3633.53,3633.54,0.4034,0.0373
2025-07-25T07:32:17.533758,huobi,3633.53,3634.51,0.4034,2.7521
2025-07-25T07:32:17.635096,huobi,3633.66,3634.49,0.5412,0.0014
2025-07-25T07:32:17.736088,huobi,3633.91,3634.1,0.0036,0.0389
2025-07-25T07:32:17.834753,huobi,3634.18,3634.86,0.0378,0.0018
2025-07-25T07:32:17.934866,huobi,3633.12,3634.69,0.0715,2.7518
2025-07-25T07:32:18.036349,huobi,3633.13,3634.15,0.0029,0.0393
2025-07-25T07:32:18.056754,bitrue,3633.68,3633.93,5.508,6.187
2025-07-25T07:32:18.137815,huobi,3634.42,3634.43,0.4024,0.002
2025-07-25T07:32:18.235963,huobi,3634.47,3634.89,0.0391,1.2503
2025-07-25T07:32:18.341399,huobi,3634.89,3635.09,0.0387,0.0368
2025-07-25T07:32:18.435621,huobi,3635.18,3635.19,0.3988,0.0375
2025-07-25T07:32:18.536329,huobi,3635.19,3636.28,0.775,0.0037
2025-07-25T07:32:18.635500,huobi,3635.18,3636.28,0.3988,0.0037
2025-07-25T07:32:18.736517,huobi,3635.79,3636.28,0.0715,0.0037
2025-07-25T07:32:18.835391,huobi,3634.9,3636.28,0.5498,0.0037
2025-07-25T07:32:18.935426,huobi,3634.9,3635.65,0.5498,0.0385
2025-07-25T07:32:19.035110,huobi,3635.64,3635.65,0.3988,0.0385
2025-07-25T07:32:19.112181,bitrue,3635.42,3635.51,7.643,6.797
2025-07-25T07:32:19.135423,huobi,3635.45,3635.65,0.2063,2.789
2025-07-25T07:32:19.234996,huobi,3635.45,3635.63,0.2063,2.7505
2025-07-25T07:32:19.637751,huobi,3635.64,3635.65,0.3988,2.789
2025-07-25T07:32:19.835222,huobi,3635.14,3635.49,0.0039,0.1284
2025-07-25T07:32:19.936485,huobi,3634.55,3635.39,0.0148,2.751
2025-07-25T07:32:20.134287,huobi,3634.37,3635.39,3.0029,2.751
2025-07-25T07:32:20.155410,bitrue,3635.03,3635.51,5.699,6.797
2025-07-25T07:32:20.236588,huobi,3634.38,3635.46,0.003,0.0368
2025-07-25T07:32:20.334946,huobi,3635.44,3635.45,0.3988,2.7511
2025-07-25T07:32:20.536193,huobi,3635.34,3635.45,0.039,2.7511
2025-07-25T07:32:20.635811,huobi,3635.43,3635.45,0.2063,2.7511
2025-07-25T07:32:20.734064,huobi,3635.11,3635.14,0.0039,0.0388
2025-07-25T07:32:20.836546,huobi,3635.11,3635.13,0.0039,2.7509
2025-07-25T07:32:20.936902,huobi,3634.95,3635.13,0.0386,2.7509
2025-07-25T07:32:21.133313,huobi,3635.07,3635.13,0.1646,2.7509
2025-07-25T07:32:21.202152,bitrue,3635.03,3635.13,5.699,7.663
2025-07-25T07:32:21.336206,huobi,3634.75,3634.77,0.0039,0.0642
2025-07-25T07:32:21.435019,huobi,3634.24,3634.64,0.0076,2.7514
2025-07-25T07:32:21.534370,huobi,3634.52,3634.64,0.0395,2.7514
2025-07-25T07:32:21.634412,huobi,3634.52,3634.75,0.0395,0.0387
2025-07-25T07:32:21.735578,huobi,3634.74,3634.75,0.3988,2.79
2025-07-25T07:32:21.837183,huobi,3634.87,3636.27,0.04,0.4918
2025-07-25T07:32:21.936220,huobi,3635.2,3636.26,2.7504,0.3982
2025-07-25T07:32:22.134340,huobi,3635.36,3635.37,0.3988,0.0378
2025-07-25T07:32:22.236285,huobi,3635.02,3635.03,0.3988,0.039
2025-07-25T07:32:22.257365,bitrue,3634.67,3634.76,5.382,0.019
2025-07-25T07:32:22.434865,huobi,3635.02,3635.03,3.1498,0.039
2025-07-25T07:32:23.033686,huobi,3635.02,3636.04,3.1498,0.9355
2025-07-25T07:32:23.134844,huobi,3635.02,3636.02,3.1498,0.9355
2025-07-25T07:32:23.234279,huobi,3635.02,3636.01,3.1498,0.0027
2025-07-25T07:32:23.333971,huobi,3635.25,3635.26,0.3988,0.039
2025-07-25T07:32:23.534550,huobi,3635.25,3635.26,3.1495,0.039
2025-07-25T07:32:23.635484,huobi,3634.7,3635.01,0.175,0.0397
2025-07-25T07:32:23.737527,huobi,3634.47,3634.9,0.004,2.7511
2025-07-25T07:32:23.835651,huobi,3634.9,3635.83,0.038,2.7507
2025-07-25T07:32:23.935667,huobi,3634.9,3635.79,0.038,2.7528
2025-07-25T07:32:24.136640,huobi,3635.49,3635.5,3.1493,0.0391
2025-07-25T07:32:24.288581,huobi,3635.49,3636.39,3.1493,0.003
2025-07-25T07:32:24.355945,bitrue,3634.44,3634.97,7.484,0.198
2025-07-25T07:32:24.435907,huobi,3635.66,3635.67,0.3988,2.7505
2025-07-25T07:32:24.537508,huobi,3634.73,3635.47,0.5412,2.7507
2025-07-25T07:32:24.634396,huobi,3634.22,3635.41,3.0,2.756
2025-07-25T07:32:24.734673,huobi,3635.14,3635.32,0.0393,2.7512
2025-07-25T07:32:24.872612,huobi,3634.18,3635.04,0.0043,0.0388
2025-07-25T07:32:24.935082,huobi,3634.18,3634.98,0.6572,2.7513
2025-07-25T07:32:25.135231,huobi,3634.88,3634.91,0.0372,2.7849
2025-07-25T07:32:25.236255,huobi,3634.64,3634.84,0.2063,0.7585
2025-07-25T07:32:25.334211,huobi,3634.64,3634.82,0.2063,2.7512
2025-07-25T07:32:25.403746,bitrue,3634.49,3634.7,6.289,5.322
2025-07-25T07:32:25.435879,huobi,3634.43,3634.67,0.04,0.0368
2025-07-25T07:32:25.536443,huobi,3633.79,3634.19,0.0154,0.4918
2025-07-25T07:32:25.634486,huobi,3633.79,3634.13,0.0154,2.7518
2025-07-25T07:32:25.736550,huobi,3634.32,3635.35,0.0388,2.7512
2025-07-25T07:32:25.834677,huobi,3634.44,3635.34,2.7512,0.3982
2025-07-25T07:32:25.935727,huobi,3634.95,3634.96,0.3988,0.0366
2025-07-25T07:32:26.034586,huobi,3635.01,3635.87,2.7505,0.0027
2025-07-25T07:32:26.134114,huobi,3635.21,3635.86,0.0372,0.9355
2025-07-25T07:32:26.234709,huobi,3635.52,3635.53,0.3988,0.0393
