timestamp,exchange,bid,ask,bid_vol,ask_vol
2025-07-25T08:37:43.983858,bitrue,3648.58,3648.67,6.935,0.548
2025-07-25T08:37:43.983892,bitrue,3648.77,3648.86,7.75,0.768
2025-07-25T08:37:44.145561,bitmex,3652.34,3653.29,2.0,1.0
2025-07-25T08:37:44.154027,bitmex,3652.35,3653.29,2.0,1.0
2025-07-25T08:37:44.156987,bitmex,3652.35,3653.28,2.0,1.0
2025-07-25T08:37:44.172740,bitmex,3652.54,3653.28,2.0,1.0
2025-07-25T08:37:44.178078,bitmex,3652.35,3653.28,2.0,1.0
2025-07-25T08:37:44.178671,bitmex,3652.35,3653.27,2.0,1.0
2025-07-25T08:37:44.184278,bitmex,3652.54,3653.27,2.0,1.0
2025-07-25T08:37:44.195600,bitmex,3651.75,3653.27,2.0,1.0
2025-07-25T08:37:44.195612,bitmex,3651.94,3653.27,2.0,1.0
2025-07-25T08:37:44.207426,bitmex,3651.95,3653.27,2.0,1.0
2025-07-25T08:37:44.211202,bitmex,3652.14,3653.27,2.0,1.0
2025-07-25T08:37:44.212177,bitmex,3652.14,3653.26,2.0,1.0
2025-07-25T08:37:44.213767,blofin,3646.74,3646.75,7544.0,606.0
2025-07-25T08:37:44.223207,bitmex,3652.15,3653.26,2.0,1.0
2025-07-25T08:37:44.227493,bitmex,3652.15,3653.25,2.0,1.0
2025-07-25T08:37:44.234116,bitmex,3652.34,3653.25,2.0,1.0
2025-07-25T08:37:44.321225,bitmex,3652.34,3653.24,2.0,1.0
2025-07-25T08:37:44.321239,bitmex,3652.35,3653.24,2.0,1.0
2025-07-25T08:37:44.321248,bitmex,3652.54,3653.24,2.0,1.0
2025-07-25T08:37:44.321254,bitmex,3651.75,3653.24,2.0,1.0
2025-07-25T08:37:44.321543,bitmex,3651.75,3653.23,2.0,1.0
2025-07-25T08:37:44.321553,bitmex,3651.94,3653.23,2.0,1.0
2025-07-25T08:37:44.321558,bitmex,3651.95,3653.23,2.0,1.0
2025-07-25T08:37:44.321562,bitmex,3651.95,3653.22,2.0,1.0
2025-07-25T08:37:44.321567,bitmex,3652.14,3653.22,2.0,1.0
2025-07-25T08:37:44.321572,bitmex,3652.15,3653.22,2.0,1.0
2025-07-25T08:37:44.321577,bitmex,3652.34,3653.22,2.0,1.0
2025-07-25T08:37:44.321581,bitmex,3652.34,3653.21,2.0,1.0
2025-07-25T08:37:44.327248,bitmex,3652.35,3653.21,2.0,1.0
2025-07-25T08:37:44.327260,bitmex,3652.35,3653.2,2.0,1.0
2025-07-25T08:37:44.328424,bitmex,3652.54,3653.2,2.0,1.0
2025-07-25T08:37:44.344275,bitmex,3652.35,3653.2,2.0,1.0
2025-07-25T08:37:44.344284,bitmex,3652.54,3653.2,2.0,1.0
2025-07-25T08:37:44.344289,bitmex,3652.54,3653.19,2.0,1.0
2025-07-25T08:37:44.344294,bitmex,3651.56,3653.19,8.0,1.0
2025-07-25T08:37:44.351747,bitmex,3651.75,3653.19,2.0,1.0
2025-07-25T08:37:44.356534,bitmex,3651.75,3653.18,2.0,1.0
2025-07-25T08:37:44.372611,bitmex,3651.76,3653.18,2.0,1.0
2025-07-25T08:37:44.372624,bitmex,3651.76,3653.17,2.0,1.0
2025-07-25T08:37:44.372631,bitmex,3651.95,3653.17,2.0,1.0
2025-07-25T08:37:44.383529,bitmex,3651.96,3653.17,2.0,1.0
2025-07-25T08:37:44.387936,bitmex,3651.96,3653.16,2.0,1.0
2025-07-25T08:37:44.388321,bitmex,3652.15,3653.16,2.0,1.0
2025-07-25T08:37:44.400846,bitmex,3652.16,3653.16,2.0,1.0
2025-07-25T08:37:44.408432,bitmex,3652.35,3653.16,2.0,1.0
2025-07-25T08:37:44.408443,bitmex,3652.35,3653.16,29.0,1.0
2025-07-25T08:37:44.411552,bitmex,3652.35,3653.16,27.0,1.0
2025-07-25T08:37:44.411563,bitmex,3652.54,3653.16,2.0,1.0
2025-07-25T08:37:44.423675,bitmex,3652.36,3653.16,11.0,1.0
2025-07-25T08:37:44.427407,bitmex,3652.55,3653.16,2.0,1.0
2025-07-25T08:37:44.434322,bitmex,3652.55,3653.16,4.0,1.0
2025-07-25T08:37:44.434333,bitmex,3652.74,3653.16,2.0,1.0
2025-07-25T08:37:44.450278,bitmex,3652.36,3653.16,9.0,1.0
2025-07-25T08:37:44.452821,bitmex,3652.36,3652.97,9.0,2.0
2025-07-25T08:37:44.457015,bitmex,3652.36,3653.58,9.0,2.0
2025-07-25T08:37:44.494903,bitmex,3652.37,3653.58,2.0,2.0
2025-07-25T08:37:44.494919,bitmex,3652.37,3653.57,2.0,1.0
2025-07-25T08:37:44.510369,bitmex,3652.37,3653.55,2.0,9.0
2025-07-25T08:37:44.513235,bitmex,3652.37,3653.55,2.0,20.0
2025-07-25T08:37:44.513247,bitmex,3652.37,3653.55,2.0,29.0
2025-07-25T08:37:44.513254,bitmex,3652.37,3653.55,2.0,40.0
2025-07-25T08:37:44.513512,bitmex,3652.37,3653.55,2.0,49.0
2025-07-25T08:37:44.514480,bitmex,3652.37,3653.54,2.0,1.0
2025-07-25T08:37:44.579004,bitmex,3652.37,3653.35,2.0,1.0
2025-07-25T08:37:44.581590,bitmex,3652.37,3653.34,2.0,1.0
2025-07-25T08:37:44.643892,bitmex,3652.56,3653.34,2.0,1.0
2025-07-25T08:37:44.649329,bitmex,3652.56,3653.33,2.0,1.0
2025-07-25T08:37:44.649350,bitmex,3652.37,3653.33,2.0,1.0
2025-07-25T08:37:44.654835,bitmex,3652.36,3653.33,9.0,1.0
2025-07-25T08:37:44.656418,bitmex,3652.56,3653.33,2.0,1.0
2025-07-25T08:37:44.660545,blofin,3646.74,3646.75,7544.0,606.0
2025-07-25T08:37:44.661025,bitmex,3652.56,3653.32,2.0,1.0
2025-07-25T08:37:44.661750,bitmex,3652.55,3653.32,2.0,1.0
2025-07-25T08:37:44.664960,bitmex,3652.36,3653.32,9.0,1.0
2025-07-25T08:37:44.667646,bitmex,3652.37,3653.32,2.0,1.0
2025-07-25T08:37:44.668282,bitmex,3652.57,3653.32,2.0,1.0
2025-07-25T08:37:44.673350,bitmex,3652.57,3653.31,2.0,1.0
2025-07-25T08:37:44.673636,bitmex,3652.76,3653.31,2.0,1.0
2025-07-25T08:37:44.674821,bitmex,3652.76,3653.3,2.0,9.0
2025-07-25T08:37:44.681874,bitmex,3652.57,3653.3,2.0,9.0
2025-07-25T08:37:44.684130,bitmex,3652.57,3653.29,2.0,1.0
2025-07-25T08:37:44.684139,bitmex,3652.76,3653.29,2.0,1.0
2025-07-25T08:37:44.689652,bitmex,3652.36,3653.29,9.0,1.0
2025-07-25T08:37:44.692720,bitmex,3652.36,3653.1,9.0,2.0
2025-07-25T08:37:44.693751,bitmex,3652.55,3653.1,2.0,2.0
2025-07-25T08:37:44.695136,bitmex,3652.55,3653.3,2.0,18.0
2025-07-25T08:37:44.696371,bitmex,3652.55,3653.3,2.0,27.0
2025-07-25T08:37:44.702374,bitmex,3652.55,3653.3,2.0,18.0
2025-07-25T08:37:44.702705,bitmex,3652.55,3653.3,2.0,9.0
2025-07-25T08:37:44.708263,bitmex,3652.56,3653.3,2.0,9.0
2025-07-25T08:37:44.709903,bitmart,3648.47,3648.48,245113.0,113704.0
2025-07-25T08:37:44.712265,bitmex,3652.56,3653.29,2.0,1.0
2025-07-25T08:37:44.713975,bitmex,3652.75,3653.29,2.0,1.0
2025-07-25T08:37:44.721969,bitmex,3652.56,3653.29,2.0,1.0
2025-07-25T08:37:44.725717,bitmex,3652.36,3653.29,9.0,1.0
2025-07-25T08:37:44.730735,bitmex,3652.55,3653.29,2.0,1.0
2025-07-25T08:37:44.743773,bitmex,3652.56,3653.29,2.0,1.0
2025-07-25T08:37:44.747942,bitmex,3652.75,3653.29,2.0,1.0
2025-07-25T08:37:44.747953,bitmex,3652.75,3653.28,2.0,1.0
2025-07-25T08:37:44.755135,bitmex,3652.56,3653.28,2.0,1.0
2025-07-25T08:37:44.759981,bitmex,3652.75,3653.28,2.0,1.0
2025-07-25T08:37:44.763307,bitmex,3652.36,3653.28,9.0,1.0
2025-07-25T08:37:44.775560,bitmex,3652.37,3653.28,2.0,1.0
2025-07-25T08:37:44.781716,bitmex,3652.56,3653.28,2.0,1.0
2025-07-25T08:37:44.790914,bitmex,3652.57,3653.28,2.0,1.0
2025-07-25T08:37:44.800120,bitmex,3652.76,3653.28,2.0,1.0
2025-07-25T08:37:44.809397,bitmex,3652.57,3653.28,2.0,1.0
2025-07-25T08:37:44.809408,bitmex,3652.36,3653.28,9.0,1.0
2025-07-25T08:37:44.830644,bitmex,3652.37,3653.28,2.0,1.0
2025-07-25T08:37:44.832253,bitmex,3652.56,3653.28,2.0,1.0
2025-07-25T08:37:44.841464,bitmex,3652.57,3653.28,2.0,1.0
2025-07-25T08:37:44.850165,bitmex,3652.76,3653.28,2.0,1.0
2025-07-25T08:37:44.857948,bitmex,3652.77,3653.28,2.0,1.0
2025-07-25T08:37:44.861666,bitmex,3652.96,3653.28,2.0,1.0
2025-07-25T08:37:44.888017,bitmex,3652.77,3653.28,2.0,1.0
2025-07-25T08:37:44.893334,bitmex,3652.96,3653.28,2.0,1.0
2025-07-25T08:37:44.893345,bitmex,3652.96,3653.28,4.0,1.0
2025-07-25T08:37:44.893352,bitmex,3652.96,3653.6,4.0,11.0
2025-07-25T08:37:44.898153,bitmex,3652.96,3653.6,2.0,11.0
2025-07-25T08:37:44.898163,bitmex,3653.15,3653.6,2.0,11.0
2025-07-25T08:37:44.898830,bitmex,3653.15,3654.04,2.0,5.0
2025-07-25T08:37:44.908187,bitmex,3653.15,3654.04,2.0,2.0
2025-07-25T08:37:44.908203,bitmex,3652.96,3654.04,2.0,2.0
2025-07-25T08:37:44.908212,bitmex,3652.96,3654.03,2.0,1.0
2025-07-25T08:37:44.909051,bitmex,3652.77,3654.03,2.0,1.0
2025-07-25T08:37:44.917434,bitmex,3652.36,3654.03,9.0,1.0
2025-07-25T08:37:44.922610,bitmex,3652.36,3654.02,9.0,1.0
2025-07-25T08:37:44.929837,bitrue,3649.09,3649.19,7.391,5.438
2025-07-25T08:37:44.934225,bitmex,3652.37,3654.02,2.0,1.0
2025-07-25T08:37:44.938145,bitmex,3652.37,3654.01,2.0,1.0
2025-07-25T08:37:44.944546,bitmex,3652.37,3654.0,2.0,9.0
2025-07-25T08:37:44.952705,bitmex,3652.37,3653.99,2.0,1.0
2025-07-25T08:37:45.144723,blofin,3646.74,3646.75,12958.0,2440.0
2025-07-25T08:37:45.324307,bitmex,3652.37,3653.99,4.0,1.0
2025-07-25T08:37:45.324327,bitmex,3652.37,3653.99,4.0,3.0
2025-07-25T08:37:45.605188,bitmex,3652.37,3653.99,4.0,1.0
2025-07-25T08:37:45.660060,bitmex,3652.56,3653.99,2.0,1.0
2025-07-25T08:37:45.662239,blofin,3647.45,3647.46,15368.0,2464.0
2025-07-25T08:37:45.671150,bitmex,3652.56,3653.98,2.0,1.0
2025-07-25T08:37:45.698960,bitmex,3652.57,3653.98,2.0,1.0
2025-07-25T08:37:45.698972,bitmex,3652.57,3653.97,2.0,1.0
2025-07-25T08:37:45.716094,bitmex,3652.76,3653.97,2.0,1.0
2025-07-25T08:37:45.716105,bitmex,3652.76,3653.96,2.0,1.0
2025-07-25T08:37:45.721291,bitmex,3652.77,3653.96,2.0,1.0
2025-07-25T08:37:45.728455,bitmex,3652.77,3653.95,2.0,1.0
2025-07-25T08:37:45.745968,bitmart,3649.07,3649.08,130503.0,27160.0
2025-07-25T08:37:45.972875,bitrue,3649.71,3649.8,7.63,5.719
2025-07-25T08:37:46.041748,bitmex,3652.77,3653.94,2.0,1.0
2025-07-25T08:37:46.054764,bitmex,3652.77,3653.75,2.0,1.0
2025-07-25T08:37:46.054774,bitmex,3652.37,3653.75,2.0,1.0
2025-07-25T08:37:46.058375,bitmex,3652.37,3652.78,2.0,1.0
2025-07-25T08:37:46.063816,bitmex,3652.37,3652.77,2.0,1.0
2025-07-25T08:37:46.063830,bitmex,3652.38,3652.77,2.0,1.0
2025-07-25T08:37:46.070204,bitmex,3652.57,3652.77,2.0,1.0
2025-07-25T08:37:46.075526,bitmex,3652.57,3652.58,2.0,2.0
2025-07-25T08:37:46.077452,bitmex,3652.57,3652.58,2.0,3.0
2025-07-25T08:37:46.078370,bitmex,3652.38,3652.58,2.0,3.0
2025-07-25T08:37:46.079624,bitmex,3652.38,3652.58,2.0,1.0
2025-07-25T08:37:46.083301,bitmex,3652.37,3652.58,2.0,1.0
2025-07-25T08:37:46.083313,bitmex,3652.57,3652.58,2.0,1.0
2025-07-25T08:37:46.089590,bitmex,3652.37,3652.58,2.0,1.0
2025-07-25T08:37:46.089601,bitmex,3652.56,3652.58,2.0,1.0
2025-07-25T08:37:46.093584,bitmex,3652.37,3652.58,2.0,1.0
2025-07-25T08:37:46.095907,bitmex,3652.37,3652.57,2.0,2.0
2025-07-25T08:37:46.096160,bitmex,3652.37,3652.57,2.0,3.0
2025-07-25T08:37:46.099942,bitmex,3652.37,3652.38,2.0,1.0
2025-07-25T08:37:46.111158,bitmex,3652.37,3652.38,4.0,1.0
2025-07-25T08:37:46.120221,bitmex,3652.37,3652.38,2.0,1.0
2025-07-25T08:37:46.123633,bitmex,3652.37,3652.38,4.0,1.0
2025-07-25T08:37:46.125331,bitmex,3652.37,3652.38,4.0,2.0
2025-07-25T08:37:46.129814,bitmex,3652.37,3652.38,2.0,2.0
2025-07-25T08:37:46.132930,bitmex,3652.37,3652.38,2.0,1.0
2025-07-25T08:37:46.137973,bitmex,3652.37,3652.38,2.0,3.0
2025-07-25T08:37:46.140732,bitmex,3652.37,3652.38,4.0,3.0
2025-07-25T08:37:46.143926,bitmex,3652.37,3652.38,4.0,1.0
2025-07-25T08:37:46.147942,bitmex,3652.37,3652.38,2.0,1.0
2025-07-25T08:37:46.151651,bitmex,3652.37,3652.38,2.0,3.0
2025-07-25T08:37:46.163674,blofin,3647.45,3647.46,15368.0,2464.0
2025-07-25T08:37:46.168271,bitmex,3652.37,3652.38,2.0,1.0
2025-07-25T08:37:46.168281,bitmex,3652.37,3652.38,4.0,1.0
2025-07-25T08:37:46.171395,bitmex,3652.37,3652.38,2.0,1.0
2025-07-25T08:37:46.173035,bitmex,3652.37,3652.38,2.0,3.0
2025-07-25T08:37:46.176450,bitmex,3652.37,3652.38,4.0,3.0
2025-07-25T08:37:46.177868,bitmex,3652.37,3652.38,4.0,1.0
2025-07-25T08:37:46.181406,bitmex,3652.37,3652.38,2.0,1.0
2025-07-25T08:37:46.193085,bitmex,3652.37,3653.22,2.0,5.0
2025-07-25T08:37:46.193096,bitmex,3652.37,3653.22,4.0,5.0
2025-07-25T08:37:46.193102,bitmex,3652.37,3652.38,4.0,2.0
2025-07-25T08:37:46.193108,bitmex,3652.37,3652.38,2.0,2.0
2025-07-25T08:37:46.199007,bitmex,3652.35,3652.38,27.0,2.0
2025-07-25T08:37:46.199017,bitmex,3652.35,3653.22,27.0,2.0
2025-07-25T08:37:46.208169,bitmex,3652.35,3652.36,27.0,1.0
2025-07-25T08:37:46.208180,bitmex,3652.35,3652.36,27.0,3.0
2025-07-25T08:37:46.212194,bitmex,3652.35,3652.36,27.0,1.0
2025-07-25T08:37:46.218275,bitmex,3652.35,3652.36,29.0,1.0
2025-07-25T08:37:46.218286,bitmex,3652.35,3652.36,29.0,3.0
2025-07-25T08:37:46.224164,bitmex,3652.35,3652.36,27.0,3.0
2025-07-25T08:37:46.226216,bitmex,3652.35,3652.36,27.0,1.0
2025-07-25T08:37:46.229850,bitmex,3652.35,3652.36,29.0,1.0
2025-07-25T08:37:46.248591,bitmex,3652.35,3652.36,27.0,1.0
2025-07-25T08:37:46.248984,bitmex,3652.35,3652.36,27.0,3.0
2025-07-25T08:37:46.323907,bitmex,3652.35,3652.36,27.0,1.0
2025-07-25T08:37:46.323920,bitmex,3652.35,3652.36,29.0,1.0
2025-07-25T08:37:46.363079,bitmex,3652.35,3653.2,29.0,3.0
2025-07-25T08:37:46.367039,bitmex,3652.35,3653.2,29.0,2.0
2025-07-25T08:37:46.371378,bitmex,3652.54,3653.2,2.0,2.0
2025-07-25T08:37:46.376753,bitmex,3652.54,3653.19,2.0,1.0
2025-07-25T08:37:46.376765,bitmex,3652.35,3653.19,27.0,1.0
2025-07-25T08:37:46.385872,bitmex,3652.35,3653.0,27.0,2.0
2025-07-25T08:37:46.385883,bitmex,3652.35,3652.99,27.0,1.0
2025-07-25T08:37:46.386217,bitmex,3652.54,3652.99,2.0,1.0
2025-07-25T08:37:46.394541,bitmex,3652.36,3652.99,8.0,1.0
2025-07-25T08:37:46.396193,bitmex,3652.36,3652.98,8.0,1.0
2025-07-25T08:37:46.404708,bitmex,3652.55,3652.98,2.0,1.0
2025-07-25T08:37:46.411115,bitmex,3652.36,3652.98,8.0,1.0
2025-07-25T08:37:46.422020,bitmex,3652.35,3652.98,27.0,1.0
2025-07-25T08:37:46.426433,bitmex,3652.35,3652.97,27.0,1.0
2025-07-25T08:37:46.426444,bitmex,3652.55,3652.97,2.0,1.0
2025-07-25T08:37:46.432453,bitmex,3652.36,3652.97,8.0,1.0
2025-07-25T08:37:46.444938,bitmex,3652.55,3652.97,2.0,1.0
2025-07-25T08:37:46.459315,bitmex,3652.55,3652.96,2.0,1.0
2025-07-25T08:37:46.459328,bitmex,3652.55,3652.78,2.0,1.0
2025-07-25T08:37:46.459334,bitmex,3652.36,3652.78,8.0,1.0
2025-07-25T08:37:46.459340,bitmex,3652.36,3653.83,8.0,5.0
2025-07-25T08:37:46.459346,bitmex,3652.36,3652.77,8.0,2.0
2025-07-25T08:37:46.460156,bitmex,3652.55,3652.77,2.0,2.0
2025-07-25T08:37:46.461031,bitmex,3652.55,3653.83,2.0,2.0
2025-07-25T08:37:46.465156,bitmex,3652.37,3653.83,2.0,2.0
2025-07-25T08:37:46.469323,bitmex,3652.37,3653.82,2.0,1.0
2025-07-25T08:37:46.650897,blofin,3647.45,3647.46,15368.0,2464.0
2025-07-25T08:37:46.785839,bitmart,3648.24,3648.25,153677.0,75665.0
2025-07-25T08:37:46.892897,bitmex,3652.37,3653.81,2.0,1.0
2025-07-25T08:37:46.901994,bitmex,3652.37,3653.76,2.0,9.0
2025-07-25T08:37:46.908748,bitmex,3652.37,3652.38,2.0,1.0
2025-07-25T08:37:46.908759,bitmex,3652.35,3652.38,27.0,1.0
2025-07-25T08:37:46.912463,bitmex,3652.35,3652.36,27.0,1.0
2025-07-25T08:37:46.922378,bitmex,3652.35,3652.36,29.0,1.0
2025-07-25T08:37:46.922389,bitmex,3652.35,3653.75,29.0,4.0
2025-07-25T08:37:46.924608,bitmex,3652.35,3653.75,27.0,4.0
2025-07-25T08:37:46.924619,bitmex,3652.35,3652.36,27.0,1.0
2025-07-25T08:37:46.940742,bitmex,3652.35,3652.36,27.0,2.0
2025-07-25T08:37:46.940753,bitmex,3652.35,3652.36,29.0,2.0
2025-07-25T08:37:46.947276,bitmex,3652.35,3652.36,29.0,1.0
2025-07-25T08:37:46.947287,bitmex,3652.35,3652.36,27.0,1.0
2025-07-25T08:37:46.947584,bitmex,3652.35,3652.36,27.0,3.0
2025-07-25T08:37:46.960062,bitmex,3652.35,3652.36,27.0,1.0
2025-07-25T08:37:46.960073,bitmex,3652.35,3652.36,29.0,1.0
2025-07-25T08:37:46.964423,bitmex,3652.35,3652.36,27.0,1.0
2025-07-25T08:37:46.974761,bitmex,3652.35,3652.36,27.0,3.0
2025-07-25T08:37:46.988007,bitmex,3652.35,3652.36,29.0,3.0
2025-07-25T08:37:46.988020,bitmex,3652.35,3652.36,29.0,1.0
2025-07-25T08:37:46.989595,bitmex,3652.35,3652.36,27.0,1.0
2025-07-25T08:37:46.995477,bitmex,3652.35,3652.36,27.0,3.0
2025-07-25T08:37:47.001137,bitmex,3652.35,3652.36,29.0,3.0
2025-07-25T08:37:47.001148,bitmex,3652.35,3652.36,29.0,1.0
2025-07-25T08:37:47.020085,bitrue,3649.09,3649.22,7.391,5.379
2025-07-25T08:37:47.029403,bitmex,3652.35,3652.36,27.0,1.0
2025-07-25T08:37:47.029417,bitmex,3652.35,3652.36,27.0,3.0
2025-07-25T08:37:47.029424,bitmex,3652.35,3652.36,27.0,1.0
2025-07-25T08:37:47.029430,bitmex,3652.35,3652.36,29.0,1.0
2025-07-25T08:37:47.048539,bitmex,3652.35,3652.36,31.0,1.0
2025-07-25T08:37:47.048551,bitmex,3652.35,3652.36,31.0,3.0
2025-07-25T08:37:47.048557,bitmex,3652.35,3652.36,29.0,3.0
2025-07-25T08:37:47.059519,bitmex,3652.35,3652.36,31.0,3.0
2025-07-25T08:37:47.059532,bitmex,3652.35,3652.36,31.0,1.0
2025-07-25T08:37:47.065151,bitmex,3652.35,3652.36,31.0,2.0
2025-07-25T08:37:47.066165,bitmex,3652.35,3652.36,29.0,2.0
2025-07-25T08:37:47.068941,bitmex,3652.35,3652.36,29.0,1.0
2025-07-25T08:37:47.070799,bitmex,3652.35,3652.36,31.0,1.0
2025-07-25T08:37:47.074004,bitmex,3652.35,3653.2,31.0,5.0
2025-07-25T08:37:47.075760,bitmex,3652.35,3653.2,29.0,5.0
2025-07-25T08:37:47.076275,bitmex,3652.35,3653.2,29.0,2.0
2025-07-25T08:37:47.101301,bitmex,3652.36,3653.2,9.0,2.0
2025-07-25T08:37:47.109904,bitmex,3652.55,3653.2,2.0,2.0
2025-07-25T08:37:47.116088,bitmex,3652.37,3653.2,2.0,2.0
2025-07-25T08:37:47.116396,bitmex,3652.37,3653.01,2.0,2.0
2025-07-25T08:37:47.120523,bitmex,3652.56,3653.01,2.0,2.0
2025-07-25T08:37:47.120535,bitmex,3652.56,3653.01,4.0,2.0
2025-07-25T08:37:47.125339,bitmex,3652.56,3653.01,2.0,2.0
2025-07-25T08:37:47.127274,bitmex,3652.56,3653.83,2.0,68.0
2025-07-25T08:37:47.129938,bitmex,3652.75,3653.83,2.0,68.0
2025-07-25T08:37:47.134937,bitmex,3652.75,3653.82,2.0,1.0
2025-07-25T08:37:47.135602,bitmex,3652.56,3653.82,2.0,1.0
2025-07-25T08:37:47.138147,bitmex,3652.56,3653.63,2.0,2.0
2025-07-25T08:37:47.141013,bitmex,3652.36,3653.63,9.0,2.0
2025-07-25T08:37:47.142587,bitmex,3652.36,3653.62,9.0,1.0
2025-07-25T08:37:47.148494,bitmex,3652.36,3653.62,9.0,3.0
2025-07-25T08:37:47.153663,bitmex,3652.37,3653.62,2.0,3.0
2025-07-25T08:37:47.157280,bitmex,3652.37,3653.61,2.0,1.0
2025-07-25T08:37:47.157614,bitmex,3652.37,3653.61,4.0,1.0
2025-07-25T08:37:47.162752,bitmex,3652.37,3653.61,4.0,3.0
2025-07-25T08:37:47.187420,blofin,3646.81,3646.82,13613.0,365.0
2025-07-25T08:37:47.383645,bitmex,3652.56,3653.61,2.0,3.0
2025-07-25T08:37:47.390007,bitmex,3652.56,3653.61,4.0,3.0
2025-07-25T08:37:47.392086,bitmex,3652.56,3653.61,2.0,3.0
2025-07-25T08:37:47.399008,bitmex,3652.57,3653.61,2.0,3.0
2025-07-25T08:37:47.399019,bitmex,3652.75,3653.61,2.0,3.0
2025-07-25T08:37:47.399025,bitmex,3652.76,3653.61,2.0,3.0
2025-07-25T08:37:47.415132,bitmex,3652.76,3653.61,4.0,3.0
2025-07-25T08:37:47.419490,bitmex,3652.95,3653.61,2.0,3.0
2025-07-25T08:37:47.423456,bitmex,3652.95,3653.6,2.0,1.0
2025-07-25T08:37:47.428544,bitmex,3652.76,3653.6,2.0,1.0
2025-07-25T08:37:47.432868,bitmex,3652.96,3653.6,2.0,1.0
2025-07-25T08:37:47.436973,bitmex,3653.15,3653.6,2.0,1.0
2025-07-25T08:37:47.436984,bitmex,3653.15,3653.59,2.0,1.0
2025-07-25T08:37:47.441625,bitmex,3652.96,3653.59,2.0,1.0
2025-07-25T08:37:47.456610,bitmex,3652.75,3653.59,2.0,1.0
2025-07-25T08:37:47.456624,bitmex,3652.75,3653.58,2.0,1.0
2025-07-25T08:37:47.466159,bitmex,3652.76,3653.58,2.0,1.0
2025-07-25T08:37:47.470501,bitmex,3652.76,3653.57,2.0,1.0
2025-07-25T08:37:47.651054,bitmex,3652.76,3653.61,2.0,2.0
2025-07-25T08:37:47.652199,blofin,3646.81,3646.82,13613.0,365.0
2025-07-25T08:37:47.659911,bitmex,3652.76,3654.17,2.0,68.0
2025-07-25T08:37:47.692953,bitmex,3652.76,3654.42,2.0,154.0
2025-07-25T08:37:47.711607,bitmex,3652.76,3654.15,2.0,9.0
2025-07-25T08:37:47.712547,bitmex,3652.76,3654.15,2.0,20.0
2025-07-25T08:37:47.718180,bitmex,3652.76,3654.15,2.0,11.0
2025-07-25T08:37:47.718439,bitmex,3652.76,3654.14,2.0,1.0
2025-07-25T08:37:47.808335,bitmart,3648.32,3648.68,122953.0,5733.0
2025-07-25T08:37:48.062211,bitrue,3649.63,3649.72,6.975,5.011
2025-07-25T08:37:48.157454,blofin,3646.89,3646.9,7656.0,113.0
2025-07-25T08:37:48.337481,bitmex,3652.76,3654.13,2.0,1.0
2025-07-25T08:37:48.452664,bitmex,3652.76,3654.13,29.0,1.0
2025-07-25T08:37:48.457409,bitmex,3652.77,3654.13,9.0,1.0
2025-07-25T08:37:48.462889,bitmex,3652.77,3654.12,9.0,1.0
2025-07-25T08:37:48.466253,bitmex,3652.78,3654.12,2.0,1.0
2025-07-25T08:37:48.646544,blofin,3647.36,3647.37,4188.0,6527.0
2025-07-25T08:37:48.718421,bitmart,3649.03,3649.23,246051.0,102631.0
2025-07-25T08:37:48.738361,bitmex,3652.78,3654.11,2.0,1.0
2025-07-25T08:37:49.102556,bitmex,3652.97,3654.11,2.0,1.0
2025-07-25T08:37:49.107844,bitmex,3652.97,3654.1,2.0,1.0
2025-07-25T08:37:49.111058,bitrue,3649.7,3649.8,6.942,5.719
2025-07-25T08:37:49.117578,bitmex,3652.98,3654.1,2.0,1.0
2025-07-25T08:37:49.121355,bitmex,3652.98,3654.09,2.0,1.0
2025-07-25T08:37:49.121366,bitmex,3653.17,3654.09,2.0,1.0
2025-07-25T08:37:49.131894,bitmex,3653.18,3654.09,2.0,1.0
2025-07-25T08:37:49.137908,bitmex,3653.18,3654.08,2.0,1.0
2025-07-25T08:37:49.142673,bitmex,3653.37,3654.08,2.0,1.0
2025-07-25T08:37:49.152582,bitmex,3653.38,3654.08,2.0,1.0
2025-07-25T08:37:49.156334,bitmex,3653.38,3654.07,2.0,1.0
2025-07-25T08:37:49.157128,bitmex,3653.57,3654.07,2.0,1.0
2025-07-25T08:37:49.162722,bitmex,3653.38,3654.07,2.0,1.0
2025-07-25T08:37:49.165228,bitmex,3653.38,3653.88,2.0,2.0
2025-07-25T08:37:49.169157,bitmex,3653.38,3654.42,2.0,154.0
2025-07-25T08:37:49.169173,bitmex,3652.77,3654.42,9.0,154.0
2025-07-25T08:37:49.174868,bitmex,3652.77,3654.41,9.0,1.0
2025-07-25T08:37:49.183112,bitmex,3652.78,3654.41,2.0,1.0
2025-07-25T08:37:49.187204,bitmex,3652.78,3654.4,2.0,1.0
2025-07-25T08:37:49.196603,blofin,3647.36,3647.37,4188.0,6527.0
2025-07-25T08:37:49.247956,bitmex,3652.78,3654.39,2.0,1.0
2025-07-25T08:37:49.268233,bitmex,3652.97,3654.39,2.0,1.0
2025-07-25T08:37:49.271612,bitmex,3652.97,3654.39,4.0,1.0
2025-07-25T08:37:49.271619,bitmex,3652.97,3654.38,4.0,1.0
2025-07-25T08:37:49.294085,bitmex,3652.98,3654.38,2.0,1.0
2025-07-25T08:37:49.294096,bitmex,3652.98,3654.37,2.0,1.0
2025-07-25T08:37:49.494374,bitmex,3653.17,3654.37,2.0,1.0
2025-07-25T08:37:49.498249,bitmex,3653.17,3654.36,2.0,1.0
2025-07-25T08:37:49.498263,bitmex,3653.17,3654.36,4.0,1.0
2025-07-25T08:37:49.502677,bitmex,3653.17,3654.36,2.0,1.0
2025-07-25T08:37:49.502688,bitmex,3653.36,3654.36,2.0,1.0
2025-07-25T08:37:49.507387,bitmex,3653.36,3654.36,4.0,1.0
2025-07-25T08:37:49.512844,bitmex,3653.36,3654.36,2.0,1.0
2025-07-25T08:37:49.512857,bitmex,3653.55,3654.36,2.0,1.0
2025-07-25T08:37:49.518493,bitmex,3653.55,3654.35,2.0,1.0
2025-07-25T08:37:49.523401,bitmex,3653.37,3654.35,2.0,1.0
2025-07-25T08:37:49.528254,bitmex,3653.36,3654.35,2.0,1.0
2025-07-25T08:37:49.533666,bitmex,3653.36,3654.34,2.0,1.0
2025-07-25T08:37:49.540084,bitmex,3653.37,3654.34,2.0,1.0
2025-07-25T08:37:49.543912,bitmex,3653.37,3654.33,2.0,1.0
2025-07-25T08:37:49.545903,bitmex,3653.55,3654.33,2.0,1.0
2025-07-25T08:37:49.547168,bitmex,3653.56,3654.33,2.0,1.0
2025-07-25T08:37:49.552330,bitmex,3653.37,3654.33,4.0,1.0
2025-07-25T08:37:49.554683,bitmex,3653.37,3654.33,2.0,1.0
2025-07-25T08:37:49.557044,bitmex,3653.37,3654.32,2.0,1.0
2025-07-25T08:37:49.566395,bitmex,3653.56,3654.32,2.0,1.0
2025-07-25T08:37:49.566404,bitmex,3653.37,3654.32,2.0,1.0
2025-07-25T08:37:49.569315,bitmex,3653.37,3654.31,2.0,1.0
2025-07-25T08:37:49.569325,bitmex,3653.38,3654.31,2.0,1.0
2025-07-25T08:37:49.571163,bitmex,3653.56,3654.31,2.0,1.0
2025-07-25T08:37:49.574631,bitmex,3653.57,3654.31,2.0,1.0
2025-07-25T08:37:49.582558,bitmex,3653.37,3654.31,2.0,1.0
2025-07-25T08:37:49.583072,bitmex,3653.37,3654.12,2.0,1.0
2025-07-25T08:37:49.587518,bitmex,3653.56,3654.12,2.0,1.0
2025-07-25T08:37:49.587709,bitmex,3653.56,3654.11,2.0,1.0
2025-07-25T08:37:49.593707,bitmex,3653.56,3653.92,2.0,2.0
2025-07-25T08:37:49.594410,bitmex,3653.37,3653.92,2.0,2.0
2025-07-25T08:37:49.597062,bitmex,3653.37,3653.92,4.0,2.0
2025-07-25T08:37:49.597536,bitmex,3653.37,3654.31,4.0,1.0
2025-07-25T08:37:49.599467,bitmex,3653.56,3654.31,2.0,1.0
2025-07-25T08:37:49.606098,bitmex,3653.37,3654.31,4.0,1.0
2025-07-25T08:37:49.606108,bitmex,3653.37,3654.3,4.0,1.0
2025-07-25T08:37:49.615170,bitmex,3653.37,3654.3,2.0,1.0
2025-07-25T08:37:49.633465,bitmex,3653.38,3654.3,2.0,1.0
2025-07-25T08:37:49.637103,bitmex,3653.38,3654.29,2.0,1.0
2025-07-25T08:37:49.637117,bitmex,3653.57,3654.29,2.0,1.0
2025-07-25T08:37:49.652283,blofin,3647.45,3647.46,11464.0,40.0
2025-07-25T08:37:49.652301,bitmex,3653.37,3654.29,2.0,1.0
2025-07-25T08:37:49.657274,bitmex,3653.37,3654.28,2.0,1.0
2025-07-25T08:37:49.663645,bitmex,3653.56,3654.28,2.0,1.0
2025-07-25T08:37:49.670502,bitmex,3653.56,3654.27,2.0,1.0
2025-07-25T08:37:49.675845,bitmex,3653.38,3654.27,2.0,1.0
2025-07-25T08:37:49.683044,bitmex,3653.37,3654.27,2.0,1.0
2025-07-25T08:37:49.683055,bitmex,3653.57,3654.27,2.0,1.0
2025-07-25T08:37:49.684648,bitmex,3653.56,3654.27,2.0,1.0
2025-07-25T08:37:49.688821,bitmex,3653.37,3654.27,2.0,1.0
2025-07-25T08:37:49.693982,bitmex,3653.56,3654.27,2.0,1.0
2025-07-25T08:37:49.703709,bitmex,3653.38,3654.27,2.0,1.0
2025-07-25T08:37:49.704893,bitmex,3653.57,3654.27,2.0,1.0
2025-07-25T08:37:49.710829,bitmex,3653.57,3654.27,4.0,1.0
2025-07-25T08:37:49.716353,bitmex,3653.57,3654.27,2.0,1.0
2025-07-25T08:37:49.716364,bitmex,3653.76,3654.27,2.0,1.0
2025-07-25T08:37:49.726577,bitmex,3653.57,3654.27,2.0,1.0
2025-07-25T08:37:49.726589,bitmex,3653.76,3654.27,2.0,1.0
2025-07-25T08:37:49.734160,bitmex,3653.37,3654.27,2.0,1.0
2025-07-25T08:37:49.736717,bitmex,3653.37,3654.08,2.0,1.0
2025-07-25T08:37:49.743580,bitmex,3653.38,3654.08,2.0,1.0
2025-07-25T08:37:49.749890,bitmex,3653.57,3654.08,2.0,1.0
2025-07-25T08:37:49.749907,bitmex,3653.57,3654.46,2.0,2.0
2025-07-25T08:37:49.761241,bitmex,3653.58,3654.46,2.0,2.0
2025-07-25T08:37:49.764564,bitmex,3653.58,3654.45,2.0,1.0
2025-07-25T08:37:49.770502,bitmex,3653.58,3654.45,2.0,3.0
2025-07-25T08:37:49.774995,bitmex,3653.58,3654.26,2.0,2.0
2025-07-25T08:37:49.779508,bitmart,3649.22,3649.5,184937.0,139191.0
2025-07-25T08:37:49.779758,bitmex,3653.58,3654.45,2.0,3.0
2025-07-25T08:37:49.779770,bitmex,3653.58,3654.45,2.0,2.0
2025-07-25T08:37:49.779966,bitmex,3653.77,3654.45,2.0,2.0
2025-07-25T08:37:49.783993,bitmex,3653.77,3654.44,2.0,1.0
2025-07-25T08:37:49.785075,bitmex,3653.58,3654.44,2.0,1.0
2025-07-25T08:37:49.789512,bitmex,3653.58,3654.25,2.0,2.0
2025-07-25T08:37:49.800142,bitmex,3653.37,3654.25,2.0,2.0
2025-07-25T08:37:49.800154,bitmex,3653.37,3654.45,2.0,2.0
2025-07-25T08:37:49.803211,bitmex,3653.37,3654.44,2.0,1.0
2025-07-25T08:37:49.805932,bitmex,3653.38,3654.44,2.0,1.0
2025-07-25T08:37:49.810463,bitmex,3653.57,3654.44,2.0,1.0
2025-07-25T08:37:49.817124,bitmex,3653.57,3654.43,2.0,1.0
2025-07-25T08:37:49.817134,bitmex,3653.38,3654.43,2.0,1.0
2025-07-25T08:37:49.822747,bitmex,3653.37,3654.43,2.0,1.0
2025-07-25T08:37:49.827817,bitmex,3653.37,3654.42,2.0,1.0
2025-07-25T08:37:49.834844,bitmex,3653.38,3654.42,2.0,1.0
2025-07-25T08:37:49.840724,bitmex,3653.38,3654.41,2.0,1.0
2025-07-25T08:37:49.971858,bitmex,3653.38,3654.22,2.0,1.0
2025-07-25T08:37:49.976737,bitmex,3653.38,3654.21,2.0,1.0
2025-07-25T08:37:49.990879,bitmex,3653.38,3654.21,2.0,3.0
2025-07-25T08:37:50.030469,bitmex,3653.57,3654.21,2.0,3.0
2025-07-25T08:37:50.034825,bitmex,3653.57,3654.2,2.0,1.0
2025-07-25T08:37:50.035011,bitmex,3653.38,3654.2,2.0,1.0
2025-07-25T08:37:50.042364,bitmex,3653.37,3654.2,2.0,1.0
2025-07-25T08:37:50.047124,bitmex,3653.37,3654.19,2.0,1.0
2025-07-25T08:37:50.070444,bitmex,3653.38,3654.19,2.0,1.0
2025-07-25T08:37:50.070456,bitmex,3653.56,3654.19,2.0,1.0
2025-07-25T08:37:50.071003,bitmex,3653.38,3654.19,2.0,1.0
2025-07-25T08:37:50.071014,bitmex,3653.57,3654.19,2.0,1.0
2025-07-25T08:37:50.081290,bitmex,3653.56,3654.19,2.0,1.0
2025-07-25T08:37:50.081913,bitmex,3653.58,3654.19,2.0,1.0
2025-07-25T08:37:50.088985,bitmex,3653.75,3654.19,2.0,1.0
2025-07-25T08:37:50.092556,bitmex,3653.77,3654.19,2.0,1.0
2025-07-25T08:37:50.155214,bitmex,3653.77,3654.0,2.0,2.0
2025-07-25T08:37:50.159936,bitrue,3649.95,3650.04,7.415,0.392
2025-07-25T08:37:50.160173,bitmex,3653.37,3654.0,2.0,2.0
2025-07-25T08:37:50.163050,bitmex,3653.37,3653.78,2.0,1.0
2025-07-25T08:37:50.164963,bitmex,3653.56,3653.78,2.0,1.0
2025-07-25T08:37:50.168922,bitmex,3653.56,3653.77,2.0,1.0
2025-07-25T08:37:50.172254,bitmex,3653.37,3653.77,2.0,1.0
2025-07-25T08:37:50.172268,bitmex,3653.37,3653.59,2.0,1.0
2025-07-25T08:37:50.173957,bitmex,3653.37,3653.58,2.0,2.0
2025-07-25T08:37:50.177302,bitmex,3653.56,3653.58,2.0,2.0
2025-07-25T08:37:50.177312,bitmex,3653.56,3654.21,2.0,2.0
2025-07-25T08:37:50.183840,bitmex,3653.37,3654.21,2.0,2.0
2025-07-25T08:37:50.188270,bitmex,3653.37,3654.2,2.0,1.0
2025-07-25T08:37:50.197618,bitmex,3653.37,3654.2,4.0,1.0
2025-07-25T08:37:50.226155,blofin,3647.66,3647.9,11156.0,131.0
2025-07-25T08:37:50.487901,bitmex,3653.37,3654.2,2.0,1.0
2025-07-25T08:37:50.490219,bitmex,3653.37,3654.01,2.0,2.0
2025-07-25T08:37:50.490232,bitmex,3652.77,3654.01,9.0,2.0
2025-07-25T08:37:50.546481,bitmex,3652.77,3654.0,9.0,1.0
2025-07-25T08:37:50.546495,bitmex,3652.78,3654.0,2.0,1.0
2025-07-25T08:37:50.546502,bitmex,3652.78,3653.99,2.0,1.0
2025-07-25T08:37:50.647280,blofin,3647.66,3647.9,11156.0,131.0
2025-07-25T08:37:50.710010,bitmex,3652.97,3653.99,2.0,1.0
2025-07-25T08:37:50.714111,bitmex,3652.97,3653.98,2.0,1.0
2025-07-25T08:37:50.718975,bitmart,3649.44,3649.45,102338.0,179622.0
2025-07-25T08:37:50.723412,bitmex,3652.98,3653.98,2.0,1.0
2025-07-25T08:37:50.727953,bitmex,3652.98,3653.97,2.0,1.0
2025-07-25T08:37:50.926383,bitmex,3653.17,3653.97,2.0,1.0
2025-07-25T08:37:50.931697,bitmex,3653.17,3653.96,2.0,1.0
2025-07-25T08:37:50.931707,bitmex,3652.98,3653.96,2.0,1.0
2025-07-25T08:37:50.942211,bitmex,3653.18,3653.96,2.0,1.0
2025-07-25T08:37:50.951006,bitmex,3653.18,3653.95,2.0,1.0
2025-07-25T08:37:51.075757,bitmex,3653.37,3653.95,2.0,1.0
2025-07-25T08:37:51.079586,bitmex,3653.37,3653.94,2.0,1.0
2025-07-25T08:37:51.079598,bitmex,3653.18,3653.94,2.0,1.0
2025-07-25T08:37:51.086959,bitmex,3652.77,3653.94,9.0,1.0
2025-07-25T08:37:51.108967,bitmex,3652.78,3653.94,2.0,1.0
2025-07-25T08:37:51.111239,bitmex,3652.97,3653.94,2.0,1.0
2025-07-25T08:37:51.121449,bitmex,3652.98,3653.94,2.0,1.0
2025-07-25T08:37:51.126186,bitmex,3653.17,3653.94,2.0,1.0
2025-07-25T08:37:51.130895,bitmex,3653.17,3653.93,2.0,1.0
2025-07-25T08:37:51.134496,bitmex,3652.98,3653.93,2.0,1.0
2025-07-25T08:37:51.138142,bitmex,3652.77,3653.93,9.0,1.0
2025-07-25T08:37:51.145187,bitmex,3652.77,3653.92,9.0,1.0
2025-07-25T08:37:51.150951,bitmex,3652.78,3653.92,2.0,1.0
2025-07-25T08:37:51.155374,bitmex,3652.97,3653.92,2.0,1.0
2025-07-25T08:37:51.155386,bitmex,3652.97,3653.91,2.0,1.0
2025-07-25T08:37:51.160394,bitmex,3652.97,3653.91,4.0,1.0
2025-07-25T08:37:51.164114,bitmex,3653.16,3653.91,2.0,1.0
2025-07-25T08:37:51.164563,blofin,3647.87,3647.88,7402.5,3619.0
2025-07-25T08:37:51.169165,bitmex,3653.16,3653.9,2.0,1.0
2025-07-25T08:37:51.169256,bitmex,3653.16,3653.9,4.0,1.0
2025-07-25T08:37:51.172698,bitmex,3653.16,3653.9,2.0,1.0
2025-07-25T08:37:51.173835,bitmex,3653.35,3653.9,2.0,1.0
2025-07-25T08:37:51.182660,bitmex,3653.35,3653.71,2.0,2.0
2025-07-25T08:37:51.185196,bitmex,3653.17,3653.71,2.0,2.0
2025-07-25T08:37:51.189683,bitmex,3653.17,3653.7,2.0,1.0
2025-07-25T08:37:51.192999,bitmex,3653.16,3653.7,2.0,1.0
2025-07-25T08:37:51.216979,bitmex,3653.35,3653.7,2.0,1.0
2025-07-25T08:37:51.225600,bitmex,3653.16,3653.7,2.0,1.0
2025-07-25T08:37:51.301245,bitmex,3653.35,3653.7,2.0,1.0
2025-07-25T08:37:51.306364,bitmex,3653.35,3653.69,2.0,1.0
2025-07-25T08:37:51.311004,bitmex,3653.16,3653.69,2.0,1.0
2025-07-25T08:37:51.318860,bitmex,3653.35,3653.69,2.0,1.0
2025-07-25T08:37:51.323143,bitmex,3653.35,3653.68,2.0,1.0
2025-07-25T08:37:51.328189,bitmex,3653.16,3653.68,2.0,1.0
2025-07-25T08:37:51.347971,bitmex,3653.35,3653.68,2.0,1.0
2025-07-25T08:37:51.351991,bitmex,3653.35,3653.67,2.0,1.0
2025-07-25T08:37:51.366642,bitmex,3653.16,3653.67,2.0,1.0
2025-07-25T08:37:51.366656,bitmex,3653.35,3653.67,2.0,1.0
2025-07-25T08:37:51.366663,bitmex,3653.35,3653.66,2.0,1.0
2025-07-25T08:37:51.368419,bitmex,3653.16,3653.66,2.0,1.0
2025-07-25T08:37:51.384424,bitmex,3653.35,3653.66,2.0,1.0
2025-07-25T08:37:51.403118,bitmex,3653.16,3653.66,2.0,1.0
2025-07-25T08:37:51.403131,bitmex,3653.35,3653.66,2.0,1.0
2025-07-25T08:37:51.407321,bitmex,3653.16,3653.66,2.0,1.0
2025-07-25T08:37:51.414977,bitmex,3653.35,3653.66,2.0,1.0
2025-07-25T08:37:51.456222,bitmex,3653.16,3653.66,2.0,1.0
2025-07-25T08:37:51.475881,bitmex,3653.35,3653.66,2.0,1.0
2025-07-25T08:37:51.483120,bitmex,3653.16,3653.66,2.0,1.0
2025-07-25T08:37:51.489438,bitmex,3653.35,3653.66,2.0,1.0
2025-07-25T08:37:51.498371,bitmex,3653.16,3653.66,2.0,1.0
2025-07-25T08:37:51.505859,bitmex,3653.35,3653.66,2.0,1.0
2025-07-25T08:37:51.518018,bitmex,3653.16,3653.66,2.0,1.0
2025-07-25T08:37:51.539718,bitmex,3653.35,3653.66,2.0,1.0
2025-07-25T08:37:51.546819,bitmex,3653.16,3653.66,2.0,1.0
2025-07-25T08:37:51.547862,bitmex,3653.35,3653.66,2.0,1.0
2025-07-25T08:37:51.560493,bitmex,3653.16,3653.66,2.0,1.0
2025-07-25T08:37:51.562615,bitmex,3653.16,3653.47,2.0,2.0
2025-07-25T08:37:51.572061,bitmex,3653.16,3654.53,2.0,5.0
2025-07-25T08:37:51.572078,bitmex,3653.16,3654.53,2.0,2.0
2025-07-25T08:37:51.579741,bitmex,3653.17,3654.53,2.0,2.0
2025-07-25T08:37:51.585298,bitmex,3653.17,3654.52,2.0,1.0
2025-07-25T08:37:51.656151,blofin,3647.61,3647.62,1615.0,31247.0
2025-07-25T08:37:51.771815,bitmart,3649.22,3649.23,36792.0,321060.0
2025-07-25T08:37:52.152395,blofin,3647.61,3647.62,1615.0,31247.0
2025-07-25T08:37:52.246164,bitmex,3653.17,3654.52,2.0,3.0
2025-07-25T08:37:52.246181,bitmex,3653.17,3654.52,4.0,3.0
2025-07-25T08:37:52.371668,bitmex,3653.17,3654.52,31.0,3.0
2025-07-25T08:37:52.651039,blofin,3647.61,3647.62,1615.0,31222.1
2025-07-25T08:37:52.803475,bitmart,3649.22,3649.23,82570.0,289923.0
2025-07-25T08:37:53.120928,bitmex,3653.17,3654.51,31.0,2.0
2025-07-25T08:37:53.125859,bitmex,3653.17,3654.5,31.0,1.0
2025-07-25T08:37:53.130509,bitmex,3653.17,3654.5,31.0,3.0
2025-07-25T08:37:53.210268,blofin,3647.61,3647.62,5209.0,23919.0
2025-07-25T08:37:53.247190,bitmex,3653.17,3654.31,31.0,2.0
2025-07-25T08:37:53.251910,bitmex,3653.17,3654.31,29.0,2.0
2025-07-25T08:37:53.259842,bitmex,3653.17,3654.31,29.0,4.0
2025-07-25T08:37:53.259855,bitmex,3653.17,3654.3,29.0,1.0
2025-07-25T08:37:53.266023,bitmex,3653.17,3654.11,29.0,1.0
2025-07-25T08:37:53.267924,bitmex,3653.17,3654.1,29.0,1.0
2025-07-25T08:37:53.278580,bitmex,3653.17,3653.18,29.0,1.0
2025-07-25T08:37:53.279923,bitmex,3653.17,3653.18,29.0,3.0
2025-07-25T08:37:53.282569,bitmex,3653.17,3653.18,27.0,3.0
2025-07-25T08:37:53.289029,bitmex,3653.17,3653.18,29.0,3.0
2025-07-25T08:37:53.290473,bitmex,3653.17,3653.18,29.0,1.0
2025-07-25T08:37:53.290483,bitmex,3653.17,3653.18,27.0,1.0
2025-07-25T08:37:53.297310,bitmex,3653.17,3653.18,29.0,1.0
2025-07-25T08:37:53.300618,bitmex,3653.17,3653.18,29.0,3.0
2025-07-25T08:37:53.306725,bitmex,3653.17,3653.18,27.0,3.0
2025-07-25T08:37:53.306737,bitmex,3653.17,3653.18,27.0,1.0
2025-07-25T08:37:53.322862,bitmex,3653.17,3653.18,27.0,3.0
2025-07-25T08:37:53.322875,bitmex,3653.17,3653.18,27.0,1.0
2025-07-25T08:37:53.322888,bitmex,3653.17,3653.18,29.0,1.0
2025-07-25T08:37:53.327659,bitmex,3653.17,3653.18,29.0,3.0
2025-07-25T08:37:53.328452,bitmex,3653.17,3653.18,27.0,3.0
2025-07-25T08:37:53.332867,bitmex,3653.17,3653.18,27.0,1.0
2025-07-25T08:37:53.414852,bitmex,3653.17,3653.18,29.0,1.0
2025-07-25T08:37:53.414864,bitmex,3653.17,3653.18,29.0,3.0
2025-07-25T08:37:53.414869,bitmex,3653.17,3653.18,27.0,3.0
2025-07-25T08:37:53.414878,bitmex,3653.17,3653.18,27.0,1.0
2025-07-25T08:37:53.414883,bitmex,3653.17,3653.18,29.0,1.0
2025-07-25T08:37:53.414888,bitmex,3653.17,3653.18,29.0,3.0
2025-07-25T08:37:53.414894,bitmex,3653.17,3653.18,29.0,1.0
2025-07-25T08:37:53.414900,bitmex,3653.17,3653.18,27.0,1.0
2025-07-25T08:37:53.414904,bitmex,3653.17,3653.18,27.0,3.0
2025-07-25T08:37:53.414909,bitmex,3653.17,3653.18,27.0,1.0
2025-07-25T08:37:53.414913,bitmex,3653.17,3653.18,29.0,1.0
2025-07-25T08:37:53.414918,bitmex,3653.17,3653.18,27.0,1.0
2025-07-25T08:37:53.414922,bitmex,3653.17,3653.18,27.0,3.0
2025-07-25T08:37:53.414927,bitmex,3653.17,3653.18,27.0,1.0
2025-07-25T08:37:53.414931,bitmex,3653.17,3653.18,29.0,1.0
2025-07-25T08:37:53.414935,bitmex,3653.17,3653.18,29.0,3.0
2025-07-25T08:37:53.414940,bitmex,3653.17,3653.18,27.0,3.0
2025-07-25T08:37:53.414949,bitmex,3653.17,3653.18,27.0,1.0
2025-07-25T08:37:53.414953,bitmex,3653.17,3653.18,27.0,3.0
2025-07-25T08:37:53.420860,bitmex,3653.17,3653.18,27.0,1.0
2025-07-25T08:37:53.420880,bitmex,3653.17,3653.18,29.0,1.0
2025-07-25T08:37:53.427207,bitmex,3653.17,3653.18,27.0,1.0
2025-07-25T08:37:53.431364,bitmex,3653.17,3653.18,27.0,3.0
2025-07-25T08:37:53.437959,bitmex,3653.17,3653.18,29.0,3.0
2025-07-25T08:37:53.437969,bitmex,3653.17,3653.18,29.0,1.0
2025-07-25T08:37:53.446321,bitmex,3653.17,3653.18,27.0,1.0
2025-07-25T08:37:53.449670,bitmex,3653.17,3653.18,27.0,3.0
2025-07-25T08:37:53.455959,bitmex,3653.17,3653.18,29.0,3.0
2025-07-25T08:37:53.458045,bitmex,3653.17,3653.18,29.0,1.0
2025-07-25T08:37:53.460957,bitmex,3653.17,3653.18,27.0,1.0
2025-07-25T08:37:53.465154,bitmex,3653.17,3653.18,27.0,3.0
2025-07-25T08:37:53.474701,bitmex,3653.17,3653.18,27.0,1.0
2025-07-25T08:37:53.476610,bitmex,3653.17,3653.18,29.0,1.0
2025-07-25T08:37:53.516032,bitmex,3653.17,3653.18,27.0,1.0
2025-07-25T08:37:53.516045,bitmex,3653.17,3653.18,27.0,3.0
2025-07-25T08:37:53.520931,bitmex,3653.17,3653.18,27.0,1.0
2025-07-25T08:37:53.523612,bitmex,3653.17,3653.18,29.0,1.0
2025-07-25T08:37:53.537361,bitmex,3653.17,3653.18,27.0,1.0
2025-07-25T08:37:53.537372,bitmex,3653.17,3653.18,27.0,3.0
2025-07-25T08:37:53.544484,bitmex,3653.17,3653.18,27.0,1.0
2025-07-25T08:37:53.550748,bitmex,3653.17,3653.18,29.0,1.0
2025-07-25T08:37:53.560004,bitmex,3653.17,3653.18,27.0,1.0
2025-07-25T08:37:53.560016,bitmex,3653.17,3653.18,27.0,3.0
2025-07-25T08:37:53.563021,bitmex,3653.17,3653.18,29.0,3.0
2025-07-25T08:37:53.563035,bitmex,3653.17,3653.18,29.0,1.0
2025-07-25T08:37:53.568868,bitmex,3653.17,3653.18,27.0,1.0
2025-07-25T08:37:53.572974,bitmex,3653.17,3653.18,27.0,3.0
2025-07-25T08:37:53.576290,bitmex,3653.17,3653.18,29.0,3.0
2025-07-25T08:37:53.576303,bitmex,3653.17,3653.18,29.0,1.0
2025-07-25T08:37:53.582880,bitmex,3653.17,3653.18,27.0,1.0
2025-07-25T08:37:53.587583,bitmex,3653.17,3653.18,27.0,3.0
2025-07-25T08:37:53.591838,bitmex,3653.17,3653.18,29.0,3.0
2025-07-25T08:37:53.592814,bitmex,3653.17,3653.18,29.0,1.0
2025-07-25T08:37:53.597581,bitmex,3653.17,3653.18,27.0,1.0
2025-07-25T08:37:53.602076,bitmex,3653.17,3653.18,27.0,3.0
2025-07-25T08:37:53.614517,bitmex,3653.17,3653.18,29.0,3.0
2025-07-25T08:37:53.614529,bitmex,3653.17,3653.18,29.0,1.0
2025-07-25T08:37:53.653598,blofin,3647.61,3647.62,5209.0,23919.0
2025-07-25T08:37:53.657231,bitmex,3653.17,3653.18,27.0,1.0
2025-07-25T08:37:53.726656,bitmart,3648.68,3649.23,96714.0,316335.0
2025-07-25T08:37:53.946339,bitmex,3653.17,3654.01,27.0,4.0
2025-07-25T08:37:53.950996,bitmex,3653.17,3654.01,27.0,2.0
2025-07-25T08:37:54.188152,bitmex,3653.17,3653.82,27.0,1.0
2025-07-25T08:37:54.192855,bitmex,3653.17,3653.81,27.0,1.0
2025-07-25T08:37:54.196411,bitmex,3653.17,3653.62,27.0,2.0
2025-07-25T08:37:54.199576,blofin,3647.24,3647.25,1325.0,55507.0
2025-07-25T08:37:54.203759,bitmex,3653.17,3653.61,27.0,1.0
2025-07-25T08:37:54.204398,bitmex,3653.17,3653.18,27.0,1.0
2025-07-25T08:37:54.211626,bitmex,3653.17,3653.18,27.0,3.0
2025-07-25T08:37:54.223301,bitmex,3653.17,3653.18,29.0,3.0
2025-07-25T08:37:54.223929,bitmex,3653.17,3653.18,29.0,1.0
2025-07-25T08:37:54.231977,bitmex,3653.17,3653.18,27.0,1.0
2025-07-25T08:37:54.349652,bitrue,3649.57,3649.66,4.44,5.916
2025-07-25T08:37:54.514857,bitmex,3653.17,3653.18,27.0,3.0
2025-07-25T08:37:54.514873,bitmex,3653.17,3653.18,29.0,3.0
2025-07-25T08:37:54.519281,bitmex,3653.17,3653.18,29.0,1.0
2025-07-25T08:37:54.520493,bitmex,3653.17,3653.18,27.0,1.0
2025-07-25T08:37:54.524918,bitmex,3653.17,3653.18,27.0,3.0
2025-07-25T08:37:54.529319,bitmex,3653.17,3653.18,29.0,3.0
2025-07-25T08:37:54.530777,bitmex,3653.17,3653.18,29.0,1.0
2025-07-25T08:37:54.552281,bitmex,3653.17,3653.18,27.0,1.0
2025-07-25T08:37:54.552448,bitmex,3653.17,3653.18,27.0,3.0
2025-07-25T08:37:54.556461,bitmex,3653.17,3653.18,27.0,1.0
2025-07-25T08:37:54.561343,bitmex,3653.17,3653.18,29.0,1.0
2025-07-25T08:37:54.653709,blofin,3647.24,3647.25,3636.0,28040.0
2025-07-25T08:37:54.680966,bitmex,3653.17,3653.18,27.0,1.0
2025-07-25T08:37:54.680983,bitmex,3653.17,3653.18,27.0,3.0
2025-07-25T08:37:54.689325,bitmex,3653.17,3653.18,27.0,1.0
2025-07-25T08:37:54.691989,bitmex,3653.17,3653.18,29.0,1.0
2025-07-25T08:37:54.721596,bitmex,3653.17,3653.18,27.0,1.0
2025-07-25T08:37:54.721611,bitmex,3653.17,3653.18,27.0,3.0
2025-07-25T08:37:54.731450,bitmex,3653.17,3653.18,29.0,3.0
2025-07-25T08:37:54.731468,bitmex,3653.17,3653.18,29.0,1.0
2025-07-25T08:37:54.738998,bitmex,3653.17,3653.61,29.0,1.0
2025-07-25T08:37:54.746985,bitmex,3653.17,3653.61,27.0,1.0
2025-07-25T08:37:54.746997,bitmex,3653.36,3653.61,2.0,1.0
2025-07-25T08:37:54.747003,bitmex,3653.36,3654.32,2.0,9.0
2025-07-25T08:37:54.747010,bitmex,3653.36,3654.44,2.0,5.0
2025-07-25T08:37:54.751253,bitmex,3653.17,3654.44,27.0,5.0
2025-07-25T08:37:54.751262,bitmex,3653.17,3653.42,27.0,2.0
2025-07-25T08:37:54.754231,bitmex,3653.17,3654.83,27.0,4.0
2025-07-25T08:37:54.754241,bitmex,3653.36,3654.83,2.0,4.0
2025-07-25T08:37:54.756260,bitmex,3653.36,3654.43,2.0,1.0
2025-07-25T08:37:54.759873,bitmart,3648.8,3648.87,175740.0,157294.0
2025-07-25T08:37:54.765585,bitmex,3653.17,3654.43,27.0,1.0
2025-07-25T08:37:54.770917,bitmex,3653.17,3654.24,27.0,2.0
2025-07-25T08:37:54.777390,bitmex,3653.17,3654.23,27.0,1.0
2025-07-25T08:37:54.849172,bitmex,3653.17,3654.04,27.0,2.0
2025-07-25T08:37:54.855921,bitmex,3653.17,3654.03,27.0,1.0
2025-07-25T08:37:54.875439,bitmex,3653.17,3653.84,27.0,2.0
2025-07-25T08:37:54.880510,bitmex,3653.17,3653.83,27.0,1.0
2025-07-25T08:37:54.884480,bitmex,3653.17,3653.64,27.0,2.0
2025-07-25T08:37:54.890592,bitmex,3653.17,3654.24,27.0,68.0
2025-07-25T08:37:54.895655,bitmex,3653.17,3654.05,27.0,2.0
2025-07-25T08:37:54.975458,bitmex,3653.17,3654.24,27.0,68.0
2025-07-25T08:37:54.981999,bitmex,3653.17,3654.05,27.0,2.0
2025-07-25T08:37:54.984465,bitmex,3653.17,3654.04,27.0,1.0
2025-07-25T08:37:55.148823,bitmex,3653.17,3653.85,27.0,2.0
2025-07-25T08:37:55.179326,bitmex,3653.17,3653.84,27.0,1.0
2025-07-25T08:37:55.179339,bitmex,3653.17,3653.65,27.0,2.0
2025-07-25T08:37:55.179345,bitmex,3653.17,3654.24,27.0,68.0
2025-07-25T08:37:55.179351,bitmex,3653.17,3653.64,27.0,1.0
2025-07-25T08:37:55.179357,bitmex,3653.17,3653.45,27.0,2.0
2025-07-25T08:37:55.179363,bitmex,3653.17,3653.44,27.0,1.0
2025-07-25T08:37:55.179368,bitmex,3653.36,3653.44,2.0,1.0
2025-07-25T08:37:55.179374,bitmex,3653.17,3653.44,27.0,1.0
2025-07-25T08:37:55.182518,bitmex,3653.17,3653.37,27.0,2.0
2025-07-25T08:37:55.182530,bitmex,3653.17,3653.25,27.0,2.0
2025-07-25T08:37:55.185098,bitmex,3653.17,3653.44,27.0,1.0
2025-07-25T08:37:55.189316,bitmex,3653.24,3653.44,2.0,1.0
2025-07-25T08:37:55.189464,bitmex,3653.36,3653.44,2.0,1.0
2025-07-25T08:37:55.193968,bitmex,3653.36,3653.43,2.0,1.0
2025-07-25T08:37:55.197696,bitmex,3653.36,3653.37,2.0,2.0
2025-07-25T08:37:55.197967,bitmex,3653.17,3653.37,27.0,2.0
2025-07-25T08:37:55.205962,bitmex,3653.17,3654.24,27.0,68.0
2025-07-25T08:37:55.205972,bitmex,3653.36,3654.24,2.0,68.0
2025-07-25T08:37:55.207475,blofin,3647.24,3647.25,3636.0,28040.0
2025-07-25T08:37:55.208642,bitmex,3653.36,3654.23,2.0,1.0
2025-07-25T08:37:55.208654,bitmex,3653.36,3654.05,2.0,2.0
2025-07-25T08:37:55.208659,bitmex,3653.17,3654.05,27.0,2.0
2025-07-25T08:37:55.227757,bitmex,3653.17,3654.04,27.0,2.0
2025-07-25T08:37:55.227770,bitmex,3653.17,3654.04,27.0,3.0
2025-07-25T08:37:55.280928,bitmex,3653.17,3653.85,27.0,1.0
2025-07-25T08:37:55.286150,bitmex,3653.17,3653.84,27.0,1.0
2025-07-25T08:37:55.289179,bitmex,3653.17,3653.65,27.0,2.0
2025-07-25T08:37:55.293333,bitmex,3653.17,3653.64,27.0,1.0
2025-07-25T08:37:55.297519,bitmex,3653.17,3653.45,27.0,2.0
2025-07-25T08:37:55.301997,bitmex,3653.17,3653.44,27.0,1.0
2025-07-25T08:37:55.304020,bitmex,3653.36,3653.44,2.0,1.0
2025-07-25T08:37:55.311181,bitmex,3653.17,3653.44,27.0,1.0
2025-07-25T08:37:55.532217,bitmex,3653.36,3653.44,2.0,1.0
2025-07-25T08:37:55.532231,bitmex,3653.17,3653.44,27.0,1.0
2025-07-25T08:37:55.648055,blofin,3647.24,3647.25,3636.0,28040.0
2025-07-25T08:37:55.776595,bitmart,3648.86,3648.87,125804.0,93869.0
2025-07-25T08:37:55.932603,bitmex,3653.17,3653.25,27.0,2.0
2025-07-25T08:37:55.932616,bitmex,3653.17,3653.44,27.0,1.0
2025-07-25T08:37:55.944153,bitmex,3653.17,3654.24,27.0,68.0
2025-07-25T08:37:55.944170,bitmex,3653.17,3653.18,27.0,2.0
2025-07-25T08:37:55.944411,bitmex,3653.17,3654.24,27.0,68.0
2025-07-25T08:37:56.094341,bitmex,3653.17,3654.78,27.0,4.0
2025-07-25T08:37:56.101123,bitmex,3653.17,3654.59,27.0,1.0
2025-07-25T08:37:56.106627,bitmex,3653.17,3654.58,27.0,1.0
2025-07-25T08:37:56.114192,bitmex,3653.17,3654.58,27.0,3.0
2025-07-25T08:37:56.164162,bitmex,3653.17,3654.39,27.0,1.0
2025-07-25T08:37:56.168198,bitmex,3653.17,3654.39,27.0,3.0
2025-07-25T08:37:56.168211,bitmex,3653.17,3654.38,27.0,1.0
2025-07-25T08:37:56.175286,bitmex,3653.17,3654.38,27.0,3.0
2025-07-25T08:37:56.197740,bitmex,3653.17,3654.37,27.0,68.0
2025-07-25T08:37:56.200006,bitmex,3653.18,3654.37,2.0,68.0
2025-07-25T08:37:56.200019,bitmex,3653.18,3654.37,2.0,70.0
2025-07-25T08:37:56.200649,bitmex,3653.18,3654.36,2.0,1.0
2025-07-25T08:37:56.229119,blofin,3647.32,3647.33,9676.0,2521.0
2025-07-25T08:37:56.296249,bitmex,3653.18,3654.17,2.0,1.0
2025-07-25T08:37:56.301397,bitmex,3653.18,3654.16,2.0,1.0
2025-07-25T08:37:56.305455,bitmex,3653.18,3653.97,2.0,1.0
2025-07-25T08:37:56.309043,bitmex,3653.18,3653.96,2.0,1.0
2025-07-25T08:37:56.351753,bitmex,3653.18,3653.77,2.0,2.0
2025-07-25T08:37:56.355989,bitmex,3653.18,3653.76,2.0,1.0
2025-07-25T08:37:56.361723,bitmex,3653.18,3653.57,2.0,2.0
2025-07-25T08:37:56.361735,bitmex,3653.18,3653.19,2.0,1.0
2025-07-25T08:37:56.366602,bitmex,3653.18,3653.19,2.0,3.0
2025-07-25T08:37:56.379913,bitmex,3653.18,3653.19,29.0,3.0
2025-07-25T08:37:56.384894,bitmex,3653.18,3653.19,29.0,1.0
2025-07-25T08:37:56.385697,bitmex,3653.18,3653.19,31.0,1.0
2025-07-25T08:37:56.416027,bitmex,3653.18,3653.19,29.0,1.0
2025-07-25T08:37:56.416348,bitmex,3653.18,3653.19,29.0,3.0
2025-07-25T08:37:56.422233,bitmex,3653.18,3653.19,29.0,1.0
2025-07-25T08:37:56.426019,bitmex,3653.18,3653.19,31.0,1.0
2025-07-25T08:37:56.449272,bitmex,3653.18,3653.19,29.0,1.0
2025-07-25T08:37:56.449283,bitmex,3653.18,3653.19,29.0,3.0
2025-07-25T08:37:56.453238,bitmex,3653.18,3653.19,29.0,1.0
2025-07-25T08:37:56.458636,bitmex,3653.18,3653.19,31.0,1.0
2025-07-25T08:37:56.462184,bitmex,3653.18,3653.19,29.0,1.0
2025-07-25T08:37:56.468328,bitmex,3653.18,3653.19,29.0,3.0
2025-07-25T08:37:56.474130,bitmex,3653.18,3653.19,29.0,1.0
2025-07-25T08:37:56.478911,bitmex,3653.18,3653.19,31.0,1.0
2025-07-25T08:37:56.504944,bitmex,3653.18,3653.19,31.0,3.0
2025-07-25T08:37:56.504958,bitmex,3653.18,3653.19,29.0,3.0
2025-07-25T08:37:56.509848,bitmex,3653.18,3653.19,27.0,3.0
2025-07-25T08:37:56.512901,bitmex,3653.18,3653.19,27.0,1.0
2025-07-25T08:37:56.518342,bitmex,3653.18,3653.19,29.0,1.0
2025-07-25T08:37:56.518355,bitmex,3653.18,3653.19,29.0,3.0
2025-07-25T08:37:56.524315,bitmex,3653.18,3653.19,27.0,3.0
2025-07-25T08:37:56.524327,bitmex,3653.18,3653.19,27.0,1.0
2025-07-25T08:37:56.528772,bitmex,3653.18,3653.19,29.0,1.0
2025-07-25T08:37:56.533648,bitmex,3653.18,3653.19,27.0,1.0
2025-07-25T08:37:56.543072,bitmex,3653.18,3653.19,27.0,3.0
2025-07-25T08:37:56.546954,bitmex,3653.18,3653.19,27.0,1.0
2025-07-25T08:37:56.567116,bitmex,3653.18,3653.19,27.0,3.0
2025-07-25T08:37:56.568936,bitmex,3653.18,3653.19,29.0,3.0
2025-07-25T08:37:56.571620,bitmex,3653.18,3653.19,29.0,1.0
2025-07-25T08:37:56.579187,bitmex,3653.18,3653.19,27.0,1.0
2025-07-25T08:37:56.658353,blofin,3647.32,3647.33,9676.0,2521.0
2025-07-25T08:37:56.793152,bitmart,3648.59,3648.87,74486.0,307267.0
2025-07-25T08:37:57.184151,blofin,3647.32,3647.33,13735.0,5012.0
2025-07-25T08:37:57.262853,bitmex,3651.6,3653.19,3.0,1.0
2025-07-25T08:37:57.266552,bitmex,3651.6,3653.18,3.0,1.0
2025-07-25T08:37:57.273956,bitmex,3651.41,3653.18,49.0,1.0
2025-07-25T08:37:57.275207,bitmex,3651.61,3653.18,2.0,1.0
2025-07-25T08:37:57.282012,bitmex,3651.61,3653.17,2.0,1.0
2025-07-25T08:37:57.314101,bitmex,3651.61,3653.16,2.0,1.0
2025-07-25T08:37:57.329040,bitmex,3651.61,3653.15,2.0,1.0
2025-07-25T08:37:57.363634,bitmex,3651.61,3653.14,2.0,1.0
2025-07-25T08:37:57.405466,bitmex,3651.61,3653.13,2.0,1.0
2025-07-25T08:37:57.412835,bitmex,3651.61,3653.12,2.0,1.0
2025-07-25T08:37:57.412858,bitmex,3651.61,3651.62,2.0,1.0
2025-07-25T08:37:57.422744,bitmex,3651.61,3653.12,2.0,1.0
2025-07-25T08:37:57.426681,bitmex,3650.06,3653.12,8.0,1.0
2025-07-25T08:37:57.427857,bitmex,3650.06,3653.11,8.0,1.0
2025-07-25T08:37:57.442469,bitmex,3650.06,3653.1,8.0,1.0
2025-07-25T08:37:57.456868,bitmex,3650.06,3653.09,8.0,1.0
2025-07-25T08:37:57.459373,bitmex,3650.07,3653.09,2.0,1.0
2025-07-25T08:37:57.466200,bitmex,3650.25,3653.09,8.0,1.0
2025-07-25T08:37:57.466212,bitmex,3650.25,3653.08,8.0,1.0
2025-07-25T08:37:57.480131,bitmex,3650.26,3653.08,2.0,1.0
2025-07-25T08:37:57.495025,bitmex,3650.33,3653.08,8.0,1.0
2025-07-25T08:37:57.495039,bitmex,3650.33,3653.07,8.0,1.0
2025-07-25T08:37:57.495046,bitmex,3650.34,3653.07,5.0,1.0
2025-07-25T08:37:57.495052,bitmex,3650.34,3653.07,8.0,1.0
2025-07-25T08:37:57.495058,bitmex,3650.34,3653.07,3.0,1.0
2025-07-25T08:37:57.495476,bitrue,3649.41,3649.5,0.071,7.628
2025-07-25T08:37:57.499942,bitmex,3650.34,3653.06,3.0,1.0
2025-07-25T08:37:57.505009,bitmex,3650.34,3653.06,11.0,1.0
2025-07-25T08:37:57.505022,bitmex,3650.34,3653.06,8.0,1.0
2025-07-25T08:37:57.505030,bitmex,3650.34,3653.06,10.0,1.0
2025-07-25T08:37:57.508664,bitmex,3650.52,3653.06,8.0,1.0
2025-07-25T08:37:57.514878,bitmex,3650.52,3653.05,8.0,1.0
2025-07-25T08:37:57.518643,bitmex,3650.35,3653.05,3.0,1.0
2025-07-25T08:37:57.523976,bitmex,3650.53,3653.05,2.0,1.0
2025-07-25T08:37:57.529562,bitmex,3650.53,3653.04,2.0,1.0
2025-07-25T08:37:57.529573,bitmex,3650.53,3653.04,10.0,1.0
2025-07-25T08:37:57.529579,bitmex,3650.53,3653.04,2.0,1.0
2025-07-25T08:37:57.534283,bitmex,3650.54,3653.04,3.0,1.0
2025-07-25T08:37:57.535738,bitmex,3650.53,3653.04,2.0,1.0
2025-07-25T08:37:57.539483,bitmex,3650.53,3653.03,2.0,1.0
2025-07-25T08:37:57.539495,bitmex,3650.55,3653.03,8.0,1.0
2025-07-25T08:37:57.544727,bitmex,3650.56,3653.03,3.0,1.0
2025-07-25T08:37:57.554090,bitmex,3650.58,3653.03,8.0,1.0
2025-07-25T08:37:57.558999,bitmex,3650.58,3653.02,8.0,68.0
2025-07-25T08:37:57.564288,bitmex,3650.59,3653.02,2.0,68.0
2025-07-25T08:37:57.576417,bitmex,3650.64,3653.02,8.0,68.0
2025-07-25T08:37:57.581334,bitmex,3650.65,3653.02,3.0,68.0
2025-07-25T08:37:57.581345,bitmex,3650.65,3653.02,8.0,68.0
2025-07-25T08:37:57.581352,bitmex,3650.65,3653.02,3.0,68.0
2025-07-25T08:37:57.588340,bitmex,3650.64,3653.02,8.0,68.0
2025-07-25T08:37:57.588353,bitmex,3650.66,3653.02,5.0,68.0
2025-07-25T08:37:57.588360,bitmex,3650.66,3653.02,8.0,68.0
2025-07-25T08:37:57.589258,bitmex,3650.66,3653.02,16.0,68.0
2025-07-25T08:37:57.591579,bitmex,3650.66,3653.02,11.0,68.0
2025-07-25T08:37:57.593099,bitmex,3650.67,3653.02,5.0,68.0
2025-07-25T08:37:57.594063,bitmex,3650.67,3653.02,13.0,68.0
2025-07-25T08:37:57.595990,bitmex,3650.67,3653.02,8.0,68.0
2025-07-25T08:37:57.596820,bitmex,3650.67,3653.02,11.0,68.0
2025-07-25T08:37:57.598017,bitmex,3650.67,3653.02,8.0,68.0
2025-07-25T08:37:57.598030,bitmex,3650.67,3653.02,10.0,68.0
2025-07-25T08:37:57.600140,bitmex,3650.67,3653.02,13.0,68.0
2025-07-25T08:37:57.601664,bitmex,3650.68,3653.02,5.0,68.0
2025-07-25T08:37:57.601673,bitmex,3650.67,3653.02,13.0,68.0
2025-07-25T08:37:57.601678,bitmex,3650.67,3653.02,10.0,68.0
2025-07-25T08:37:57.602343,bitmex,3650.68,3653.02,8.0,68.0
2025-07-25T08:37:57.614947,bitmex,3650.69,3653.02,2.0,68.0
2025-07-25T08:37:57.618171,bitmex,3650.69,3653.0,2.0,10.0
2025-07-25T08:37:57.628322,bitmex,3650.69,3653.0,10.0,10.0
2025-07-25T08:37:57.632408,bitmex,3650.7,3653.0,8.0,10.0
2025-07-25T08:37:57.644941,bitmex,3650.71,3653.0,2.0,10.0
2025-07-25T08:37:57.648922,bitmex,3650.71,3653.0,5.0,10.0
2025-07-25T08:37:57.655680,blofin,3647.32,3647.33,13735.0,5012.0
2025-07-25T08:37:57.662501,bitmex,3650.71,3653.0,13.0,10.0
2025-07-25T08:37:57.662514,bitmex,3650.71,3653.02,13.0,68.0
2025-07-25T08:37:57.665465,bitmex,3650.71,3653.02,10.0,68.0
2025-07-25T08:37:57.665898,bitmex,3650.72,3653.02,5.0,68.0
2025-07-25T08:37:57.668964,bitmex,3650.71,3653.02,10.0,68.0
2025-07-25T08:37:57.668977,bitmex,3650.72,3653.02,3.0,68.0
2025-07-25T08:37:57.673243,bitmex,3650.72,3653.02,11.0,68.0
2025-07-25T08:37:57.692517,bitmex,3650.72,3653.02,8.0,68.0
2025-07-25T08:37:57.692541,bitmex,3650.73,3653.02,2.0,68.0
2025-07-25T08:37:57.692556,bitmex,3650.73,3653.02,10.0,68.0
2025-07-25T08:37:57.694479,bitmex,3650.74,3653.02,5.0,68.0
2025-07-25T08:37:57.694490,bitmex,3650.74,3653.02,8.0,68.0
2025-07-25T08:37:57.694735,bitmex,3650.74,3653.02,3.0,68.0
2025-07-25T08:37:57.707713,bitmex,3650.75,3653.02,2.0,68.0
2025-07-25T08:37:57.740588,bitmex,3650.75,3653.02,10.0,68.0
2025-07-25T08:37:57.743108,bitmex,3650.76,3653.02,3.0,68.0
2025-07-25T08:37:57.743122,bitmex,3650.76,3653.02,8.0,68.0
2025-07-25T08:37:57.748935,bitmex,3650.76,3653.02,3.0,68.0
2025-07-25T08:37:57.753528,bitmex,3650.77,3653.02,2.0,68.0
2025-07-25T08:37:57.808532,bitmart,3647.52,3648.25,98432.0,30352.0
2025-07-25T08:37:58.124325,bitmex,3650.77,3653.01,2.0,20.0
2025-07-25T08:37:58.131937,bitmex,3650.77,3653.0,2.0,1.0
2025-07-25T08:37:58.167861,blofin,3646.63,3646.64,101.0,21504.0
2025-07-25T08:37:58.226886,bitmex,3650.77,3653.0,2.0,9.0
2025-07-25T08:37:58.232650,bitmex,3650.77,3652.99,2.0,8.0
2025-07-25T08:37:58.239627,bitmex,3650.77,3652.98,2.0,1.0
2025-07-25T08:37:58.270645,bitmex,3650.77,3652.98,2.0,9.0
2025-07-25T08:37:58.296753,bitmex,3650.77,3652.97,2.0,8.0
2025-07-25T08:37:58.302474,bitmex,3650.77,3652.96,2.0,1.0
2025-07-25T08:37:58.354033,bitmex,3650.77,3652.96,2.0,9.0
2025-07-25T08:37:58.365638,bitmex,3650.77,3652.96,2.0,1.0
2025-07-25T08:37:58.365651,bitmex,3650.77,3652.95,2.0,8.0
2025-07-25T08:37:58.376429,bitmex,3650.77,3652.95,2.0,9.0
2025-07-25T08:37:58.378835,bitmex,3650.77,3652.82,2.0,8.0
2025-07-25T08:37:58.383179,bitmex,3650.77,3652.81,2.0,1.0
2025-07-25T08:37:58.394379,bitmex,3650.77,3652.8,2.0,1.0
2025-07-25T08:37:58.403705,bitmex,3650.77,3652.8,2.0,9.0
2025-07-25T08:37:58.408370,bitmex,3650.77,3652.8,2.0,12.0
2025-07-25T08:37:58.410344,bitmex,3650.77,3652.8,2.0,9.0
2025-07-25T08:37:58.410356,bitmex,3650.77,3652.79,2.0,8.0
2025-07-25T08:37:58.417770,bitmex,3650.77,3652.79,2.0,13.0
2025-07-25T08:37:58.417816,bitmex,3650.77,3652.79,2.0,14.0
2025-07-25T08:37:58.417826,bitmex,3650.77,3652.79,2.0,9.0
2025-07-25T08:37:58.419746,bitmex,3650.77,3652.78,2.0,4.0
2025-07-25T08:37:58.419755,bitmex,3650.77,3652.79,2.0,9.0
2025-07-25T08:37:58.419983,bitmex,3650.77,3652.79,2.0,12.0
2025-07-25T08:37:58.420339,bitmex,3650.77,3652.78,2.0,3.0
2025-07-25T08:37:58.437235,bitmex,3650.77,3652.77,2.0,1.0
2025-07-25T08:37:58.543547,bitrue,3648.06,3648.48,0.003,7.609
2025-07-25T08:37:58.652445,blofin,3645.91,3645.92,8682.0,114.0
2025-07-25T08:37:58.667444,bitmex,3650.77,3652.72,2.0,68.0
2025-07-25T08:37:58.668409,bitmex,3650.77,3652.71,2.0,20.0
2025-07-25T08:37:58.671603,bitmex,3650.77,3652.71,2.0,21.0
2025-07-25T08:37:58.837008,bitmart,3646.94,3646.95,262960.0,131595.0
2025-07-25T08:37:59.191173,blofin,3645.91,3645.92,8682.0,114.0
2025-07-25T08:37:59.252638,bitmex,3650.77,3652.71,2.0,1.0
2025-07-25T08:37:59.346818,bitmex,3650.77,3652.7,2.0,68.0
2025-07-25T08:37:59.366998,bitmex,3650.77,3652.69,2.0,1.0
2025-07-25T08:37:59.483955,bitmex,3650.77,3652.68,2.0,68.0
2025-07-25T08:37:59.492616,bitmex,3650.77,3652.67,2.0,1.0
2025-07-25T08:37:59.590448,bitrue,3647.94,3648.03,0.021,7.452
2025-07-25T08:37:59.615209,bitmex,3650.77,3652.66,2.0,1.0
2025-07-25T08:37:59.653133,blofin,3645.28,3645.29,7525.0,269.0
2025-07-25T08:37:59.723335,bitmart,3646.94,3646.95,150403.0,7050.0
2025-07-25T08:37:59.757298,bitmex,3650.77,3652.65,2.0,1.0
2025-07-25T08:38:00.189198,blofin,3645.28,3645.29,7525.0,269.0
2025-07-25T08:38:00.190643,bitmex,3650.77,3652.65,2.0,9.0
2025-07-25T08:38:00.190653,bitmex,3650.77,3652.65,2.0,1.0
2025-07-25T08:38:00.190659,bitmex,3650.77,3652.59,2.0,8.0
2025-07-25T08:38:00.196052,bitmex,3650.77,3652.58,2.0,1.0
2025-07-25T08:38:00.328720,bitmex,3650.77,3652.57,2.0,1.0
2025-07-25T08:38:00.472013,bitmex,3650.77,3652.56,2.0,1.0
2025-07-25T08:38:00.635539,bitrue,3647.87,3647.96,0.086,5.593
2025-07-25T08:38:00.650166,blofin,3644.93,3644.94,6216.0,323.0
2025-07-25T08:38:00.737114,bitmart,3646.64,3646.65,186669.0,513.0
2025-07-25T08:38:01.187298,blofin,3644.93,3644.94,6216.0,323.0
2025-07-25T08:38:01.194365,bitmex,3650.77,3652.55,2.0,1.0
2025-07-25T08:38:01.493539,bitmex,3650.77,3652.54,2.0,1.0
2025-07-25T08:38:01.499922,bitmex,3650.77,3652.48,2.0,8.0
2025-07-25T08:38:01.499935,bitmex,3650.77,3652.35,2.0,1.0
2025-07-25T08:38:01.499943,bitmex,3649.68,3652.35,2.0,1.0
2025-07-25T08:38:01.504163,bitmex,3649.68,3652.29,2.0,2.0
2025-07-25T08:38:01.511929,bitmex,3649.69,3652.29,2.0,2.0
2025-07-25T08:38:01.512106,bitmex,3649.69,3652.29,10.0,2.0
2025-07-25T08:38:01.516280,bitmex,3649.69,3652.28,10.0,1.0
2025-07-25T08:38:01.517433,bitmex,3649.69,3652.28,12.0,1.0
2025-07-25T08:38:01.519852,bitmex,3649.69,3652.28,4.0,1.0
2025-07-25T08:38:01.519866,bitmex,3649.72,3652.28,8.0,1.0
2025-07-25T08:38:01.525593,bitmex,3649.73,3652.28,4.0,1.0
2025-07-25T08:38:01.531187,bitmex,3649.73,3652.27,4.0,1.0
2025-07-25T08:38:01.531199,bitmex,3649.73,3652.27,6.0,1.0
2025-07-25T08:38:01.535116,bitmex,3649.73,3652.27,8.0,1.0
2025-07-25T08:38:01.598568,bitmex,3649.73,3652.26,8.0,1.0
2025-07-25T08:38:01.606561,bitmex,3649.73,3652.25,8.0,8.0
2025-07-25T08:38:01.613093,bitmex,3649.73,3652.24,8.0,1.0
2025-07-25T08:38:01.613103,bitmex,3649.73,3652.24,8.0,4.0
2025-07-25T08:38:01.619443,bitmex,3649.73,3652.24,4.0,4.0
2025-07-25T08:38:01.631920,bitmex,3649.73,3652.23,4.0,1.0
2025-07-25T08:38:01.655253,bitmex,3649.73,3652.23,4.0,9.0
2025-07-25T08:38:01.657734,bitmex,3649.73,3652.22,4.0,6.0
2025-07-25T08:38:01.658509,bitmex,3649.73,3652.22,4.0,9.0
2025-07-25T08:38:01.658518,bitmex,3649.73,3652.22,4.0,3.0
2025-07-25T08:38:01.663100,bitmex,3649.73,3652.22,4.0,4.0
2025-07-25T08:38:01.666084,blofin,3644.93,3644.94,15232.0,2499.0
2025-07-25T08:38:01.708558,bitmex,3649.73,3652.22,4.0,12.0
2025-07-25T08:38:01.708575,bitmex,3649.73,3652.21,4.0,8.0
2025-07-25T08:38:01.712468,bitmex,3649.73,3652.21,4.0,14.0
2025-07-25T08:38:01.712904,bitmex,3649.73,3652.2,4.0,1.0
2025-07-25T08:38:01.715602,bitmex,3649.73,3652.2,4.0,7.0
2025-07-25T08:38:01.716484,bitmart,3645.78,3646.65,250568.0,54806.0
2025-07-25T08:38:01.716949,bitmex,3649.73,3652.2,4.0,15.0
2025-07-25T08:38:01.721732,bitmex,3649.73,3652.19,4.0,3.0
2025-07-25T08:38:01.727006,bitmex,3649.73,3652.18,4.0,1.0
2025-07-25T08:38:01.735188,bitmex,3649.73,3652.18,4.0,9.0
2025-07-25T08:38:01.741418,bitmex,3649.73,3652.17,4.0,5.0
2025-07-25T08:38:01.741436,bitmex,3649.73,3652.18,4.0,9.0
2025-07-25T08:38:01.741446,bitmex,3649.73,3652.17,4.0,3.0
2025-07-25T08:38:01.744033,bitmex,3649.73,3652.16,4.0,1.0
2025-07-25T08:38:01.804752,bitrue,3647.27,3647.36,1.589,7.89
2025-07-25T08:38:01.928942,bitmex,3649.73,3652.16,4.0,9.0
2025-07-25T08:38:01.931371,bitmex,3649.73,3652.15,4.0,5.0
2025-07-25T08:38:01.932838,bitmex,3649.73,3652.16,4.0,9.0
2025-07-25T08:38:01.933484,bitmex,3649.73,3652.15,4.0,3.0
2025-07-25T08:38:01.936778,bitmex,3649.73,3652.14,4.0,1.0
2025-07-25T08:38:01.945666,bitmex,3649.73,3652.14,4.0,9.0
2025-07-25T08:38:01.950075,bitmex,3649.73,3652.13,4.0,5.0
2025-07-25T08:38:01.952529,bitmex,3649.73,3652.13,4.0,8.0
2025-07-25T08:38:01.952538,bitmex,3649.73,3652.13,4.0,3.0
2025-07-25T08:38:01.957311,bitmex,3649.73,3652.12,4.0,1.0
2025-07-25T08:38:02.132204,bitmex,3649.73,3652.12,4.0,9.0
2025-07-25T08:38:02.136852,bitmex,3649.73,3652.11,4.0,5.0
2025-07-25T08:38:02.139349,bitmex,3649.73,3652.11,4.0,13.0
2025-07-25T08:38:02.139558,bitmex,3649.73,3652.11,4.0,8.0
2025-07-25T08:38:02.141493,bitmex,3649.73,3652.1,4.0,1.0
2025-07-25T08:38:02.147041,bitmex,3649.73,3652.1,4.0,6.0
2025-07-25T08:38:02.147056,bitmex,3649.73,3652.1,4.0,9.0
2025-07-25T08:38:02.152181,bitmex,3649.73,3652.1,4.0,4.0
2025-07-25T08:38:02.152196,bitmex,3649.73,3652.09,4.0,8.0
2025-07-25T08:38:02.153084,bitmex,3649.73,3652.08,4.0,1.0
2025-07-25T08:38:02.158333,bitmex,3649.73,3652.08,4.0,6.0
2025-07-25T08:38:02.158347,bitmex,3649.73,3652.08,4.0,1.0
2025-07-25T08:38:02.158356,bitmex,3649.73,3652.08,4.0,4.0
2025-07-25T08:38:02.159984,bitmex,3649.73,3652.08,4.0,12.0
2025-07-25T08:38:02.165714,bitmex,3649.73,3652.07,4.0,5.0
2025-07-25T08:38:02.165730,bitmex,3649.73,3652.05,4.0,8.0
2025-07-25T08:38:02.170641,bitmex,3649.73,3652.04,4.0,5.0
2025-07-25T08:38:02.179203,bitmex,3649.73,3652.04,4.0,8.0
2025-07-25T08:38:02.180337,bitmex,3649.73,3652.04,4.0,3.0
2025-07-25T08:38:02.251271,blofin,3644.88,3644.89,4246.0,8802.0
2025-07-25T08:38:02.446203,bitmex,3649.73,3652.04,4.0,11.0
2025-07-25T08:38:02.447492,bitmex,3649.73,3652.04,2.0,11.0
2025-07-25T08:38:02.450882,bitmex,3649.73,3652.03,2.0,1.0
2025-07-25T08:38:02.457598,bitmex,3649.73,3652.03,2.0,6.0
2025-07-25T08:38:02.457603,bitmex,3649.73,3651.86,2.0,8.0
2025-07-25T08:38:02.461229,bitmex,3649.73,3651.85,2.0,1.0
2025-07-25T08:38:02.481126,bitmex,3649.73,3651.84,2.0,8.0
2025-07-25T08:38:02.481138,bitmex,3649.73,3651.83,2.0,1.0
2025-07-25T08:38:02.483531,bitmex,3649.73,3651.82,2.0,8.0
2025-07-25T08:38:02.487480,bitmex,3649.73,3651.81,2.0,1.0
2025-07-25T08:38:02.489461,bitmex,3649.73,3651.81,2.0,4.0
2025-07-25T08:38:02.489470,bitmex,3649.73,3651.81,2.0,9.0
2025-07-25T08:38:02.489474,bitmex,3649.73,3651.81,2.0,4.0
2025-07-25T08:38:02.496656,bitmex,3649.73,3651.8,2.0,8.0
2025-07-25T08:38:02.501755,bitmex,3649.73,3651.79,2.0,5.0
2025-07-25T08:38:02.501767,bitmex,3649.73,3651.79,2.0,6.0
2025-07-25T08:38:02.522913,bitmex,3649.73,3651.79,2.0,1.0
2025-07-25T08:38:02.526451,bitmex,3649.73,3651.75,2.0,8.0
2025-07-25T08:38:02.537648,bitmex,3649.73,3651.74,2.0,1.0
2025-07-25T08:38:02.537662,bitmex,3649.73,3651.74,2.0,6.0
2025-07-25T08:38:02.537669,bitmex,3649.73,3651.74,2.0,1.0
2025-07-25T08:38:02.538552,bitmex,3649.73,3651.74,2.0,4.0
2025-07-25T08:38:02.543400,bitmex,3649.73,3651.74,2.0,12.0
2025-07-25T08:38:02.543840,bitmex,3649.73,3651.74,2.0,4.0
2025-07-25T08:38:02.551142,bitmex,3649.73,3651.74,2.0,1.0
2025-07-25T08:38:02.551153,bitmex,3649.73,3651.73,2.0,5.0
2025-07-25T08:38:02.551160,bitmex,3649.73,3651.73,2.0,8.0
2025-07-25T08:38:02.551165,bitmex,3649.73,3651.73,2.0,5.0
2025-07-25T08:38:02.551171,bitmex,3649.73,3651.74,2.0,1.0
2025-07-25T08:38:02.554644,bitmex,3649.73,3651.72,2.0,1.0
2025-07-25T08:38:02.563172,bitmex,3649.73,3651.72,2.0,9.0
2025-07-25T08:38:02.565074,bitmex,3649.73,3651.72,2.0,1.0
2025-07-25T08:38:02.567633,bitmex,3649.73,3651.71,2.0,3.0
2025-07-25T08:38:02.572160,bitmex,3649.73,3651.72,2.0,1.0
2025-07-25T08:38:02.573523,bitmex,3649.73,3652.04,2.0,8.0
2025-07-25T08:38:02.573531,bitmex,3649.73,3651.7,2.0,1.0
2025-07-25T08:38:02.594220,bitmex,3649.73,3651.69,2.0,8.0
2025-07-25T08:38:02.600177,bitmex,3649.73,3651.68,2.0,1.0
2025-07-25T08:38:02.600189,bitmex,3649.73,3651.68,2.0,4.0
2025-07-25T08:38:02.606520,bitmex,3649.73,3651.67,2.0,8.0
2025-07-25T08:38:02.610485,bitmex,3649.73,3651.66,2.0,1.0
2025-07-25T08:38:02.611602,bitmex,3649.73,3651.66,2.0,6.0
2025-07-25T08:38:02.613103,bitmex,3649.73,3651.66,2.0,1.0
2025-07-25T08:38:02.613597,bitmex,3649.73,3651.66,2.0,4.0
2025-07-25T08:38:02.619630,bitmex,3649.73,3651.66,2.0,12.0
2025-07-25T08:38:02.624003,bitmex,3649.73,3651.65,2.0,3.0
2025-07-25T08:38:02.624909,bitmex,3649.73,3651.6,2.0,8.0
2025-07-25T08:38:02.631867,bitmex,3649.73,3651.59,2.0,5.0
2025-07-25T08:38:02.631879,bitmex,3649.73,3651.59,2.0,8.0
2025-07-25T08:38:02.631885,bitmex,3649.73,3651.59,2.0,3.0
2025-07-25T08:38:02.643403,bitmex,3649.73,3651.59,2.0,71.0
2025-07-25T08:38:02.648699,bitmex,3649.73,3651.59,2.0,68.0
2025-07-25T08:38:02.648987,bitmex,3649.73,3651.58,2.0,23.0
2025-07-25T08:38:02.654533,bitmex,3649.73,3651.57,2.0,1.0
2025-07-25T08:38:02.658658,blofin,3644.88,3644.89,4246.0,8802.0
2025-07-25T08:38:02.733579,bitmart,3645.73,3646.06,473.0,284515.0
2025-07-25T08:38:02.851353,bitrue,3646.52,3646.99,0.731,7.791
2025-07-25T08:38:02.881606,bitmex,3649.73,3651.56,2.0,1.0
2025-07-25T08:38:02.882718,bitmex,3649.27,3651.56,2.0,1.0
2025-07-25T08:38:02.888868,bitmex,3649.27,3651.51,2.0,8.0
2025-07-25T08:38:02.896567,bitmex,3649.27,3651.5,2.0,1.0
2025-07-25T08:38:02.901068,bitmex,3649.28,3651.5,2.0,1.0
2025-07-25T08:38:02.906392,bitmex,3649.28,3651.49,2.0,8.0
2025-07-25T08:38:02.908216,bitmex,3649.28,3651.49,2.0,9.0
2025-07-25T08:38:02.923290,bitmex,3649.28,3651.48,2.0,1.0
2025-07-25T08:38:02.923303,bitmex,3649.15,3651.48,50.0,1.0
2025-07-25T08:38:02.943172,bitmex,3649.15,3651.48,52.0,1.0
2025-07-25T08:38:03.125886,bitmex,3649.16,3651.48,2.0,1.0
2025-07-25T08:38:03.125900,bitmex,3649.16,3651.47,2.0,1.0
2025-07-25T08:38:03.125907,bitmex,3649.16,3651.47,18.0,1.0
2025-07-25T08:38:03.132811,bitmex,3649.17,3651.47,2.0,1.0
2025-07-25T08:38:03.136987,bitmex,3649.17,3651.46,2.0,1.0
2025-07-25T08:38:03.137602,bitmex,3649.17,3651.46,4.0,1.0
2025-07-25T08:38:03.142862,bitmex,3649.17,3651.45,4.0,9.0
2025-07-25T08:38:03.143302,bitmex,3649.17,3651.45,4.0,18.0
2025-07-25T08:38:03.144179,bitmex,3649.17,3651.45,4.0,29.0
2025-07-25T08:38:03.145368,bitmex,3649.17,3651.45,4.0,40.0
2025-07-25T08:38:03.145576,bitmex,3649.17,3651.45,4.0,49.0
2025-07-25T08:38:03.147820,bitmex,3649.17,3651.44,4.0,3.0
2025-07-25T08:38:03.149011,bitmex,3649.17,3651.44,4.0,9.0
2025-07-25T08:38:03.149980,bitmex,3649.17,3651.45,4.0,49.0
2025-07-25T08:38:03.150520,bitmex,3649.17,3651.44,4.0,14.0
2025-07-25T08:38:03.151703,bitmex,3649.17,3651.43,4.0,1.0
2025-07-25T08:38:03.208856,bitmex,3649.17,3651.19,4.0,68.0
2025-07-25T08:38:03.208882,bitmex,3649.17,3651.18,4.0,1.0
2025-07-25T08:38:03.208894,bitmex,3649.17,3651.18,4.0,21.0
2025-07-25T08:38:03.214964,blofin,3644.55,3644.56,684.0,19583.0
2025-07-25T08:38:03.376190,bitmex,3649.17,3651.18,4.0,1.0
2025-07-25T08:38:03.465469,bitmex,3649.17,3651.17,4.0,68.0
2025-07-25T08:38:03.465484,bitmex,3649.17,3651.16,4.0,1.0
2025-07-25T08:38:03.470330,bitmex,3649.17,3651.15,4.0,9.0
2025-07-25T08:38:03.472840,bitmex,3649.17,3651.15,4.0,18.0
2025-07-25T08:38:03.477735,bitmex,3649.17,3651.14,4.0,1.0
2025-07-25T08:38:03.608762,bitmex,3649.17,3651.13,4.0,68.0
2025-07-25T08:38:03.615596,bitmex,3649.17,3651.12,4.0,1.0
2025-07-25T08:38:03.634815,bitmex,3649.17,3651.1,4.0,9.0
2025-07-25T08:38:03.634830,bitmex,3649.17,3651.1,4.0,18.0
2025-07-25T08:38:03.639175,bitmex,3649.17,3651.09,4.0,1.0
2025-07-25T08:38:03.655559,blofin,3643.84,3643.85,99.0,27560.0
2025-07-25T08:38:03.707235,bitmart,3645.44,3645.45,24515.0,45108.0
2025-07-25T08:38:03.895023,bitrue,3646.35,3646.44,1.869,6.637
2025-07-25T08:38:04.108771,bitmex,3649.18,3651.09,2.0,1.0
2025-07-25T08:38:04.114053,bitmex,3649.18,3651.08,2.0,1.0
2025-07-25T08:38:04.149286,bitmex,3649.19,3651.08,2.0,1.0
2025-07-25T08:38:04.149297,bitmex,3649.19,3651.08,4.0,1.0
2025-07-25T08:38:04.149302,bitmex,3649.19,3651.07,4.0,1.0
2025-07-25T08:38:04.184201,blofin,3643.84,3643.85,99.0,27560.0
2025-07-25T08:38:04.211039,bitmex,3649.19,3651.06,4.0,68.0
2025-07-25T08:38:04.211055,bitmex,3649.19,3651.05,4.0,1.0
2025-07-25T08:38:04.340510,bitmex,3649.19,3651.04,4.0,1.0
2025-07-25T08:38:04.548654,bitmex,3649.19,3651.04,12.0,1.0
2025-07-25T08:38:04.565309,bitmex,3649.38,3651.04,2.0,1.0
2025-07-25T08:38:04.576321,bitmex,3649.38,3651.03,2.0,1.0
2025-07-25T08:38:04.576336,bitmex,3649.38,3651.03,4.0,1.0
2025-07-25T08:38:04.576344,bitmex,3649.57,3651.03,2.0,1.0
2025-07-25T08:38:04.576350,bitmex,3649.57,3651.03,2.0,69.0
2025-07-25T08:38:04.578904,bitmex,3649.57,3651.03,4.0,69.0
2025-07-25T08:38:04.583053,bitmex,3649.58,3651.03,2.0,69.0
2025-07-25T08:38:04.587286,bitmex,3649.58,3651.03,4.0,69.0
2025-07-25T08:38:04.587301,bitmex,3649.58,3651.02,4.0,1.0
2025-07-25T08:38:04.654005,blofin,3643.76,3643.77,1542.0,32748.0
2025-07-25T08:38:04.684903,bitmex,3649.77,3651.02,2.0,1.0
2025-07-25T08:38:04.691748,bitmex,3649.77,3651.01,2.0,1.0
2025-07-25T08:38:04.696858,bitmex,3649.78,3651.01,2.0,1.0
2025-07-25T08:38:04.700761,bitmex,3649.78,3651.0,2.0,1.0
2025-07-25T08:38:04.757508,bitmart,3645.44,3645.7,38366.0,2002.0
2025-07-25T08:38:05.007736,bitmex,3649.97,3651.0,2.0,1.0
2025-07-25T08:38:05.012400,bitmex,3649.97,3650.99,2.0,1.0
2025-07-25T08:38:05.016886,bitmex,3649.98,3650.99,2.0,1.0
2025-07-25T08:38:05.021550,bitmex,3650.17,3650.99,2.0,1.0
2025-07-25T08:38:05.032479,bitmex,3650.18,3650.99,2.0,1.0
2025-07-25T08:38:05.046154,bitmex,3650.37,3650.99,2.0,1.0
2025-07-25T08:38:05.051172,bitmex,3650.38,3650.99,2.0,1.0
2025-07-25T08:38:05.055174,bitmex,3650.57,3650.99,2.0,1.0
2025-07-25T08:38:05.099418,bitmex,3649.19,3650.99,8.0,1.0
2025-07-25T08:38:05.100523,bitmex,3649.19,3650.8,8.0,2.0
2025-07-25T08:38:05.106947,bitmex,3649.38,3650.8,2.0,2.0
2025-07-25T08:38:05.106963,bitmex,3649.38,3651.24,2.0,68.0
2025-07-25T08:38:05.118057,bitmex,3649.39,3651.24,2.0,68.0
2025-07-25T08:38:05.123133,bitmex,3649.39,3651.23,2.0,1.0
2025-07-25T08:38:05.202199,blofin,3644.34,3644.35,5471.0,3725.0
2025-07-25T08:38:05.225335,bitmex,3649.39,3651.22,2.0,1.0
2025-07-25T08:38:05.650709,blofin,3644.34,3644.35,5471.0,3725.0
2025-07-25T08:38:05.775216,bitmart,3645.73,3645.74,162886.0,137143.0
2025-07-25T08:38:06.086236,bitmex,3649.39,3651.22,4.0,1.0
2025-07-25T08:38:06.157182,blofin,3644.34,3644.35,8775.0,6497.0
2025-07-25T08:38:06.300583,bitmex,3649.39,3651.22,12.0,1.0
2025-07-25T08:38:06.303136,bitmex,3649.4,3651.22,4.0,1.0
2025-07-25T08:38:06.308013,bitmex,3649.4,3651.21,4.0,1.0
2025-07-25T08:38:06.308206,bitmex,3649.4,3651.21,6.0,1.0
2025-07-25T08:38:06.311943,bitmex,3649.42,3651.21,8.0,1.0
2025-07-25T08:38:06.317930,bitmex,3649.43,3651.21,7.0,1.0
2025-07-25T08:38:06.317943,bitmex,3649.43,3651.21,12.0,1.0
2025-07-25T08:38:06.317950,bitmex,3649.43,3651.21,5.0,1.0
2025-07-25T08:38:06.325053,bitmex,3649.61,3651.21,2.0,1.0
2025-07-25T08:38:06.325073,bitmex,3649.62,3651.21,2.0,1.0
2025-07-25T08:38:06.335227,bitmex,3649.62,3651.21,4.0,1.0
2025-07-25T08:38:06.336256,bitmex,3649.62,3651.21,12.0,1.0
2025-07-25T08:38:06.336267,bitmex,3649.62,3651.21,4.0,1.0
2025-07-25T08:38:06.339660,bitmex,3649.62,3651.21,2.0,1.0
2025-07-25T08:38:06.343234,bitmex,3649.81,3651.21,2.0,1.0
2025-07-25T08:38:06.351687,bitmex,3649.82,3651.21,8.0,1.0
2025-07-25T08:38:06.355090,bitmex,3649.82,3651.21,10.0,1.0
2025-07-25T08:38:06.357299,bitmex,3650.01,3651.21,2.0,1.0
2025-07-25T08:38:06.371314,bitmex,3650.02,3651.21,2.0,1.0
2025-07-25T08:38:06.377684,bitmex,3650.21,3651.21,2.0,1.0
2025-07-25T08:38:06.391358,bitmex,3650.22,3651.21,2.0,1.0
2025-07-25T08:38:06.396579,bitmex,3650.41,3651.21,2.0,1.0
2025-07-25T08:38:06.406634,bitmex,3650.42,3651.21,2.0,1.0
2025-07-25T08:38:06.414444,bitmex,3650.61,3651.21,2.0,1.0
2025-07-25T08:38:06.418084,bitmex,3650.42,3651.21,2.0,1.0
2025-07-25T08:38:06.425870,bitmex,3650.61,3651.21,2.0,1.0
2025-07-25T08:38:06.433543,bitmex,3650.62,3651.21,2.0,1.0
2025-07-25T08:38:06.442880,bitmex,3650.81,3651.21,2.0,1.0
2025-07-25T08:38:06.442894,bitmex,3650.81,3651.02,2.0,2.0
2025-07-25T08:38:06.442901,bitmex,3650.62,3651.02,2.0,2.0
2025-07-25T08:38:06.442906,bitmex,3650.62,3651.2,2.0,1.0
2025-07-25T08:38:06.445308,bitmex,3650.62,3651.01,2.0,1.0
2025-07-25T08:38:06.448390,bitmex,3650.62,3651.01,2.0,3.0
2025-07-25T08:38:06.448404,bitmex,3649.45,3651.01,5.0,3.0
2025-07-25T08:38:06.454409,bitmex,3649.45,3650.82,5.0,2.0
2025-07-25T08:38:06.454423,bitmex,3650.81,3650.82,2.0,2.0
2025-07-25T08:38:06.457425,bitmex,3649.45,3650.82,5.0,2.0
2025-07-25T08:38:06.457448,bitmex,3649.45,3651.53,5.0,20.0
2025-07-25T08:38:06.462136,bitmex,3649.46,3651.53,2.0,20.0
2025-07-25T08:38:06.462150,bitmex,3649.46,3651.52,2.0,1.0
2025-07-25T08:38:06.581021,bitmex,3649.53,3651.52,8.0,1.0
2025-07-25T08:38:06.588777,bitmex,3649.53,3651.51,8.0,1.0
2025-07-25T08:38:06.601121,bitmex,3649.54,3651.51,2.0,1.0
2025-07-25T08:38:06.610677,bitmex,3649.71,3651.51,8.0,1.0
2025-07-25T08:38:06.613397,bitmex,3649.71,3651.5,8.0,1.0
2025-07-25T08:38:06.626044,bitmex,3649.72,3651.5,2.0,1.0
2025-07-25T08:38:06.651937,blofin,3644.34,3644.35,22875.0,13510.0
2025-07-25T08:38:06.656020,bitmex,3649.77,3651.5,8.0,1.0
2025-07-25T08:38:06.659250,bitmex,3649.96,3651.5,2.0,1.0
2025-07-25T08:38:06.659269,bitmex,3649.96,3651.5,10.0,1.0
2025-07-25T08:38:06.659282,bitmex,3649.96,3651.5,2.0,1.0
2025-07-25T08:38:06.660890,bitmex,3649.97,3651.5,3.0,1.0
2025-07-25T08:38:06.662377,bitmex,3649.78,3651.5,5.0,1.0
2025-07-25T08:38:06.662778,bitmex,3650.15,3651.5,2.0,1.0
2025-07-25T08:38:06.674250,bitmex,3650.15,3651.5,10.0,1.0
2025-07-25T08:38:06.674263,bitmex,3650.15,3651.5,2.0,1.0
2025-07-25T08:38:06.676580,bitmex,3650.17,3651.5,8.0,1.0
2025-07-25T08:38:06.682748,bitmex,3650.18,3651.5,3.0,1.0
2025-07-25T08:38:06.691257,bitmex,3650.37,3651.5,2.0,1.0
2025-07-25T08:38:06.700962,bitmex,3650.38,3651.5,2.0,1.0
2025-07-25T08:38:06.715496,bitmex,3650.57,3651.5,2.0,1.0
2025-07-25T08:38:06.735487,bitmex,3650.58,3651.5,2.0,1.0
2025-07-25T08:38:06.740116,bitmex,3650.77,3651.5,2.0,1.0
2025-07-25T08:38:06.752774,bitmex,3650.58,3651.5,2.0,1.0
2025-07-25T08:38:06.753891,bitmex,3650.18,3651.5,8.0,1.0
2025-07-25T08:38:06.753900,bitmex,3650.78,3651.5,2.0,1.0
2025-07-25T08:38:06.760582,bitmex,3650.97,3651.5,2.0,1.0
2025-07-25T08:38:06.775234,bitmart,3645.73,3646.45,8551.0,2046.0
2025-07-25T08:38:06.798844,bitmex,3650.18,3651.5,8.0,1.0
2025-07-25T08:38:06.805028,bitmex,3650.37,3651.5,2.0,1.0
2025-07-25T08:38:06.923653,bitmex,3650.38,3651.5,2.0,1.0
2025-07-25T08:38:06.939959,bitmex,3650.38,3651.49,2.0,1.0
2025-07-25T08:38:06.939972,bitmex,3650.57,3651.49,2.0,1.0
2025-07-25T08:38:06.964435,bitmex,3650.58,3651.49,2.0,1.0
2025-07-25T08:38:06.964447,bitmex,3650.77,3651.49,2.0,1.0
2025-07-25T08:38:06.964454,bitmex,3650.77,3651.48,2.0,1.0
2025-07-25T08:38:06.964460,bitmex,3650.58,3651.48,2.0,1.0
2025-07-25T08:38:06.964466,bitmex,3650.58,3651.47,2.0,1.0
2025-07-25T08:38:06.964472,bitmex,3650.18,3651.47,8.0,1.0
2025-07-25T08:38:06.964477,bitmex,3650.77,3651.47,2.0,1.0
2025-07-25T08:38:06.968584,bitmex,3650.96,3651.47,2.0,1.0
2025-07-25T08:38:06.975457,bitmex,3650.96,3651.46,2.0,1.0
2025-07-25T08:38:06.979719,bitmex,3650.77,3651.46,2.0,1.0
2025-07-25T08:38:06.979731,bitmex,3650.77,3651.27,2.0,1.0
2025-07-25T08:38:06.980629,bitmex,3649.97,3651.27,8.0,1.0
2025-07-25T08:38:06.986086,bitmex,3649.97,3651.26,8.0,1.0
2025-07-25T08:38:06.998881,bitmex,3649.98,3651.26,2.0,1.0
2025-07-25T08:38:06.999436,bitmex,3649.98,3651.25,2.0,1.0
2025-07-25T08:38:06.999448,bitmex,3650.17,3651.25,2.0,1.0
2025-07-25T08:38:07.012176,bitmex,3650.18,3651.25,2.0,1.0
2025-07-25T08:38:07.021072,bitmex,3650.18,3651.24,2.0,1.0
2025-07-25T08:38:07.021083,bitmex,3650.37,3651.24,2.0,1.0
2025-07-25T08:38:07.030957,bitmex,3650.38,3651.24,2.0,1.0
2025-07-25T08:38:07.033416,bitmex,3650.38,3651.23,2.0,1.0
2025-07-25T08:38:07.033427,bitmex,3650.57,3651.23,2.0,1.0
2025-07-25T08:38:07.041861,bitmex,3650.38,3651.23,2.0,1.0
2025-07-25T08:38:07.049485,bitmex,3650.38,3651.22,2.0,1.0
2025-07-25T08:38:07.049496,bitmex,3649.97,3651.22,8.0,1.0
2025-07-25T08:38:07.049502,bitmex,3650.58,3651.22,2.0,1.0
2025-07-25T08:38:07.051311,bitmex,3650.77,3651.22,2.0,1.0
2025-07-25T08:38:07.057662,bitmex,3650.77,3651.21,2.0,1.0
2025-07-25T08:38:07.061677,bitmex,3650.58,3651.21,2.0,1.0
2025-07-25T08:38:07.064065,bitmex,3649.97,3651.21,8.0,1.0
2025-07-25T08:38:07.072896,bitrue,3647.09,3647.18,6.161,2.071
2025-07-25T08:38:07.075819,bitmex,3650.77,3651.21,2.0,1.0
2025-07-25T08:38:07.075832,bitmex,3650.77,3651.2,2.0,1.0
2025-07-25T08:38:07.075838,bitmex,3649.97,3651.2,8.0,1.0
2025-07-25T08:38:07.080764,bitmex,3649.98,3651.2,2.0,1.0
2025-07-25T08:38:07.080842,bitmex,3649.98,3651.01,2.0,1.0
2025-07-25T08:38:07.085274,bitmex,3650.17,3651.01,2.0,1.0
2025-07-25T08:38:07.088114,bitmex,3650.17,3652.01,2.0,68.0
2025-07-25T08:38:07.088120,bitmex,3650.17,3652.0,2.0,20.0
2025-07-25T08:38:07.095157,bitmex,3650.18,3652.0,2.0,20.0
2025-07-25T08:38:07.099335,bitmex,3650.18,3651.99,2.0,1.0
2025-07-25T08:38:07.176050,blofin,3644.34,3644.35,22875.0,13510.0
2025-07-25T08:38:07.419731,bitmex,3650.18,3651.98,2.0,1.0
2025-07-25T08:38:07.429479,bitmex,3650.18,3651.94,2.0,8.0
2025-07-25T08:38:07.433599,bitmex,3650.18,3651.98,2.0,1.0
2025-07-25T08:38:07.433611,bitmex,3650.18,3651.93,2.0,1.0
2025-07-25T08:38:07.442700,bitmex,3649.4,3651.93,2.0,1.0
2025-07-25T08:38:07.445996,bitmex,3649.4,3651.92,2.0,1.0
2025-07-25T08:38:07.448612,bitmex,3649.4,3651.74,2.0,2.0
2025-07-25T08:38:07.454811,bitmex,3649.4,3651.74,10.0,2.0
2025-07-25T08:38:07.456945,bitmex,3649.4,3651.73,10.0,1.0
2025-07-25T08:38:07.464360,bitmex,3649.53,3651.73,8.0,1.0
2025-07-25T08:38:07.468093,bitmex,3649.53,3651.72,8.0,1.0
2025-07-25T08:38:07.469352,bitmex,3649.53,3651.72,10.0,1.0
2025-07-25T08:38:07.476203,bitmex,3649.54,3651.72,8.0,1.0
2025-07-25T08:38:07.478771,bitmex,3649.54,3651.72,10.0,1.0
2025-07-25T08:38:07.482379,bitmex,3649.54,3651.71,10.0,1.0
2025-07-25T08:38:07.482390,bitmex,3649.54,3651.71,12.0,1.0
2025-07-25T08:38:07.485648,bitmex,3649.54,3651.71,4.0,1.0
2025-07-25T08:38:07.485657,bitmex,3649.62,3651.71,8.0,1.0
2025-07-25T08:38:07.489397,bitmex,3649.62,3651.7,8.0,9.0
2025-07-25T08:38:07.489408,bitmex,3649.62,3651.7,8.0,18.0
2025-07-25T08:38:07.489415,bitmex,3649.62,3651.7,8.0,27.0
2025-07-25T08:38:07.502186,bitmex,3649.62,3651.69,8.0,6.0
2025-07-25T08:38:07.502198,bitmex,3649.62,3651.69,8.0,15.0
2025-07-25T08:38:07.504979,bitmex,3649.63,3651.69,2.0,15.0
2025-07-25T08:38:07.504989,bitmex,3649.63,3651.69,2.0,6.0
2025-07-25T08:38:07.511517,bitmex,3649.63,3651.68,2.0,1.0
2025-07-25T08:38:07.518716,bitmex,3649.64,3651.68,8.0,1.0
2025-07-25T08:38:07.526842,bitmex,3649.64,3651.67,8.0,1.0
2025-07-25T08:38:07.533400,bitmex,3649.65,3651.67,2.0,1.0
2025-07-25T08:38:07.537327,bitmex,3649.65,3651.66,2.0,1.0
2025-07-25T08:38:07.545120,bitmex,3649.65,3651.66,10.0,1.0
2025-07-25T08:38:07.549633,bitmex,3649.76,3651.66,8.0,1.0
2025-07-25T08:38:07.555101,bitmex,3649.76,3651.65,8.0,1.0
2025-07-25T08:38:07.569475,bitmex,3649.77,3651.65,2.0,1.0
2025-07-25T08:38:07.574215,bitmex,3649.77,3651.65,10.0,1.0
2025-07-25T08:38:07.577596,bitmex,3649.95,3651.65,8.0,1.0
2025-07-25T08:38:07.590282,bitmex,3649.96,3651.65,2.0,1.0
2025-07-25T08:38:07.602727,bitmex,3649.96,3651.64,2.0,68.0
2025-07-25T08:38:07.651264,blofin,3644.87,3644.88,7177.0,8969.0
2025-07-25T08:38:07.778469,bitmex,3649.96,3651.74,2.0,2.0
2025-07-25T08:38:07.815667,bitmart,3646.32,3646.41,356947.0,35910.0
2025-07-25T08:38:08.074031,bitmex,3649.96,3651.74,4.0,2.0
2025-07-25T08:38:08.074043,bitmex,3649.97,3651.74,4.0,2.0
2025-07-25T08:38:08.074477,bitmex,3649.97,3651.73,4.0,1.0
2025-07-25T08:38:08.075844,bitmex,3649.97,3651.73,6.0,1.0
2025-07-25T08:38:08.078181,bitmex,3649.97,3651.73,2.0,1.0
2025-07-25T08:38:08.079372,bitmex,3649.98,3651.73,2.0,1.0
2025-07-25T08:38:08.121518,bitrue,3646.72,3646.81,5.34,2.945
2025-07-25T08:38:08.162514,blofin,3644.87,3644.88,7177.0,8969.0
2025-07-25T08:38:08.434843,bitmex,3649.98,3651.72,2.0,1.0
2025-07-25T08:38:08.438554,bitmex,3649.98,3651.54,2.0,2.0
2025-07-25T08:38:08.461158,bitmex,3649.98,3651.53,2.0,1.0
2025-07-25T08:38:08.470131,bitmex,3649.98,3651.53,2.0,4.0
2025-07-25T08:38:08.470142,bitmex,3649.98,3651.53,2.0,1.0
2025-07-25T08:38:08.470152,bitmex,3649.98,3651.53,2.0,4.0
2025-07-25T08:38:08.474528,bitmex,3649.98,3651.53,2.0,7.0
2025-07-25T08:38:08.489445,bitmex,3649.98,3651.34,2.0,1.0
2025-07-25T08:38:08.494388,bitmex,3649.98,3651.33,2.0,1.0
2025-07-25T08:38:08.507729,bitmex,3649.98,3651.14,2.0,1.0
2025-07-25T08:38:08.511738,bitmex,3649.98,3651.13,2.0,1.0
2025-07-25T08:38:08.524049,bitmex,3649.98,3650.94,2.0,1.0
2025-07-25T08:38:08.536061,bitmex,3649.98,3650.93,2.0,1.0
2025-07-25T08:38:08.645427,blofin,3644.77,3644.78,12163.0,113.0
2025-07-25T08:38:08.714055,bitmex,3649.98,3650.74,2.0,1.0
2025-07-25T08:38:08.717582,bitmex,3649.98,3650.73,2.0,1.0
2025-07-25T08:38:08.721702,bitmex,3649.98,3650.54,2.0,2.0
2025-07-25T08:38:08.726456,bitmex,3649.98,3650.53,2.0,1.0
2025-07-25T08:38:08.733969,bitmex,3649.98,3650.34,2.0,2.0
2025-07-25T08:38:08.738515,bitmex,3649.98,3651.74,2.0,20.0
2025-07-25T08:38:08.738526,bitmex,3650.17,3651.74,2.0,20.0
2025-07-25T08:38:08.743706,bitmex,3650.17,3651.73,2.0,1.0
2025-07-25T08:38:08.744824,bitmex,3650.17,3651.54,2.0,2.0
2025-07-25T08:38:08.744834,bitmex,3649.98,3651.54,2.0,2.0
2025-07-25T08:38:08.749548,bitmex,3649.79,3651.54,2.0,2.0
2025-07-25T08:38:08.749952,bitmex,3649.79,3651.53,2.0,1.0
2025-07-25T08:38:08.755931,bitmart,3645.87,3646.33,76749.0,196867.0
2025-07-25T08:38:08.761485,bitmex,3649.8,3651.53,2.0,1.0
2025-07-25T08:38:08.766533,bitmex,3649.8,3651.52,2.0,1.0
2025-07-25T08:38:08.782507,bitmex,3649.8,3651.5,2.0,9.0
2025-07-25T08:38:08.788869,bitmex,3649.8,3651.49,2.0,1.0
2025-07-25T08:38:08.788880,bitmex,3649.8,3651.49,2.0,5.0
2025-07-25T08:38:08.830943,bitmex,3649.8,3651.49,2.0,1.0
2025-07-25T08:38:09.017185,bitmex,3649.81,3651.49,8.0,1.0
2025-07-25T08:38:09.022709,bitmex,3649.82,3651.49,4.0,1.0
2025-07-25T08:38:09.036317,bitmex,3649.82,3651.49,6.0,1.0
2025-07-25T08:38:09.052691,bitmex,3649.82,3652.1,6.0,46.0
2025-07-25T08:38:09.059080,bitmex,3649.82,3652.1,2.0,46.0
2025-07-25T08:38:09.067990,bitmex,3649.82,3652.1,2.0,57.0
2025-07-25T08:38:09.090774,bitmex,3649.82,3652.1,2.0,66.0
2025-07-25T08:38:09.093819,bitmex,3649.82,3651.97,2.0,68.0
2025-07-25T08:38:09.095706,bitmex,3649.82,3651.96,2.0,1.0
2025-07-25T08:38:09.095724,bitmex,3649.82,3651.96,2.0,21.0
2025-07-25T08:38:09.171880,bitrue,3646.72,3646.82,5.34,7.664
2025-07-25T08:38:09.180721,bitmex,3649.82,3651.96,10.0,21.0
2025-07-25T08:38:09.180729,bitmex,3649.82,3651.96,2.0,21.0
2025-07-25T08:38:09.180735,bitmex,3649.82,3651.96,2.0,1.0
2025-07-25T08:38:09.180740,bitmex,3649.84,3651.96,8.0,1.0
2025-07-25T08:38:09.185233,bitmex,3649.82,3651.96,2.0,1.0
2025-07-25T08:38:09.185245,bitmex,3649.83,3651.96,5.0,1.0
2025-07-25T08:38:09.186951,bitmex,3649.82,3651.96,2.0,1.0
2025-07-25T08:38:09.186960,bitmex,3649.83,3651.96,3.0,1.0
2025-07-25T08:38:09.186965,bitmex,3649.82,3651.96,2.0,1.0
2025-07-25T08:38:09.189935,bitmex,3649.85,3651.96,3.0,1.0
2025-07-25T08:38:09.189947,bitmex,3649.85,3651.96,8.0,1.0
2025-07-25T08:38:09.189953,bitmex,3649.85,3651.96,3.0,1.0
2025-07-25T08:38:09.191746,bitmex,3649.82,3651.96,2.0,1.0
2025-07-25T08:38:09.192308,bitmex,3649.82,3651.95,2.0,1.0
2025-07-25T08:38:09.196250,blofin,3644.77,3644.78,12163.0,113.0
2025-07-25T08:38:09.196774,bitmex,3649.85,3651.95,2.0,1.0
2025-07-25T08:38:09.203151,bitmex,3649.85,3651.95,10.0,1.0
2025-07-25T08:38:09.203162,bitmex,3649.86,3651.95,8.0,1.0
2025-07-25T08:38:09.209200,bitmex,3649.86,3651.95,11.0,1.0
2025-07-25T08:38:09.216234,bitmex,3649.86,3651.95,11.0,10.0
2025-07-25T08:38:09.216243,bitmex,3650.0,3651.95,8.0,10.0
2025-07-25T08:38:09.221213,bitmex,3650.0,3651.95,8.0,19.0
2025-07-25T08:38:09.223143,bitmex,3650.01,3651.95,5.0,19.0
2025-07-25T08:38:09.226119,bitmex,3650.0,3651.95,8.0,19.0
2025-07-25T08:38:09.227220,bitmex,3650.01,3651.95,3.0,19.0
2025-07-25T08:38:09.231810,bitmex,3650.01,3651.95,11.0,19.0
2025-07-25T08:38:09.233689,bitmex,3650.01,3651.95,13.0,19.0
2025-07-25T08:38:09.236867,bitmex,3650.03,3651.95,8.0,19.0
2025-07-25T08:38:09.243152,bitmex,3650.03,3651.94,8.0,1.0
2025-07-25T08:38:09.243163,bitmex,3650.04,3651.94,5.0,1.0
2025-07-25T08:38:09.246383,bitmex,3650.04,3651.94,8.0,1.0
2025-07-25T08:38:09.246395,bitmex,3650.04,3651.94,3.0,1.0
2025-07-25T08:38:09.252665,bitmex,3650.04,3651.94,5.0,1.0
2025-07-25T08:38:09.300924,bitmex,3650.04,3651.94,13.0,1.0
2025-07-25T08:38:09.308642,bitmex,3650.05,3651.94,3.0,1.0
2025-07-25T08:38:09.315253,bitmex,3650.05,3651.93,3.0,1.0
2025-07-25T08:38:09.317719,bitmex,3650.05,3651.93,3.0,69.0
2025-07-25T08:38:09.317730,bitmex,3650.06,3651.93,8.0,69.0
2025-07-25T08:38:09.322319,bitmex,3650.06,3651.93,10.0,69.0
2025-07-25T08:38:09.325331,bitmex,3650.07,3651.93,5.0,69.0
2025-07-25T08:38:09.325342,bitmex,3650.06,3651.93,10.0,69.0
2025-07-25T08:38:09.330363,bitmex,3650.08,3651.93,8.0,69.0
2025-07-25T08:38:09.330374,bitmex,3650.08,3651.93,8.0,1.0
2025-07-25T08:38:09.333154,bitmex,3650.08,3651.93,11.0,1.0
2025-07-25T08:38:09.333165,bitmex,3650.08,3651.93,16.0,1.0
2025-07-25T08:38:09.333171,bitmex,3650.09,3651.93,5.0,1.0
2025-07-25T08:38:09.336501,bitmex,3650.08,3651.93,15.0,1.0
2025-07-25T08:38:09.336512,bitmex,3650.09,3651.93,3.0,1.0
2025-07-25T08:38:09.336518,bitmex,3650.22,3651.93,8.0,1.0
2025-07-25T08:38:09.338627,bitmex,3650.27,3651.93,2.0,1.0
2025-07-25T08:38:09.351856,bitmex,3650.28,3651.93,2.0,1.0
2025-07-25T08:38:09.361459,bitmex,3650.28,3651.95,2.0,27.0
2025-07-25T08:38:09.362872,bitmex,3650.47,3651.95,2.0,27.0
2025-07-25T08:38:09.375597,bitmex,3650.47,3651.95,2.0,18.0
2025-07-25T08:38:09.375611,bitmex,3650.47,3651.95,2.0,9.0
2025-07-25T08:38:09.376410,bitmex,3650.48,3651.95,2.0,9.0
2025-07-25T08:38:09.380197,bitmex,3650.48,3652.1,2.0,11.0
2025-07-25T08:38:09.385015,bitmex,3650.48,3652.79,2.0,5.0
2025-07-25T08:38:09.394518,bitmex,3650.48,3652.79,2.0,2.0
2025-07-25T08:38:09.424884,bitmex,3650.48,3652.78,2.0,1.0
2025-07-25T08:38:09.489480,bitmex,3650.48,3652.48,2.0,68.0
2025-07-25T08:38:09.496924,bitmex,3650.48,3652.47,2.0,1.0
2025-07-25T08:38:09.498927,bitmex,3650.48,3652.47,2.0,21.0
2025-07-25T08:38:09.522578,bitmex,3650.48,3652.47,2.0,1.0
2025-07-25T08:38:09.663530,blofin,3644.36,3644.37,684.0,10075.0
2025-07-25T08:38:09.678932,bitmex,3650.48,3652.46,2.0,68.0
2025-07-25T08:38:09.686662,bitmex,3650.48,3652.45,2.0,1.0
2025-07-25T08:38:09.711221,bitmex,3650.48,3652.45,10.0,1.0
2025-07-25T08:38:09.715040,bitmex,3650.49,3652.45,8.0,1.0
2025-07-25T08:38:09.715053,bitmex,3650.49,3652.45,12.0,1.0
2025-07-25T08:38:09.715268,bitmart,3646.32,3646.57,299856.0,1826.0
2025-07-25T08:38:09.727952,bitmex,3650.49,3652.45,8.0,1.0
2025-07-25T08:38:09.727964,bitmex,3650.5,3652.45,4.0,1.0
2025-07-25T08:38:09.739963,bitmex,3650.5,3652.45,6.0,1.0
2025-07-25T08:38:09.739975,bitmex,3650.5,3652.45,2.0,1.0
2025-07-25T08:38:09.739981,bitmex,3650.5,3652.45,6.0,1.0
2025-07-25T08:38:09.747284,bitmex,3650.5,3652.45,14.0,1.0
2025-07-25T08:38:09.754559,bitmex,3650.51,3652.45,4.0,1.0
2025-07-25T08:38:09.773634,bitmex,3650.52,3652.45,2.0,1.0
2025-07-25T08:38:09.833629,bitmex,3650.52,3652.45,10.0,1.0
2025-07-25T08:38:09.844719,bitmex,3650.53,3652.45,8.0,1.0
2025-07-25T08:38:09.844732,bitmex,3650.53,3652.45,12.0,1.0
2025-07-25T08:38:09.849644,bitmex,3650.54,3652.45,4.0,1.0
2025-07-25T08:38:09.868423,bitmex,3650.54,3652.45,6.0,1.0
2025-07-25T08:38:09.898205,bitmex,3650.54,3652.44,6.0,1.0
2025-07-25T08:38:10.147048,bitmex,3650.54,3652.44,6.0,9.0
2025-07-25T08:38:10.194895,bitmex,3650.54,3652.44,6.0,1.0
2025-07-25T08:38:10.214679,bitrue,3647.64,3647.75,6.382,7.514
2025-07-25T08:38:10.216089,blofin,3644.36,3644.37,684.0,10075.0
2025-07-25T08:38:10.598717,bitmex,3650.54,3652.44,14.0,1.0
2025-07-25T08:38:10.598740,bitmex,3650.56,3652.44,8.0,1.0
2025-07-25T08:38:10.602927,bitmex,3650.56,3652.43,8.0,1.0
2025-07-25T08:38:10.604548,bitmex,3650.57,3652.43,8.0,1.0
2025-07-25T08:38:10.606023,bitmex,3650.56,3652.43,10.0,1.0
2025-07-25T08:38:10.606981,bitmex,3650.57,3652.43,4.0,1.0
2025-07-25T08:38:10.608028,bitmex,3650.57,3652.43,6.0,1.0
2025-07-25T08:38:10.611308,bitmex,3650.57,3652.43,8.0,1.0
2025-07-25T08:38:10.633958,bitmex,3650.58,3652.43,8.0,1.0
2025-07-25T08:38:10.633973,bitmex,3650.76,3652.43,2.0,1.0
2025-07-25T08:38:10.633983,bitmex,3650.77,3652.43,2.0,1.0
2025-07-25T08:38:10.639995,bitmex,3650.77,3652.43,4.0,1.0
2025-07-25T08:38:10.643352,bitmex,3650.77,3652.43,6.0,1.0
2025-07-25T08:38:10.645635,bitmex,3650.77,3652.43,4.0,1.0
2025-07-25T08:38:10.647553,bitmex,3650.96,3652.43,2.0,1.0
2025-07-25T08:38:10.652982,blofin,3645.59,3645.6,18947.0,30.0
2025-07-25T08:38:10.663913,bitmex,3650.97,3652.43,2.0,1.0
2025-07-25T08:38:10.707233,bitmex,3650.97,3652.43,2.0,69.0
2025-07-25T08:38:10.707246,bitmex,3651.16,3652.43,2.0,69.0
2025-07-25T08:38:10.709036,bitmex,3651.17,3652.43,2.0,69.0
2025-07-25T08:38:10.716440,bitmex,3651.36,3652.43,2.0,69.0
2025-07-25T08:38:10.728850,bitmex,3651.37,3652.43,2.0,69.0
2025-07-25T08:38:10.732574,bitmex,3651.56,3652.43,2.0,69.0
2025-07-25T08:38:10.737549,bitmex,3651.56,3652.43,2.0,1.0
2025-07-25T08:38:10.743705,bitmex,3651.57,3652.43,2.0,1.0
2025-07-25T08:38:10.746628,bitmex,3651.76,3652.43,2.0,1.0
2025-07-25T08:38:10.771003,bitmex,3650.77,3652.43,2.0,1.0
2025-07-25T08:38:10.782625,bitmart,3647.09,3647.36,74148.0,16624.0
2025-07-25T08:38:10.790118,bitmex,3650.96,3652.43,2.0,1.0
2025-07-25T08:38:10.798017,bitmex,3650.97,3652.43,2.0,1.0
2025-07-25T08:38:10.802603,bitmex,3651.16,3652.43,2.0,1.0
2025-07-25T08:38:10.817136,bitmex,3651.17,3652.43,2.0,1.0
2025-07-25T08:38:10.823769,bitmex,3651.36,3652.43,2.0,1.0
2025-07-25T08:38:10.861989,bitmex,3651.37,3652.43,2.0,1.0
2025-07-25T08:38:10.862004,bitmex,3651.56,3652.43,2.0,1.0
2025-07-25T08:38:10.862013,bitmex,3651.57,3652.43,2.0,1.0
2025-07-25T08:38:10.862022,bitmex,3651.76,3652.43,2.0,1.0
2025-07-25T08:38:10.868537,bitmex,3651.57,3652.43,2.0,1.0
2025-07-25T08:38:10.880901,bitmex,3650.77,3652.43,2.0,1.0
2025-07-25T08:38:10.889016,bitmex,3650.78,3652.43,2.0,1.0
2025-07-25T08:38:10.889348,bitmex,3650.96,3652.43,2.0,1.0
2025-07-25T08:38:10.906479,bitmex,3650.97,3652.43,2.0,1.0
2025-07-25T08:38:10.910103,bitmex,3650.97,3652.42,2.0,1.0
2025-07-25T08:38:11.137244,bitmex,3651.16,3652.42,2.0,1.0
2025-07-25T08:38:11.154734,bitmex,3651.17,3652.42,2.0,1.0
2025-07-25T08:38:11.154756,bitmex,3651.36,3652.42,2.0,1.0
2025-07-25T08:38:11.166812,bitmex,3651.37,3652.42,2.0,1.0
2025-07-25T08:38:11.182920,blofin,3645.59,3645.6,18947.0,30.0
2025-07-25T08:38:11.262499,bitrue,3647.75,3647.84,7.036,0.04
2025-07-25T08:38:11.306095,bitmex,3650.59,3652.42,3.0,1.0
2025-07-25T08:38:11.306109,bitmex,3650.59,3652.23,3.0,1.0
2025-07-25T08:38:11.309542,bitmex,3650.59,3652.22,3.0,1.0
2025-07-25T08:38:11.316500,bitmex,3650.58,3652.22,2.0,1.0
2025-07-25T08:38:11.317918,bitmex,3650.6,3652.22,2.0,1.0
2025-07-25T08:38:11.321690,bitmex,3650.6,3652.21,2.0,1.0
2025-07-25T08:38:11.649006,blofin,3645.59,3645.6,1359.0,9731.0
2025-07-25T08:38:11.739446,bitmex,3650.79,3652.21,2.0,1.0
2025-07-25T08:38:11.754053,bitmex,3650.8,3652.21,2.0,1.0
2025-07-25T08:38:11.754065,bitmex,3650.99,3652.21,2.0,1.0
2025-07-25T08:38:11.759370,bitmart,3647.27,3647.28,43506.0,215603.0
2025-07-25T08:38:11.764123,bitmex,3651.0,3652.21,2.0,1.0
2025-07-25T08:38:11.769571,bitmex,3651.19,3652.21,2.0,1.0
2025-07-25T08:38:11.777043,bitmex,3651.19,3652.21,4.0,1.0
2025-07-25T08:38:11.778355,bitmex,3651.19,3652.21,2.0,1.0
2025-07-25T08:38:11.783136,bitmex,3651.38,3652.21,2.0,1.0
2025-07-25T08:38:11.791666,bitmex,3651.39,3652.21,2.0,1.0
2025-07-25T08:38:11.795652,bitmex,3651.58,3652.21,2.0,1.0
2025-07-25T08:38:11.812547,bitmex,3651.59,3652.21,2.0,1.0
2025-07-25T08:38:11.816519,bitmex,3651.78,3652.21,2.0,1.0
2025-07-25T08:38:11.837557,bitmex,3651.39,3652.21,2.0,1.0
2025-07-25T08:38:11.852428,bitmex,3651.58,3652.21,2.0,1.0
2025-07-25T08:38:11.927389,bitmex,3651.39,3652.21,2.0,1.0
2025-07-25T08:38:11.931077,bitmex,3651.58,3652.21,2.0,1.0
2025-07-25T08:38:11.989103,bitmex,3651.39,3652.21,2.0,1.0
2025-07-25T08:38:11.996522,bitmex,3651.58,3652.21,2.0,1.0
2025-07-25T08:38:12.001749,bitmex,3651.4,3652.21,2.0,1.0
2025-07-25T08:38:12.005889,bitmex,3651.59,3652.21,2.0,1.0
2025-07-25T08:38:12.026925,bitmex,3650.41,3652.21,8.0,1.0
2025-07-25T08:38:12.034370,bitmex,3650.6,3652.21,2.0,1.0
2025-07-25T08:38:12.044455,bitmex,3650.61,3652.21,2.0,1.0
2025-07-25T08:38:12.047762,bitmex,3650.8,3652.21,2.0,1.0
2025-07-25T08:38:12.062497,bitmex,3650.81,3652.21,2.0,1.0
2025-07-25T08:38:12.071461,bitmex,3651.0,3652.21,2.0,1.0
2025-07-25T08:38:12.084520,bitmex,3651.01,3652.21,2.0,1.0
2025-07-25T08:38:12.088382,bitmex,3651.2,3652.21,2.0,1.0
2025-07-25T08:38:12.100589,bitmex,3651.21,3652.21,2.0,1.0
2025-07-25T08:38:12.104447,bitmex,3651.4,3652.21,2.0,1.0
2025-07-25T08:38:12.117410,bitmex,3651.41,3652.21,2.0,1.0
2025-07-25T08:38:12.139897,bitmex,3651.41,3652.84,2.0,154.0
2025-07-25T08:38:12.139909,bitmex,3649.23,3652.84,8.0,154.0
2025-07-25T08:38:12.139916,bitmex,3651.6,3652.84,2.0,154.0
2025-07-25T08:38:12.144832,bitmex,3651.6,3652.83,2.0,12.0
2025-07-25T08:38:12.146230,bitmex,3651.6,3652.83,2.0,13.0
2025-07-25T08:38:12.146239,bitmex,3651.6,3652.83,2.0,30.0
2025-07-25T08:38:12.146244,bitmex,3651.6,3652.65,2.0,2.0
2025-07-25T08:38:12.153960,bitmex,3649.23,3652.65,8.0,2.0
2025-07-25T08:38:12.153970,bitmex,3649.23,3652.64,8.0,2.0
2025-07-25T08:38:12.158049,bitmex,3649.41,3652.64,8.0,2.0
2025-07-25T08:38:12.161150,bitmex,3649.41,3652.64,8.0,3.0
2025-07-25T08:38:12.161162,bitmex,3649.23,3652.64,8.0,3.0
2025-07-25T08:38:12.167329,bitmex,3649.24,3652.64,2.0,3.0
2025-07-25T08:38:12.173950,bitmex,3649.42,3652.64,8.0,3.0
2025-07-25T08:38:12.173961,bitmex,3649.42,3652.63,8.0,1.0
2025-07-25T08:38:12.178353,bitmex,3649.42,3652.63,10.0,1.0
2025-07-25T08:38:12.183671,bitmex,3649.6,3652.63,8.0,1.0
2025-07-25T08:38:12.194934,bitmex,3649.6,3652.62,8.0,1.0
2025-07-25T08:38:12.199630,bitmex,3649.61,3652.62,2.0,1.0
2025-07-25T08:38:12.208216,bitmex,3649.77,3652.62,8.0,1.0
2025-07-25T08:38:12.215007,blofin,3645.59,3645.6,445.0,17869.0
2025-07-25T08:38:12.215901,bitmex,3649.77,3652.61,8.0,1.0
2025-07-25T08:38:12.226997,bitmex,3649.78,3652.61,2.0,1.0
2025-07-25T08:38:12.227226,bitmex,3649.78,3652.61,2.0,69.0
2025-07-25T08:38:12.234003,bitmex,3649.78,3652.6,2.0,1.0
2025-07-25T08:38:12.234014,bitmex,3649.87,3652.6,8.0,1.0
2025-07-25T08:38:12.234020,bitmex,3649.87,3652.6,8.0,22.0
2025-07-25T08:38:12.255865,bitmex,3649.88,3652.6,2.0,22.0
2025-07-25T08:38:12.255871,bitmex,3649.88,3652.59,2.0,1.0
2025-07-25T08:38:12.260655,bitmex,3649.96,3652.59,8.0,1.0
2025-07-25T08:38:12.261073,bitmex,3649.97,3652.59,3.0,1.0
2025-07-25T08:38:12.262322,bitmex,3649.97,3652.59,8.0,1.0
2025-07-25T08:38:12.270323,bitmex,3649.97,3652.58,8.0,1.0
2025-07-25T08:38:12.270334,bitmex,3649.97,3652.58,3.0,1.0
2025-07-25T08:38:12.270341,bitmex,3649.99,3652.58,8.0,1.0
2025-07-25T08:38:12.272763,bitmex,3650.0,3652.58,5.0,1.0
2025-07-25T08:38:12.276103,bitmex,3649.99,3652.58,8.0,1.0
2025-07-25T08:38:12.276114,bitmex,3650.0,3652.58,3.0,1.0
2025-07-25T08:38:12.278654,bitmex,3650.0,3652.57,3.0,1.0
2025-07-25T08:38:12.283131,bitmex,3650.0,3652.57,5.0,1.0
2025-07-25T08:38:12.283141,bitmex,3650.03,3652.57,8.0,1.0
2025-07-25T08:38:12.288044,bitmex,3650.04,3652.57,4.0,1.0
2025-07-25T08:38:12.288054,bitmex,3650.04,3652.57,10.0,1.0
2025-07-25T08:38:12.291647,bitmex,3650.04,3652.57,4.0,1.0
2025-07-25T08:38:12.291661,bitmex,3650.04,3652.57,6.0,1.0
2025-07-25T08:38:12.292203,bitmex,3650.04,3652.56,6.0,1.0
2025-07-25T08:38:12.294176,bitmex,3650.1,3652.56,8.0,1.0
2025-07-25T08:38:12.300346,bitmex,3650.11,3652.56,3.0,1.0
2025-07-25T08:38:12.308105,bitmex,3650.11,3652.55,3.0,1.0
2025-07-25T08:38:12.308115,bitmex,3650.11,3652.55,5.0,1.0
2025-07-25T08:38:12.308120,bitmex,3650.14,3652.55,8.0,1.0
2025-07-25T08:38:12.309164,bitrue,3647.95,3648.04,2.073,6.674
2025-07-25T08:38:12.311926,bitmex,3650.15,3652.55,5.0,1.0
2025-07-25T08:38:12.314291,bitmex,3650.14,3652.55,8.0,1.0
2025-07-25T08:38:12.314443,bitmex,3650.15,3652.55,3.0,1.0
2025-07-25T08:38:12.318680,bitmex,3650.15,3652.54,3.0,1.0
2025-07-25T08:38:12.318696,bitmex,3650.15,3652.54,5.0,1.0
2025-07-25T08:38:12.325024,bitmex,3650.15,3652.54,13.0,1.0
2025-07-25T08:38:12.329695,bitmex,3650.16,3652.54,3.0,1.0
2025-07-25T08:38:12.331094,bitmex,3650.23,3652.54,8.0,1.0
2025-07-25T08:38:12.334068,bitmex,3650.23,3652.53,8.0,1.0
2025-07-25T08:38:12.343241,bitmex,3650.24,3652.53,2.0,1.0
2025-07-25T08:38:12.353320,bitmex,3650.24,3652.52,2.0,1.0
2025-07-25T08:38:12.353331,bitmex,3650.24,3652.52,10.0,1.0
2025-07-25T08:38:12.359470,bitmex,3650.25,3652.52,5.0,1.0
2025-07-25T08:38:12.359482,bitmex,3650.24,3652.52,10.0,1.0
2025-07-25T08:38:12.359488,bitmex,3650.25,3652.52,3.0,1.0
2025-07-25T08:38:12.359493,bitmex,3650.26,3652.52,8.0,1.0
2025-07-25T08:38:12.362098,bitmex,3650.26,3652.51,8.0,1.0
2025-07-25T08:38:12.363272,bitmex,3650.27,3652.51,5.0,1.0
2025-07-25T08:38:12.363281,bitmex,3650.26,3652.51,8.0,1.0
2025-07-25T08:38:12.363286,bitmex,3650.27,3652.51,3.0,1.0
2025-07-25T08:38:12.374774,bitmex,3650.28,3652.51,2.0,1.0
2025-07-25T08:38:12.379813,bitmex,3650.28,3652.5,2.0,1.0
2025-07-25T08:38:12.383615,bitmex,3650.28,3652.5,5.0,1.0
2025-07-25T08:38:12.384811,bitmex,3650.28,3652.5,13.0,1.0
2025-07-25T08:38:12.384821,bitmex,3650.28,3652.5,18.0,1.0
2025-07-25T08:38:12.385579,bitmex,3650.28,3652.5,13.0,1.0
2025-07-25T08:38:12.388420,bitmex,3650.28,3652.5,10.0,1.0
2025-07-25T08:38:12.390486,bitmex,3650.29,3652.5,6.0,1.0
2025-07-25T08:38:12.391297,bitmex,3650.29,3652.5,10.0,1.0
2025-07-25T08:38:12.391618,bitmex,3650.29,3652.5,4.0,1.0
2025-07-25T08:38:12.393524,bitmex,3650.29,3652.49,4.0,1.0
2025-07-25T08:38:12.401018,bitmex,3650.3,3652.49,2.0,1.0
2025-07-25T08:38:12.405650,bitmex,3650.3,3652.48,2.0,1.0
2025-07-25T08:38:12.583041,bitmex,3650.3,3652.47,2.0,1.0
2025-07-25T08:38:12.647438,blofin,3645.59,3645.6,445.0,17869.0
2025-07-25T08:38:12.717482,bitmart,3647.09,3647.1,155067.0,118438.0
2025-07-25T08:38:12.803658,bitmex,3650.3,3652.47,10.0,1.0
2025-07-25T08:38:12.804267,bitmex,3650.31,3652.47,8.0,1.0
2025-07-25T08:38:12.808199,bitmex,3650.31,3652.46,8.0,1.0
2025-07-25T08:38:12.809381,bitmex,3650.32,3652.46,8.0,1.0
2025-07-25T08:38:12.809390,bitmex,3650.31,3652.46,13.0,1.0
2025-07-25T08:38:12.810091,bitmex,3650.32,3652.46,5.0,1.0
2025-07-25T08:38:12.812585,bitmex,3650.32,3652.46,8.0,1.0
2025-07-25T08:38:12.812596,bitmex,3650.32,3652.46,3.0,1.0
2025-07-25T08:38:12.816067,bitmex,3650.32,3652.46,5.0,1.0
2025-07-25T08:38:12.966733,bitmex,3650.32,3652.46,13.0,1.0
2025-07-25T08:38:12.971583,bitmex,3650.33,3652.46,5.0,1.0
2025-07-25T08:38:12.972102,bitmex,3650.33,3652.46,13.0,1.0
2025-07-25T08:38:12.975263,bitmex,3650.33,3652.46,8.0,1.0
2025-07-25T08:38:12.975273,bitmex,3650.33,3652.46,11.0,1.0
2025-07-25T08:38:12.976101,bitmex,3650.33,3652.45,11.0,1.0
2025-07-25T08:38:12.976902,bitmex,3650.34,3652.45,5.0,1.0
2025-07-25T08:38:12.977465,bitmex,3650.33,3652.45,8.0,1.0
2025-07-25T08:38:12.977748,bitmex,3650.34,3652.45,3.0,1.0
2025-07-25T08:38:12.988620,bitmex,3650.34,3652.45,5.0,1.0
2025-07-25T08:38:13.166519,bitmex,3650.34,3652.45,13.0,1.0
2025-07-25T08:38:13.171388,bitmex,3650.35,3652.45,5.0,1.0
2025-07-25T08:38:13.172689,bitmex,3650.35,3652.45,13.0,1.0
2025-07-25T08:38:13.175353,bitmex,3650.35,3652.45,16.0,1.0
2025-07-25T08:38:13.175372,bitmex,3650.35,3652.45,11.0,1.0
2025-07-25T08:38:13.178599,bitmex,3650.36,3652.45,5.0,1.0
2025-07-25T08:38:13.178611,bitmex,3650.36,3652.45,8.0,1.0
2025-07-25T08:38:13.178989,bitmex,3650.36,3652.45,3.0,1.0
2025-07-25T08:38:13.182624,bitmex,3650.36,3652.45,11.0,1.0
2025-07-25T08:38:13.182634,bitmex,3650.36,3652.45,13.0,1.0
2025-07-25T08:38:13.184332,bitmex,3650.37,3652.45,5.0,1.0
2025-07-25T08:38:13.184634,bitmex,3650.37,3652.45,8.0,1.0
2025-07-25T08:38:13.184643,bitmex,3650.37,3652.45,3.0,1.0
2025-07-25T08:38:13.187088,bitmex,3650.38,3652.45,8.0,1.0
2025-07-25T08:38:13.191337,bitmex,3650.39,3652.45,3.0,1.0
2025-07-25T08:38:13.195453,bitmex,3650.39,3652.44,3.0,1.0
2025-07-25T08:38:13.203570,bitmex,3650.4,3652.44,2.0,1.0
