timestamp,exchange,bid,ask,bid_vol,ask_vol
2025-07-25T07:28:32.652194,bitrue,111.71,111.77,124.644,9.559
2025-07-25T07:28:32.751353,huobi,111.68,111.71,2.97,1.7
2025-07-25T07:28:32.751477,huobi,111.66,111.69,18.5,2.97
2025-07-25T07:28:32.839629,huobi,111.65,111.68,2.97,2.97
2025-07-25T07:28:33.340038,huobi,111.65,111.68,2.97,2.97
2025-07-25T07:28:33.428390,bitrue,111.68,111.71,123.925,62.159
2025-07-25T07:28:33.441913,huobi,111.65,111.69,2.97,2.97
2025-07-25T07:28:33.638302,huobi,111.65,111.69,2.97,2.97
2025-07-25T07:28:33.937979,huobi,111.65,111.69,2.97,2.97
2025-07-25T07:28:34.139612,huobi,111.65,111.69,2.97,2.97
2025-07-25T07:28:34.336696,huobi,111.65,111.69,2.97,2.97
2025-07-25T07:28:34.439761,huobi,111.65,111.67,2.97,2.97
2025-07-25T07:28:34.473075,bitrue,111.68,111.71,123.925,62.159
2025-07-25T07:28:34.537914,huobi,111.65,111.69,2.97,2.97
2025-07-25T07:28:34.738771,huobi,111.65,111.69,2.97,2.97
2025-07-25T07:28:34.843168,huobi,111.64,111.69,18.5,2.97
2025-07-25T07:28:34.937500,huobi,111.64,111.67,18.5,2.97
2025-07-25T07:28:35.037126,huobi,111.64,111.67,18.5,2.97
2025-07-25T07:28:35.237187,huobi,111.64,111.67,18.5,2.97
2025-07-25T07:28:35.436537,huobi,111.63,111.67,21.47,2.97
2025-07-25T07:28:35.537326,huobi,111.61,111.65,2.97,2.97
2025-07-25T07:28:35.573763,bitrue,111.65,111.71,61.116,62.159
2025-07-25T07:28:35.642180,huobi,111.62,111.65,2.97,2.97
2025-07-25T07:28:35.838794,huobi,111.62,111.65,2.97,2.97
2025-07-25T07:28:36.136966,huobi,111.63,111.65,4.9147,2.97
2025-07-25T07:28:36.237946,huobi,111.62,111.65,2.97,2.97
2025-07-25T07:28:36.620266,bitrue,111.64,111.68,114.281,66.36
2025-07-25T07:28:36.738331,huobi,111.63,111.65,2.97,2.97
2025-07-25T07:28:36.941303,huobi,111.63,111.65,2.97,2.97
2025-07-25T07:28:37.038357,huobi,111.63,111.68,2.97,2.97
2025-07-25T07:28:37.137521,huobi,111.66,111.7,2.97,2.97
2025-07-25T07:28:37.336774,huobi,111.65,111.7,18.5,2.97
2025-07-25T07:28:37.437356,huobi,111.66,111.7,2.97,2.97
2025-07-25T07:28:37.536057,huobi,111.66,111.7,2.97,2.97
2025-07-25T07:28:37.637025,huobi,111.66,111.7,2.97,2.97
2025-07-25T07:28:38.040054,huobi,111.68,111.7,5.1577,2.97
2025-07-25T07:28:38.139339,huobi,111.66,111.7,2.97,2.97
2025-07-25T07:28:38.437736,huobi,111.66,111.7,2.97,2.97
2025-07-25T07:28:38.640503,huobi,111.67,111.7,2.97,2.97
2025-07-25T07:28:38.709607,bitrue,111.68,111.71,87.461,62.159
2025-07-25T07:28:38.938766,huobi,111.67,111.7,2.97,2.97
2025-07-25T07:28:39.239114,huobi,111.67,111.73,2.97,2.97
2025-07-25T07:28:39.337460,huobi,111.67,111.7,2.97,2.97
2025-07-25T07:28:39.636394,huobi,111.67,111.7,2.97,2.97
2025-07-25T07:28:39.837605,huobi,111.66,111.7,2.97,2.97
2025-07-25T07:28:40.038189,huobi,111.66,111.7,2.97,2.97
2025-07-25T07:28:40.137351,huobi,111.67,111.7,1.7,2.97
2025-07-25T07:28:40.352312,huobi,111.67,111.7,4.67,2.97
2025-07-25T07:28:40.537498,huobi,111.67,111.7,4.67,2.97
2025-07-25T07:28:41.037674,huobi,111.66,111.7,2.97,2.97
2025-07-25T07:28:41.340845,huobi,111.67,111.7,2.97,2.97
2025-07-25T07:28:41.540570,huobi,111.67,111.7,2.97,2.97
2025-07-25T07:28:41.637621,huobi,111.66,111.7,2.97,2.97
2025-07-25T07:28:41.937869,huobi,111.66,111.7,2.97,2.97
2025-07-25T07:28:42.137867,huobi,111.66,111.7,2.97,2.97
2025-07-25T07:28:42.337738,huobi,111.66,111.68,2.97,4.7967
2025-07-25T07:28:42.437082,huobi,111.65,111.68,2.97,4.7967
2025-07-25T07:28:42.886040,bitrue,111.67,111.71,40.667,62.159
2025-07-25T07:28:42.887610,huobi,111.65,111.68,2.97,4.7967
2025-07-25T07:28:43.137548,huobi,111.65,111.68,2.97,4.7967
2025-07-25T07:28:43.239366,huobi,111.65,111.7,2.97,0.2119
2025-07-25T07:28:43.338549,huobi,111.65,111.69,2.97,2.97
2025-07-25T07:28:43.537067,huobi,111.65,111.69,2.97,10.9739
2025-07-25T07:28:43.636247,huobi,111.65,111.68,2.97,2.97
2025-07-25T07:28:43.736169,huobi,111.66,111.69,2.97,2.97
2025-07-25T07:28:44.038528,huobi,111.66,111.69,2.97,2.97
2025-07-25T07:28:44.139758,huobi,111.65,111.68,2.97,2.97
2025-07-25T07:28:44.340617,huobi,111.65,111.69,2.97,8.0039
2025-07-25T07:28:44.539961,huobi,111.65,111.68,2.97,2.97
2025-07-25T07:28:44.837022,huobi,111.66,111.68,2.97,2.97
2025-07-25T07:28:44.937906,huobi,111.66,111.69,2.97,8.0039
2025-07-25T07:28:45.239637,huobi,111.66,111.73,2.97,2.97
2025-07-25T07:28:45.463891,huobi,111.66,111.73,2.97,2.97
2025-07-25T07:28:45.541934,huobi,111.64,111.71,18.5,2.591
2025-07-25T07:28:45.640084,huobi,111.65,111.71,2.97,2.591
2025-07-25T07:28:45.941221,huobi,111.65,111.68,2.97,2.97
2025-07-25T07:28:46.038023,huobi,111.65,111.7,2.97,2.97
2025-07-25T07:28:46.236978,huobi,111.65,111.68,2.97,2.97
2025-07-25T07:28:46.339289,huobi,111.65,111.69,2.97,7.505481850837138
2025-07-25T07:28:46.438948,huobi,111.65,111.69,2.97,7.505481850837138
2025-07-25T07:28:46.538313,huobi,111.65,111.68,2.97,2.97
2025-07-25T07:28:46.642206,huobi,111.65,111.68,2.97,2.97
2025-07-25T07:28:46.738824,huobi,111.65,111.69,2.97,7.505481850837138
2025-07-25T07:28:46.838715,huobi,111.65,111.69,21.47,7.505481850837138
2025-07-25T07:28:46.941894,huobi,111.66,111.69,2.97,7.505481850837138
2025-07-25T07:28:47.078509,bitrue,111.66,111.71,44.913,62.159
2025-07-25T07:28:47.136498,huobi,111.66,111.69,2.97,7.505481850837138
2025-07-25T07:28:47.637437,huobi,111.67,111.69,2.97,7.505481850837138
2025-07-25T07:28:47.841666,huobi,111.67,111.69,2.97,7.505481850837138
2025-07-25T07:28:48.137430,bitrue,111.68,111.71,86.65,62.159
2025-07-25T07:28:48.138345,huobi,111.67,111.74,2.97,2.8029
2025-07-25T07:28:48.242405,huobi,111.67,111.73,2.97,2.97
2025-07-25T07:28:48.438276,huobi,111.67,111.71,2.97,2.97
2025-07-25T07:28:48.838294,huobi,111.69,111.71,2.97,2.97
2025-07-25T07:28:48.937370,huobi,111.66,111.71,2.97,2.97
2025-07-25T07:28:49.236749,huobi,111.66,111.68,2.97,4.9715
2025-07-25T07:28:49.337162,huobi,111.66,111.71,2.97,2.97
2025-07-25T07:28:49.438292,huobi,111.68,111.71,2.97,2.97
2025-07-25T07:28:49.640486,huobi,111.66,111.71,2.97,2.97
2025-07-25T07:28:49.936996,huobi,111.69,111.71,2.97,2.97
2025-07-25T07:28:50.142117,huobi,111.66,111.72,2.97,8.0039
2025-07-25T07:28:50.242473,huobi,111.67,111.73,2.97,2.97
2025-07-25T07:28:50.439408,huobi,111.67,111.73,2.97,2.97
2025-07-25T07:28:50.837532,huobi,111.67,111.73,18.5,2.97
2025-07-25T07:28:50.938407,huobi,111.7,111.73,2.97,2.97
2025-07-25T07:28:51.236887,huobi,111.69,111.71,4.67,2.97
2025-07-25T07:28:51.282046,bitrue,111.68,111.73,86.65,43.959
2025-07-25T07:28:51.337886,huobi,111.69,111.71,1.7,2.97
2025-07-25T07:28:51.536348,huobi,111.7,111.72,2.97,8.0039
2025-07-25T07:28:51.637094,huobi,111.7,111.72,2.97,8.0039
2025-07-25T07:28:51.939249,huobi,111.7,111.72,2.97,8.0039
2025-07-25T07:28:52.038019,huobi,111.7,111.72,2.97,8.0039
2025-07-25T07:28:52.336967,huobi,111.7,111.72,2.97,8.0039
2025-07-25T07:28:52.438363,huobi,111.69,111.71,4.67,2.97
2025-07-25T07:28:52.536628,huobi,111.69,111.71,4.67,2.97
2025-07-25T07:28:52.637874,huobi,111.7,111.72,2.97,8.0039
2025-07-25T07:28:53.035576,huobi,111.7,111.72,2.97,8.0039
2025-07-25T07:28:53.436997,huobi,111.7,111.72,2.97,8.0039
2025-07-25T07:28:53.537775,huobi,111.7,111.73,2.97,2.97
2025-07-25T07:28:53.938739,huobi,111.7,111.73,2.97,2.97
2025-07-25T07:28:54.138165,huobi,111.7,111.73,2.97,2.97
2025-07-25T07:28:54.437724,huobi,111.71,111.73,2.97,2.97
2025-07-25T07:28:54.637162,huobi,111.71,111.73,2.97,2.97
2025-07-25T07:28:54.736168,huobi,111.69,111.73,1.7,2.97
2025-07-25T07:28:54.843260,huobi,111.68,111.71,2.97,2.97
2025-07-25T07:28:55.036215,huobi,111.69,111.71,2.97,2.97
2025-07-25T07:28:55.237642,huobi,111.69,111.72,2.97,8.0039
2025-07-25T07:28:55.439098,huobi,111.69,111.72,2.97,8.0039
2025-07-25T07:28:55.839137,huobi,111.69,111.7,2.97,5.704
2025-07-25T07:28:55.939836,huobi,111.69,111.72,2.97,8.0039
2025-07-25T07:28:56.039748,huobi,111.69,111.79,2.97,2.591
2025-07-25T07:28:56.138478,huobi,111.69,111.76,2.97,2.97
2025-07-25T07:28:56.341024,huobi,111.69,111.75,2.97,8.0039
2025-07-25T07:28:56.438334,huobi,111.69,111.74,2.97,0.2119
2025-07-25T07:28:56.539329,huobi,111.69,111.74,2.97,2.97
2025-07-25T07:28:56.544629,bitrue,111.71,111.74,103.559,14.169
2025-07-25T07:28:56.636750,huobi,111.71,111.74,4.8257,2.97
2025-07-25T07:28:56.740597,huobi,111.71,111.74,2.97,2.97
2025-07-25T07:28:56.838069,huobi,111.69,111.74,2.97,2.97
2025-07-25T07:28:56.939504,huobi,111.69,111.73,2.97,8.0039
2025-07-25T07:28:57.038531,huobi,111.69,111.72,2.97,2.97
2025-07-25T07:28:57.538621,huobi,111.68,111.72,18.5,2.97
2025-07-25T07:28:57.591478,bitrue,111.71,111.74,103.559,14.169
2025-07-25T07:28:57.638014,huobi,111.7,111.71,1.7,2.97
2025-07-25T07:28:57.938871,huobi,111.68,111.71,18.5,2.97
2025-07-25T07:28:58.037234,huobi,111.69,111.71,2.97,2.97
2025-07-25T07:28:58.140111,huobi,111.69,111.71,7.8067,2.97
2025-07-25T07:28:58.238553,huobi,111.68,111.71,18.5,2.97
2025-07-25T07:28:58.436438,huobi,111.68,111.71,18.5,2.97
2025-07-25T07:28:58.541779,huobi,111.69,111.72,2.97,2.97
2025-07-25T07:28:58.637040,bitrue,111.7,111.74,28.601,14.169
2025-07-25T07:28:58.738559,huobi,111.69,111.73,2.97,8.0039
2025-07-25T07:28:58.937094,huobi,111.69,111.75,2.97,0.2119
2025-07-25T07:28:59.038386,huobi,111.7,111.74,2.97,2.97
2025-07-25T07:28:59.240687,huobi,111.73,111.74,5.0775,2.97
2025-07-25T07:28:59.338019,huobi,111.72,111.74,2.97,2.97
2025-07-25T07:28:59.539855,huobi,111.72,111.75,2.97,8.2158
2025-07-25T07:28:59.642286,huobi,111.73,111.75,2.97,8.2158
2025-07-25T07:28:59.685638,bitrue,111.7,111.75,28.601,26.09
2025-07-25T07:28:59.737962,huobi,111.73,111.74,2.97,8.0039
2025-07-25T07:28:59.840931,huobi,111.73,111.76,7.8016,2.97
2025-07-25T07:29:00.140117,huobi,111.73,111.75,7.8016,8.0039
2025-07-25T07:29:00.241589,huobi,111.73,111.74,4.8316,2.97
2025-07-25T07:29:00.539049,huobi,111.73,111.74,4.8316,2.97
2025-07-25T07:29:00.731870,bitrue,111.73,111.77,79.573,15.183
2025-07-25T07:29:01.136197,huobi,111.71,111.73,2.97,3.2452
2025-07-25T07:29:01.235915,huobi,111.7,111.73,2.97,2.97
2025-07-25T07:29:01.440595,huobi,111.69,111.73,2.97,2.97
2025-07-25T07:29:01.537989,huobi,111.67,111.73,21.47,5.561
2025-07-25T07:29:01.636582,huobi,111.68,111.7,2.97,2.97
2025-07-25T07:29:01.740701,huobi,111.65,111.72,2.97,2.97
2025-07-25T07:29:01.778071,bitrue,111.7,111.74,28.601,38.79
2025-07-25T07:29:01.937629,huobi,111.65,111.71,2.97,2.97
2025-07-25T07:29:02.038441,huobi,111.68,111.71,2.97,2.97
2025-07-25T07:29:02.137250,huobi,111.68,111.73,2.97,2.97
2025-07-25T07:29:02.437448,huobi,111.68,111.73,21.47,2.97
2025-07-25T07:29:02.536484,huobi,111.69,111.72,2.97,8.0039
2025-07-25T07:29:02.821284,bitrue,111.68,111.74,56.957,38.79
2025-07-25T07:29:02.836369,huobi,111.7,111.71,1.7,2.97
2025-07-25T07:29:02.935955,huobi,111.7,111.73,1.7,8.0039
2025-07-25T07:29:03.035737,huobi,111.7,111.72,1.7,2.97
2025-07-25T07:29:03.237075,huobi,111.7,111.71,1.7,2.97
2025-07-25T07:29:03.739293,huobi,111.7,111.71,6.864,2.97
2025-07-25T07:29:03.842266,huobi,111.7,111.71,6.864,10.9739
2025-07-25T07:29:03.865116,bitrue,111.71,111.74,101.676,38.79
2025-07-25T07:29:03.937884,huobi,111.7,111.71,11.841,13.5649
2025-07-25T07:29:04.742325,huobi,111.7,111.71,15.8395,15.2649
2025-07-25T07:29:04.837091,huobi,111.65,111.7,2.97,2.591
2025-07-25T07:29:04.913231,bitrue,111.71,111.74,101.676,38.79
2025-07-25T07:29:05.036922,huobi,111.65,111.69,2.97,2.97
2025-07-25T07:29:05.136406,huobi,111.67,111.69,2.97,2.97
2025-07-25T07:29:05.336549,huobi,111.66,111.69,2.97,2.97
2025-07-25T07:29:05.736073,huobi,111.66,111.69,2.97,2.97
2025-07-25T07:29:05.959655,bitrue,111.68,111.71,56.957,98.627
2025-07-25T07:29:06.036718,huobi,111.66,111.7,2.97,8.0039
2025-07-25T07:29:06.141030,huobi,111.66,111.69,2.97,1.7
2025-07-25T07:29:06.337801,huobi,111.66,111.69,2.97,1.7
2025-07-25T07:29:07.004140,bitrue,111.68,111.71,56.957,98.627
2025-07-25T07:29:07.139207,huobi,111.66,111.69,2.97,4.67
2025-07-25T07:29:07.238836,huobi,111.66,111.68,2.97,2.97
2025-07-25T07:29:07.337720,huobi,111.66,111.68,2.97,2.97
2025-07-25T07:29:07.436848,huobi,111.66,111.69,2.97,4.67
2025-07-25T07:29:07.537939,huobi,111.66,111.69,2.97,1.7
2025-07-25T07:29:07.737418,huobi,111.66,111.69,2.97,1.7
2025-07-25T07:29:08.048973,bitrue,111.68,111.71,56.957,98.627
2025-07-25T07:29:08.135449,huobi,111.66,111.69,21.47,1.7
2025-07-25T07:29:08.236862,huobi,111.67,111.74,2.97,2.97
2025-07-25T07:29:08.435991,huobi,111.67,111.72,2.97,2.97
2025-07-25T07:29:08.537944,huobi,111.67,111.7,2.97,2.97
2025-07-25T07:29:08.960686,huobi,111.67,111.7,2.97,2.97
2025-07-25T07:29:09.099603,bitrue,111.68,111.72,56.957,26.86
2025-07-25T07:29:09.338609,huobi,111.67,111.71,2.97,8.0039
2025-07-25T07:29:09.438443,huobi,111.67,111.7,2.97,2.97
2025-07-25T07:29:09.539942,huobi,111.67,111.71,2.97,8.0039
2025-07-25T07:29:09.637023,huobi,111.67,111.7,2.97,2.97
2025-07-25T07:29:10.237092,huobi,111.67,111.71,2.97,8.0039
2025-07-25T07:29:10.335233,huobi,111.67,111.7,2.97,2.97
2025-07-25T07:29:10.736476,huobi,111.68,111.7,8.0264,2.97
2025-07-25T07:29:11.237641,huobi,111.68,111.71,8.0264,8.0039
2025-07-25T07:29:11.435810,huobi,111.69,111.7,2.97,5.4224
2025-07-25T07:29:11.535866,huobi,111.69,111.71,2.97,8.0039
2025-07-25T07:29:11.935289,huobi,111.69,111.71,2.97,8.0039
2025-07-25T07:29:12.035867,huobi,111.68,111.7,8.0264,2.97
2025-07-25T07:29:12.135404,huobi,111.68,111.7,5.0564,2.97
2025-07-25T07:29:12.236433,huobi,111.68,111.7,8.0264,2.97
2025-07-25T07:29:12.537634,huobi,111.69,111.71,2.97,2.97
2025-07-25T07:29:12.636868,huobi,111.69,111.71,2.97,2.97
2025-07-25T07:29:12.939745,huobi,111.69,111.72,2.97,3.1819
2025-07-25T07:29:13.038029,huobi,111.69,111.71,2.97,2.97
2025-07-25T07:29:13.438065,huobi,111.69,111.71,2.97,10.9739
2025-07-25T07:29:13.537026,huobi,111.68,111.7,2.97,2.97
2025-07-25T07:29:13.635917,huobi,111.68,111.71,2.97,8.0039
2025-07-25T07:29:13.736011,huobi,111.68,111.7,2.97,2.97
2025-07-25T07:29:14.134940,huobi,111.68,111.71,2.97,8.0039
2025-07-25T07:29:14.235838,huobi,111.68,111.71,2.97,8.0039
2025-07-25T07:29:14.330236,bitrue,111.68,111.74,56.957,38.79
2025-07-25T07:29:14.537177,huobi,111.68,111.71,2.97,8.0039
2025-07-25T07:29:14.635361,huobi,111.68,111.71,2.97,8.0039
2025-07-25T07:29:15.135150,huobi,111.68,111.71,2.97,8.0039
2025-07-25T07:29:15.636250,huobi,111.68,111.71,2.97,8.0039
2025-07-25T07:29:16.136852,huobi,111.68,111.71,2.97,8.0039
2025-07-25T07:29:16.435731,huobi,111.7,111.71,1.7,8.0039
2025-07-25T07:29:16.539487,huobi,111.68,111.7,21.47,2.97
2025-07-25T07:29:16.837632,huobi,111.68,111.7,21.47,2.97
2025-07-25T07:29:16.938243,huobi,111.68,111.7,18.5,2.97
2025-07-25T07:29:17.038592,huobi,111.67,111.7,18.5,2.97
2025-07-25T07:29:17.347960,huobi,111.68,111.7,2.97,2.97
2025-07-25T07:29:17.437453,huobi,111.67,111.7,18.5,2.97
2025-07-25T07:29:17.476447,bitrue,111.68,111.74,78.346,38.79
2025-07-25T07:29:17.638024,huobi,111.66,111.7,18.5,2.97
2025-07-25T07:29:17.736552,huobi,111.67,111.7,2.97,2.97
2025-07-25T07:29:18.136921,huobi,111.67,111.71,2.97,12.2949
2025-07-25T07:29:18.236925,huobi,111.67,111.7,2.97,2.97
2025-07-25T07:29:18.523752,bitrue,111.68,111.74,56.957,38.79
2025-07-25T07:29:18.538170,huobi,111.66,111.69,2.97,2.97
2025-07-25T07:29:18.939713,huobi,111.65,111.69,2.97,5.561
2025-07-25T07:29:19.038179,huobi,111.65,111.68,2.97,2.97
2025-07-25T07:29:19.136826,huobi,111.65,111.7,2.97,2.591
2025-07-25T07:29:19.236899,huobi,111.65,111.69,2.97,2.97
2025-07-25T07:29:19.539804,huobi,111.65,111.67,2.97,2.97
2025-07-25T07:29:19.573541,bitrue,111.66,111.71,44.913,58.239
2025-07-25T07:29:19.641207,huobi,111.65,111.67,2.97,5.561
2025-07-25T07:29:19.737326,huobi,111.62,111.69,2.97,2.97
2025-07-25T07:29:19.836126,huobi,111.64,111.67,2.97,2.97
2025-07-25T07:29:20.036969,huobi,111.64,111.67,2.97,2.97
2025-07-25T07:29:20.335757,huobi,111.66,111.7,2.97,2.591
2025-07-25T07:29:20.435115,huobi,111.66,111.67,2.97,1.7
2025-07-25T07:29:20.539289,huobi,111.65,111.67,4.9892,1.7
2025-07-25T07:29:20.637318,huobi,111.65,111.66,4.9892,4.67
2025-07-25T07:29:20.937226,huobi,111.65,111.66,8.4286,1.7
2025-07-25T07:29:21.141103,huobi,111.65,111.66,5.4586,4.67
2025-07-25T07:29:21.438081,huobi,111.65,111.66,5.4586,4.67
2025-07-25T07:29:21.636494,huobi,111.65,111.66,5.4586,4.67
2025-07-25T07:29:21.676641,bitrue,111.64,111.68,37.927,66.015
2025-07-25T07:29:22.136142,huobi,111.65,111.66,5.4586,4.67
2025-07-25T07:29:22.338370,huobi,111.65,111.66,8.4286,1.7
2025-07-25T07:29:22.436412,huobi,111.65,111.66,5.4586,4.67
2025-07-25T07:29:22.719860,bitrue,111.64,111.68,37.927,66.015
2025-07-25T07:29:22.855047,huobi,111.65,111.66,5.4586,4.67
2025-07-25T07:29:22.935446,huobi,111.65,111.66,8.4286,1.7
2025-07-25T07:29:23.037387,huobi,111.65,111.66,8.4286,1.7
2025-07-25T07:29:23.238863,huobi,111.65,111.66,2.97,1.7
2025-07-25T07:29:23.337704,huobi,111.63,111.67,2.97,2.97
2025-07-25T07:29:23.637724,huobi,111.63,111.67,2.97,2.97
2025-07-25T07:29:24.036667,huobi,111.62,111.65,18.5,2.97
2025-07-25T07:29:24.138215,huobi,111.63,111.65,2.97,2.97
2025-07-25T07:29:24.536470,huobi,111.63,111.65,2.97,2.97
2025-07-25T07:29:24.815762,bitrue,111.64,111.69,37.927,15.964
2025-07-25T07:29:24.839123,huobi,111.63,111.66,2.97,8.0039
2025-07-25T07:29:25.036160,huobi,111.63,111.65,2.97,2.97
2025-07-25T07:29:25.135431,huobi,111.62,111.65,18.5,2.97
2025-07-25T07:29:25.336502,huobi,111.63,111.65,2.97,2.97
2025-07-25T07:29:25.436496,huobi,111.63,111.65,2.97,4.67
2025-07-25T07:29:25.737883,huobi,111.63,111.65,2.97,4.67
2025-07-25T07:29:25.838629,huobi,111.63,111.65,2.97,1.7
2025-07-25T07:29:26.037186,huobi,111.63,111.65,2.97,4.67
2025-07-25T07:29:26.136841,huobi,111.63,111.65,2.97,4.67
2025-07-25T07:29:26.436030,huobi,111.62,111.65,18.5,4.67
2025-07-25T07:29:26.538240,huobi,111.63,111.65,2.97,4.67
2025-07-25T07:29:26.636352,huobi,111.62,111.65,18.5,4.67
2025-07-25T07:29:26.736714,huobi,111.62,111.64,18.5,2.97
2025-07-25T07:29:26.836417,huobi,111.63,111.64,2.97,2.97
2025-07-25T07:29:26.936841,huobi,111.61,111.64,21.47,2.97
2025-07-25T07:29:27.036219,huobi,111.62,111.64,2.97,2.97
2025-07-25T07:29:27.236967,huobi,111.61,111.64,18.5,2.97
2025-07-25T07:29:27.336118,huobi,111.61,111.63,2.97,2.97
2025-07-25T07:29:27.437189,huobi,111.61,111.63,2.97,2.97
2025-07-25T07:29:27.537442,huobi,111.59,111.63,2.97,2.97
2025-07-25T07:29:27.957240,bitrue,111.63,111.69,42.62,15.964
2025-07-25T07:29:28.135467,huobi,111.6,111.63,2.97,2.97
2025-07-25T07:29:28.634434,huobi,111.6,111.63,2.97,2.97
2025-07-25T07:29:29.007189,bitrue,111.61,111.66,44.564,54.009
2025-07-25T07:29:29.135635,huobi,111.6,111.63,2.97,2.97
2025-07-25T07:29:29.535967,huobi,111.6,111.63,2.97,2.97
2025-07-25T07:29:29.834389,huobi,111.6,111.63,2.97,2.97
2025-07-25T07:29:30.535748,huobi,111.6,111.63,2.97,2.97
2025-07-25T07:29:30.934658,huobi,111.6,111.63,2.97,2.97
2025-07-25T07:29:31.433910,huobi,111.61,111.63,2.97,2.97
2025-07-25T07:29:31.735931,huobi,111.6,111.63,2.97,2.97
2025-07-25T07:29:33.254919,huobi,111.6,111.63,2.97,2.97
2025-07-25T07:29:33.255069,huobi,111.6,111.63,2.97,2.97
2025-07-25T07:29:33.255178,huobi,111.6,111.63,2.97,2.97
2025-07-25T07:29:33.835661,huobi,111.6,111.63,2.97,2.97
2025-07-25T07:29:34.335349,huobi,111.61,111.63,5.6947,2.97
2025-07-25T07:29:34.533341,huobi,111.61,111.63,5.6947,2.97
2025-07-25T07:29:34.935100,huobi,111.61,111.63,5.6947,2.97
2025-07-25T07:29:35.035511,huobi,111.61,111.62,5.6947,4.67
2025-07-25T07:29:35.134119,huobi,111.61,111.62,5.6947,4.67
2025-07-25T07:29:35.235292,huobi,111.62,111.67,2.97,2.97
2025-07-25T07:29:35.334670,huobi,111.62,111.65,2.97,2.97
2025-07-25T07:29:35.447758,bitrue,111.63,111.66,104.413,20.894
2025-07-25T07:29:35.537012,huobi,111.62,111.66,2.97,8.0039
2025-07-25T07:29:35.636605,huobi,111.62,111.65,2.97,2.97
2025-07-25T07:29:35.736980,huobi,111.62,111.65,2.97,2.97
2025-07-25T07:29:36.343278,huobi,111.62,111.65,2.97,2.97
2025-07-25T07:29:36.493010,bitrue,111.63,111.67,104.413,29.306
2025-07-25T07:29:36.839584,huobi,111.61,111.65,24.1947,2.97
2025-07-25T07:29:36.935459,huobi,111.61,111.63,5.6947,2.97
2025-07-25T07:29:37.036120,huobi,111.61,111.63,5.6947,2.97
2025-07-25T07:29:37.342234,huobi,111.61,111.62,5.6947,2.97
2025-07-25T07:29:37.671551,huobi,111.61,111.62,0.8403,12.6739
2025-07-25T07:29:37.738501,huobi,111.61,111.62,5.6947,12.6739
2025-07-25T07:29:37.935174,huobi,111.61,111.62,5.6947,12.6739
2025-07-25T07:29:38.038349,huobi,111.61,111.62,5.6947,12.8858
2025-07-25T07:29:38.136234,huobi,111.58,111.61,2.97,2.97
2025-07-25T07:29:38.588309,bitrue,111.6,111.63,33.411,68.091
2025-07-25T07:29:38.635226,huobi,111.58,111.61,2.97,2.97
2025-07-25T07:29:39.035956,huobi,111.58,111.62,2.97,9.7039
2025-07-25T07:29:39.236170,huobi,111.58,111.62,2.97,9.7039
2025-07-25T07:29:39.483180,huobi,111.58,111.61,2.97,8.0039
2025-07-25T07:29:39.535497,huobi,111.59,111.67,2.97,2.591
2025-07-25T07:29:39.634211,bitrue,111.6,111.63,33.411,68.091
2025-07-25T07:29:39.635909,huobi,111.59,111.67,2.97,2.97
2025-07-25T07:29:39.835409,huobi,111.59,111.66,2.97,8.0039
2025-07-25T07:29:39.936404,huobi,111.59,111.65,2.97,2.97
2025-07-25T07:29:40.136218,huobi,111.59,111.62,2.97,2.97
2025-07-25T07:29:40.334627,huobi,111.59,111.65,2.97,2.97
2025-07-25T07:29:40.435439,huobi,111.59,111.65,2.97,2.97
2025-07-25T07:29:40.534262,huobi,111.59,111.63,2.97,2.97
2025-07-25T07:29:40.635093,huobi,111.59,111.65,2.97,2.97
2025-07-25T07:29:40.679882,bitrue,111.6,111.64,33.411,33.023
2025-07-25T07:29:40.936842,huobi,111.59,111.64,2.97,8.0039
2025-07-25T07:29:41.336840,huobi,111.59,111.63,2.97,2.97
2025-07-25T07:29:41.634526,huobi,111.59,111.63,2.97,2.97
2025-07-25T07:29:41.835293,huobi,111.6,111.63,1.7,2.97
2025-07-25T07:29:41.937682,huobi,111.61,111.63,2.97,2.97
2025-07-25T07:29:42.034865,huobi,111.61,111.64,2.97,8.0039
2025-07-25T07:29:42.135901,huobi,111.61,111.63,2.97,2.97
2025-07-25T07:29:42.336691,huobi,111.61,111.63,1.7,2.97
2025-07-25T07:29:42.435653,huobi,111.61,111.63,4.67,2.97
2025-07-25T07:29:42.635916,huobi,111.61,111.63,4.67,2.97
2025-07-25T07:29:42.736520,huobi,111.61,111.64,1.7,8.0039
2025-07-25T07:29:42.766160,bitrue,111.62,111.65,123.884,29.165
2025-07-25T07:29:42.836330,huobi,111.62,111.64,2.97,8.0039
2025-07-25T07:29:43.334930,huobi,111.62,111.64,2.97,8.0039
2025-07-25T07:29:43.435156,huobi,111.61,111.63,4.67,2.97
2025-07-25T07:29:43.538008,huobi,111.62,111.64,2.97,8.0039
2025-07-25T07:29:43.735058,huobi,111.61,111.63,4.67,2.97
2025-07-25T07:29:43.935356,huobi,111.61,111.63,4.67,2.97
2025-07-25T07:29:44.139195,huobi,111.62,111.64,5.5854,8.0039
2025-07-25T07:29:44.240021,huobi,111.63,111.67,2.97,2.97
2025-07-25T07:29:44.636453,huobi,111.63,111.67,21.47,2.97
2025-07-25T07:29:44.738093,huobi,111.64,111.69,2.97,2.97
2025-07-25T07:29:44.855453,bitrue,111.62,111.67,123.884,24.113
2025-07-25T07:29:44.956954,huobi,111.65,111.66,1.7,2.97
2025-07-25T07:29:45.036676,huobi,111.65,111.68,1.7,8.0039
2025-07-25T07:29:45.136866,huobi,111.65,111.66,1.7,8.0039
2025-07-25T07:29:45.236184,huobi,111.62,111.65,5.5854,2.97
2025-07-25T07:29:45.339507,huobi,111.62,111.64,5.5854,2.97
2025-07-25T07:29:45.634887,huobi,111.63,111.65,2.97,2.97
2025-07-25T07:29:45.734586,huobi,111.62,111.65,5.5854,2.97
2025-07-25T07:29:45.902457,bitrue,111.62,111.69,225.739,15.964
2025-07-25T07:29:45.936772,huobi,111.62,111.65,5.5854,2.97
2025-07-25T07:29:46.438426,huobi,111.63,111.65,2.97,2.97
2025-07-25T07:29:46.536678,huobi,111.62,111.64,5.5854,4.67
2025-07-25T07:29:46.636054,huobi,111.63,111.64,8.3652,1.7
2025-07-25T07:29:46.836216,huobi,111.63,111.64,13.5439,1.7
2025-07-25T07:29:46.935559,huobi,111.63,111.64,10.5739,4.67
2025-07-25T07:29:46.946652,bitrue,111.62,111.66,57.242,67.082
2025-07-25T07:29:47.136116,huobi,111.63,111.64,10.5739,1.7
2025-07-25T07:29:47.335276,huobi,111.63,111.65,10.5739,2.97
2025-07-25T07:29:47.634619,huobi,111.63,111.65,10.5739,2.97
2025-07-25T07:29:47.781305,huobi,111.63,111.67,10.5739,2.97
2025-07-25T07:29:47.992406,bitrue,111.62,111.69,57.242,15.964
2025-07-25T07:29:48.034914,huobi,111.64,111.67,2.97,2.97
2025-07-25T07:29:48.235626,huobi,111.62,111.67,2.97,2.97
2025-07-25T07:29:48.436251,huobi,111.63,111.67,2.97,2.97
2025-07-25T07:29:48.834742,huobi,111.63,111.67,2.97,2.97
2025-07-25T07:29:49.041212,bitrue,111.62,111.69,57.242,15.964
2025-07-25T07:29:49.536003,huobi,111.65,111.67,2.97,2.97
2025-07-25T07:29:49.736994,huobi,111.65,111.68,2.97,8.0039
2025-07-25T07:29:49.837578,huobi,111.66,111.69,2.97,2.97
2025-07-25T07:29:49.935489,huobi,111.65,111.7,1.7,2.97
2025-07-25T07:29:50.036655,huobi,111.65,111.7,4.67,2.97
2025-07-25T07:29:50.137973,huobi,111.65,111.7,1.7,2.97
2025-07-25T07:29:50.149877,bitrue,111.65,111.69,110.969,15.964
2025-07-25T07:29:50.235497,huobi,111.65,111.68,4.67,2.97
2025-07-25T07:29:50.336116,huobi,111.65,111.68,4.67,2.97
2025-07-25T07:29:50.438859,huobi,111.65,111.68,1.7,2.97
2025-07-25T07:29:50.559098,huobi,111.64,111.68,18.5,2.97
2025-07-25T07:29:50.634728,huobi,111.64,111.67,18.5,2.97
2025-07-25T07:29:50.837952,huobi,111.63,111.65,21.47,2.97
2025-07-25T07:29:50.936059,huobi,111.63,111.65,21.47,2.97
2025-07-25T07:29:51.035750,huobi,111.63,111.65,21.47,2.97
2025-07-25T07:29:51.197935,bitrue,111.65,111.68,110.969,79.637
2025-07-25T07:29:51.235716,huobi,111.63,111.65,21.47,2.97
2025-07-25T07:29:51.335501,huobi,111.63,111.65,21.47,2.97
2025-07-25T07:29:51.635550,huobi,111.63,111.65,18.5,2.97
2025-07-25T07:29:51.935149,huobi,111.64,111.69,2.97,2.97
2025-07-25T07:29:52.035970,huobi,111.63,111.65,18.5,5.2703
2025-07-25T07:29:52.136950,huobi,111.63,111.66,18.5,2.97
2025-07-25T07:29:52.234758,huobi,111.64,111.66,2.97,2.97
2025-07-25T07:29:52.244818,bitrue,111.65,111.68,110.969,79.637
2025-07-25T07:29:52.536481,huobi,111.64,111.67,2.97,2.97
2025-07-25T07:29:52.734773,huobi,111.63,111.67,21.47,2.97
2025-07-25T07:29:52.835289,huobi,111.64,111.66,2.97,4.67
2025-07-25T07:29:52.934302,huobi,111.64,111.66,2.97,1.7
2025-07-25T07:29:53.034689,huobi,111.65,111.66,2.97,1.7
2025-07-25T07:29:53.236417,huobi,111.64,111.66,2.97,1.7
2025-07-25T07:29:53.290020,bitrue,111.65,111.68,110.969,79.637
2025-07-25T07:29:53.736642,huobi,111.63,111.66,18.5,1.7
2025-07-25T07:29:54.434211,huobi,111.63,111.66,18.5,1.7
2025-07-25T07:29:54.639037,huobi,111.63,111.69,18.5,2.5439
2025-07-25T07:29:54.739182,huobi,111.63,111.66,18.5,2.97
2025-07-25T07:29:55.235054,huobi,111.63,111.66,18.5,2.97
2025-07-25T07:29:55.435572,huobi,111.63,111.66,18.5,2.97
2025-07-25T07:29:55.835698,huobi,111.62,111.66,18.5,2.97
2025-07-25T07:29:56.056110,huobi,111.62,111.66,18.5,2.97
2025-07-25T07:29:56.237095,huobi,111.62,111.64,18.5,2.97
2025-07-25T07:29:56.534686,huobi,111.62,111.64,18.5,2.97
2025-07-25T07:29:57.034411,huobi,111.61,111.64,21.47,8.0039
2025-07-25T07:29:57.143692,huobi,111.59,111.62,2.97,2.97
2025-07-25T07:29:57.237374,huobi,111.59,111.64,2.97,2.97
2025-07-25T07:29:57.337463,huobi,111.59,111.64,2.97,2.332
2025-07-25T07:29:57.468953,bitrue,111.64,111.68,50.174,79.637
2025-07-25T07:29:57.535404,huobi,111.59,111.63,2.97,2.97
2025-07-25T07:29:57.735608,huobi,111.59,111.63,2.97,2.97
2025-07-25T07:29:57.838301,huobi,111.57,111.63,3.485,2.97
2025-07-25T07:29:57.935689,huobi,111.58,111.61,2.97,2.97
2025-07-25T07:29:58.139533,huobi,111.57,111.61,3.485,2.97
2025-07-25T07:29:58.239596,huobi,111.57,111.61,19.015,2.97
2025-07-25T07:29:58.345337,huobi,111.57,111.6,19.015,8.0039
2025-07-25T07:29:58.446192,huobi,111.57,111.59,0.515,2.332
2025-07-25T07:29:58.515287,bitrue,111.58,111.63,34.111,100.624
2025-07-25T07:29:58.541955,huobi,111.57,111.58,0.515,9.7039
2025-07-25T07:29:58.638962,huobi,111.57,111.58,6.1599,12.0359
2025-07-25T07:29:58.786137,huobi,111.57,111.58,6.1599,12.2478
2025-07-25T07:29:58.834844,huobi,111.57,111.58,6.1599,15.2178
2025-07-25T07:29:59.039853,huobi,111.57,111.58,11.0028,12.2478
2025-07-25T07:29:59.437346,huobi,111.57,111.58,11.0028,1.7
2025-07-25T07:29:59.559580,bitrue,111.56,111.6,23.698,85.126
2025-07-25T07:29:59.735843,huobi,111.57,111.58,11.0028,4.67
2025-07-25T07:29:59.837133,huobi,111.57,111.58,16.3734,4.67
2025-07-25T07:30:00.052968,huobi,111.57,111.58,16.3734,7.002
2025-07-25T07:30:00.142744,huobi,111.57,111.58,16.3734,7.002
2025-07-25T07:30:00.338039,huobi,111.57,111.58,16.3734,1.7
2025-07-25T07:30:00.608142,bitrue,111.56,111.6,23.698,85.126
2025-07-25T07:30:00.638472,huobi,111.57,111.58,21.528,1.7
2025-07-25T07:30:00.744159,huobi,111.58,111.65,2.97,2.332
2025-07-25T07:30:00.837965,huobi,111.58,111.63,2.97,2.332
2025-07-25T07:30:00.938852,huobi,111.58,111.62,2.97,2.97
2025-07-25T07:30:01.040001,huobi,111.58,111.62,2.97,2.97
2025-07-25T07:30:01.138298,huobi,111.57,111.62,21.528,2.97
2025-07-25T07:30:01.239971,huobi,111.57,111.58,21.528,2.97
2025-07-25T07:30:01.345569,huobi,111.56,111.59,0.0001,9.7039
2025-07-25T07:30:01.445134,huobi,111.56,111.57,0.0001,1.7
2025-07-25T07:30:01.539163,huobi,111.51,111.56,0.515,2.332
2025-07-25T07:30:01.637189,huobi,111.51,111.54,0.515,2.332
2025-07-25T07:30:01.655574,bitrue,111.56,111.59,23.698,69.895
2025-07-25T07:30:01.739292,huobi,111.51,111.52,0.515,7.002
2025-07-25T07:30:01.838348,huobi,111.51,111.52,0.515,15.0059
2025-07-25T07:30:02.037345,huobi,111.51,111.52,0.0001,15.0059
2025-07-25T07:30:02.236362,huobi,111.51,111.52,5.412,15.0059
2025-07-25T07:30:02.339681,huobi,111.51,111.52,10.2319,15.0059
2025-07-25T07:30:02.439473,huobi,111.47,111.5,2.97,2.97
2025-07-25T07:30:02.704687,bitrue,111.51,111.55,31.242,79.386
2025-07-25T07:30:02.736928,huobi,111.48,111.51,2.97,5.302
2025-07-25T07:30:02.838575,huobi,111.48,111.54,2.97,2.97
2025-07-25T07:30:03.038361,huobi,111.48,111.53,2.97,10.3359
2025-07-25T07:30:03.137685,huobi,111.47,111.53,18.5,10.3359
2025-07-25T07:30:03.237665,huobi,111.49,111.51,1.7,2.97
2025-07-25T07:30:03.336766,huobi,111.49,111.5,1.7,2.97
2025-07-25T07:30:03.539181,huobi,111.49,111.5,6.9152,2.97
2025-07-25T07:30:03.738144,huobi,111.49,111.51,8.1852,2.97
2025-07-25T07:30:03.755485,bitrue,111.49,111.55,37.759,79.386
2025-07-25T07:30:03.882815,huobi,111.5,111.52,2.97,5.302
2025-07-25T07:30:03.935602,huobi,111.5,111.53,2.97,2.97
2025-07-25T07:30:04.139203,huobi,111.45,111.51,18.5922,2.97
2025-07-25T07:30:04.244311,huobi,111.46,111.48,2.97,2.97
2025-07-25T07:30:04.338855,huobi,111.46,111.49,2.97,2.97
2025-07-25T07:30:04.437321,huobi,111.46,111.5,2.97,10.3359
2025-07-25T07:30:04.640003,huobi,111.46,111.51,2.97,2.332
2025-07-25T07:30:04.810356,bitrue,111.47,111.53,17.43,36.23
2025-07-25T07:30:04.838141,huobi,111.49,111.51,2.97,2.97
2025-07-25T07:30:04.937502,huobi,111.48,111.51,5.7427,2.97
2025-07-25T07:30:05.039372,huobi,111.49,111.55,2.97,2.332
2025-07-25T07:30:05.238276,huobi,111.49,111.55,2.97,10.3359
2025-07-25T07:30:05.340070,huobi,111.49,111.55,2.97,10.3359
2025-07-25T07:30:05.439197,huobi,111.49,111.54,2.97,2.97
2025-07-25T07:30:05.537061,huobi,111.49,111.53,2.97,8.0039
2025-07-25T07:30:05.638416,huobi,111.49,111.52,2.97,2.97
2025-07-25T07:30:05.861451,bitrue,111.5,111.54,126.558,12.124
2025-07-25T07:30:05.938530,huobi,111.49,111.52,2.97,2.97
2025-07-25T07:30:06.337925,huobi,111.49,111.52,2.97,2.97
2025-07-25T07:30:06.458700,huobi,111.49,111.53,2.97,8.0039
2025-07-25T07:30:06.538843,huobi,111.5,111.56,2.97,2.97
2025-07-25T07:30:06.836550,huobi,111.5,111.56,18.5,2.97
2025-07-25T07:30:06.907023,bitrue,111.5,111.54,126.558,12.124
2025-07-25T07:30:06.936691,huobi,111.54,111.58,2.97,2.97
2025-07-25T07:30:07.034795,huobi,111.55,111.58,2.97,2.97
2025-07-25T07:30:07.136181,huobi,111.58,111.59,1.7,1.3105
2025-07-25T07:30:07.239009,huobi,111.55,111.58,2.97,2.97
2025-07-25T07:30:07.437262,huobi,111.55,111.57,2.97,2.97
2025-07-25T07:30:07.536425,huobi,111.55,111.57,2.97,2.97
2025-07-25T07:30:07.738661,huobi,111.55,111.59,2.97,2.97
2025-07-25T07:30:07.937493,huobi,111.55,111.63,2.97,2.332
2025-07-25T07:30:07.954935,bitrue,111.53,111.6,101.589,23.421
2025-07-25T07:30:08.044629,huobi,111.55,111.61,2.97,2.97
2025-07-25T07:30:08.240670,huobi,111.56,111.61,2.97,2.97
2025-07-25T07:30:08.439140,huobi,111.57,111.61,2.97,2.97
2025-07-25T07:30:08.738367,huobi,111.57,111.61,2.97,2.97
2025-07-25T07:30:09.003067,bitrue,111.59,111.63,109.933,100.624
2025-07-25T07:30:09.238056,huobi,111.57,111.64,2.97,2.97
2025-07-25T07:30:09.340172,huobi,111.57,111.64,2.97,2.97
2025-07-25T07:30:09.543285,huobi,111.58,111.66,18.5,2.97
2025-07-25T07:30:09.639170,huobi,111.6,111.66,2.97,2.97
2025-07-25T07:30:09.737713,huobi,111.62,111.66,2.97,2.97
2025-07-25T07:30:09.837058,huobi,111.62,111.65,2.97,8.0039
2025-07-25T07:30:09.936268,huobi,111.6,111.65,2.97,8.0039
2025-07-25T07:30:10.035241,huobi,111.6,111.64,2.97,2.97
2025-07-25T07:30:10.053206,bitrue,111.62,111.65,106.11,74.35
2025-07-25T07:30:10.236174,huobi,111.6,111.64,2.97,2.97
2025-07-25T07:30:10.338257,huobi,111.6,111.66,21.47,2.97
2025-07-25T07:30:10.436893,huobi,111.61,111.66,2.97,2.97
2025-07-25T07:30:10.639325,huobi,111.62,111.67,2.97,6.2006
2025-07-25T07:30:10.837095,huobi,111.62,111.67,2.97,3.2306
2025-07-25T07:30:11.035106,huobi,111.62,111.67,2.97,6.2006
2025-07-25T07:30:11.100879,bitrue,111.62,111.65,106.11,74.35
2025-07-25T07:30:11.137282,huobi,111.64,111.67,2.97,6.2006
2025-07-25T07:30:11.236745,huobi,111.64,111.67,2.97,6.2006
2025-07-25T07:30:11.334950,huobi,111.65,111.67,2.97,3.2306
2025-07-25T07:30:11.437276,huobi,111.65,111.67,2.97,2.97
2025-07-25T07:30:11.536501,huobi,111.65,111.72,2.97,2.97
2025-07-25T07:30:11.638305,huobi,111.65,111.7,2.97,2.97
2025-07-25T07:30:11.835291,huobi,111.65,111.68,2.97,2.97
2025-07-25T07:30:12.035235,huobi,111.65,111.7,2.97,2.97
2025-07-25T07:30:12.135179,huobi,111.65,111.7,2.97,2.97
2025-07-25T07:30:12.149153,bitrue,111.65,111.69,111.352,42.879
2025-07-25T07:30:12.237148,huobi,111.65,111.67,2.97,2.97
2025-07-25T07:30:12.337959,huobi,111.64,111.67,1.7,2.97
2025-07-25T07:30:12.435974,huobi,111.64,111.7,1.7,2.97
2025-07-25T07:30:12.536086,huobi,111.64,111.7,2.97,2.97
2025-07-25T07:30:12.637039,huobi,111.64,111.68,2.97,2.97
2025-07-25T07:30:12.736163,huobi,111.64,111.66,2.97,1.7
2025-07-25T07:30:13.038858,huobi,111.63,111.68,18.5,2.97
2025-07-25T07:30:13.139675,huobi,111.65,111.68,2.97,2.97
2025-07-25T07:30:13.337623,huobi,111.65,111.72,2.97,2.97
2025-07-25T07:30:13.442399,huobi,111.65,111.72,2.97,2.97
2025-07-25T07:30:13.635289,huobi,111.65,111.7,2.97,2.97
2025-07-25T07:30:13.835620,huobi,111.65,111.7,2.97,2.97
2025-07-25T07:30:14.035036,huobi,111.67,111.7,2.97,2.97
2025-07-25T07:30:14.136063,huobi,111.67,111.72,2.97,2.97
2025-07-25T07:30:14.234499,huobi,111.65,111.72,2.97,2.97
2025-07-25T07:30:14.735068,huobi,111.65,111.7,2.97,2.97
2025-07-25T07:30:14.937191,huobi,111.65,111.72,21.47,2.97
2025-07-25T07:30:15.037248,huobi,111.68,111.74,2.97,2.97
2025-07-25T07:30:15.237417,huobi,111.67,111.74,18.5,2.97
2025-07-25T07:30:15.284167,bitrue,111.68,111.72,126.652,19.353
2025-07-25T07:30:15.335717,huobi,111.68,111.74,2.97,2.97
2025-07-25T07:30:15.535715,huobi,111.65,111.69,21.47,2.97
2025-07-25T07:30:15.637247,huobi,111.66,111.69,2.97,2.97
2025-07-25T07:30:15.735004,huobi,111.66,111.69,2.97,2.97
2025-07-25T07:30:16.134618,huobi,111.66,111.69,2.97,2.97
2025-07-25T07:30:16.328918,bitrue,111.68,111.74,126.652,38.79
2025-07-25T07:30:16.336057,huobi,111.66,111.69,2.97,2.97
2025-07-25T07:30:16.537610,huobi,111.65,111.68,2.97,2.97
2025-07-25T07:30:16.636263,huobi,111.65,111.68,2.97,2.97
2025-07-25T07:30:16.837338,huobi,111.64,111.68,2.97,2.332
2025-07-25T07:30:16.936900,huobi,111.64,111.67,2.97,2.97
2025-07-25T07:30:17.135908,huobi,111.64,111.67,2.97,2.97
2025-07-25T07:30:17.335490,huobi,111.64,111.67,2.97,2.97
2025-07-25T07:30:17.377408,bitrue,111.67,111.71,32.861,73.614
2025-07-25T07:30:17.537066,huobi,111.61,111.67,2.97,2.97
2025-07-25T07:30:17.635302,huobi,111.61,111.65,21.47,2.97
2025-07-25T07:30:17.737066,huobi,111.61,111.65,2.97,2.332
2025-07-25T07:30:17.837265,huobi,111.61,111.64,2.97,2.97
2025-07-25T07:30:18.036416,huobi,111.62,111.64,2.97,2.97
2025-07-25T07:30:18.337208,huobi,111.61,111.64,2.97,2.97
2025-07-25T07:30:18.418097,bitrue,111.65,111.71,111.352,73.614
2025-07-25T07:30:18.438611,huobi,111.6,111.64,2.97,2.97
2025-07-25T07:30:18.538499,huobi,111.6,111.66,2.97,8.0039
2025-07-25T07:30:18.638890,huobi,111.6,111.62,2.97,2.332
2025-07-25T07:30:18.736926,huobi,111.58,111.62,2.97,2.332
2025-07-25T07:30:18.839206,huobi,111.58,111.67,2.97,0.2119
2025-07-25T07:30:18.937892,huobi,111.58,111.65,2.97,2.5439
2025-07-25T07:30:19.035946,huobi,111.58,111.62,2.97,2.332
2025-07-25T07:30:19.135034,huobi,111.58,111.62,2.97,2.97
2025-07-25T07:30:19.436866,huobi,111.57,111.59,2.97,2.97
2025-07-25T07:30:19.461963,bitrue,111.61,111.64,48.267,104.91
2025-07-25T07:30:19.537883,huobi,111.55,111.59,2.97,2.97
2025-07-25T07:30:19.736191,huobi,111.55,111.58,2.97,2.97
2025-07-25T07:30:19.855974,huobi,111.55,111.58,2.97,2.97
2025-07-25T07:30:19.940244,huobi,111.55,111.6,2.97,5.302
2025-07-25T07:30:20.038265,huobi,111.55,111.6,2.97,2.332
2025-07-25T07:30:20.135986,huobi,111.55,111.59,2.97,2.97
2025-07-25T07:30:20.235646,huobi,111.56,111.59,2.97,2.97
2025-07-25T07:30:20.334546,huobi,111.56,111.6,2.97,5.302
2025-07-25T07:30:20.509487,bitrue,111.57,111.61,80.636,80.994
2025-07-25T07:30:20.739311,huobi,111.56,111.59,2.97,2.97
2025-07-25T07:30:20.835506,huobi,111.56,111.59,2.97,2.97
2025-07-25T07:30:21.240363,huobi,111.55,111.59,2.97,5.302
2025-07-25T07:30:21.337267,huobi,111.55,111.66,2.97,8.3434
2025-07-25T07:30:21.436838,huobi,111.55,111.65,2.97,2.332
2025-07-25T07:30:21.538772,huobi,111.56,111.61,2.97,2.97
2025-07-25T07:30:21.555531,bitrue,111.57,111.61,80.636,80.994
2025-07-25T07:30:21.839410,huobi,111.58,111.61,2.97,2.97
2025-07-25T07:30:21.935022,huobi,111.56,111.61,2.97,2.97
2025-07-25T07:30:22.137737,huobi,111.56,111.61,2.97,2.97
2025-07-25T07:30:22.534507,huobi,111.56,111.61,2.97,2.97
2025-07-25T07:30:22.599668,bitrue,111.57,111.61,80.636,80.994
2025-07-25T07:30:23.039020,huobi,111.58,111.62,2.97,2.97
2025-07-25T07:30:23.137314,huobi,111.6,111.62,2.97,2.97
2025-07-25T07:30:23.236175,huobi,111.59,111.65,2.97,2.97
2025-07-25T07:30:23.337589,huobi,111.59,111.63,2.97,2.97
2025-07-25T07:30:23.536230,huobi,111.59,111.65,2.97,2.97
2025-07-25T07:30:23.646237,bitrue,111.6,111.64,88.106,104.91
2025-07-25T07:30:23.737556,huobi,111.59,111.63,2.97,2.97
2025-07-25T07:30:23.836998,huobi,111.57,111.62,21.47,8.0039
2025-07-25T07:30:23.939241,huobi,111.57,111.61,18.5,2.97
2025-07-25T07:30:24.037135,huobi,111.58,111.61,2.97,2.97
2025-07-25T07:30:24.437123,huobi,111.58,111.61,2.97,2.97
2025-07-25T07:30:24.692673,bitrue,111.6,111.64,88.106,104.91
2025-07-25T07:30:24.935923,huobi,111.59,111.6,2.97,1.7
2025-07-25T07:30:25.035255,huobi,111.59,111.6,8.1325,1.7
2025-07-25T07:30:25.335314,huobi,111.59,111.6,13.5499,1.7
2025-07-25T07:30:25.534882,huobi,111.59,111.6,18.4258,1.7
2025-07-25T07:30:25.743176,bitrue,111.59,111.64,23.452,104.91
2025-07-25T07:30:25.834710,huobi,111.59,111.6,23.2917,1.7
2025-07-25T07:30:26.535160,huobi,111.59,111.6,28.0874,1.7
2025-07-25T07:30:27.136350,huobi,111.59,111.6,28.0874,0.5437
2025-07-25T07:30:27.236891,huobi,111.6,111.68,2.97,2.332
2025-07-25T07:30:27.337556,huobi,111.6,111.67,2.97,2.97
2025-07-25T07:30:27.436126,huobi,111.6,111.63,21.47,5.7238
2025-07-25T07:30:27.537333,huobi,111.62,111.63,4.67,5.7238
2025-07-25T07:30:27.735725,huobi,111.62,111.63,1.7,5.7238
2025-07-25T07:30:28.135282,huobi,111.62,111.63,6.6395,5.7238
2025-07-25T07:30:28.235518,huobi,111.62,111.67,1.7,2.97
2025-07-25T07:30:28.334654,huobi,111.62,111.65,1.7,2.97
2025-07-25T07:30:28.535416,huobi,111.62,111.63,1.7,2.97
2025-07-25T07:30:28.736804,huobi,111.59,111.64,2.97,2.332
2025-07-25T07:30:28.840462,huobi,111.58,111.62,18.5,8.0039
2025-07-25T07:30:28.881061,bitrue,111.62,111.67,125.986,35.873
2025-07-25T07:30:28.939345,huobi,111.6,111.62,1.7,8.0039
2025-07-25T07:30:29.035683,huobi,111.6,111.62,4.67,8.0039
2025-07-25T07:30:29.436700,huobi,111.6,111.62,4.67,8.0039
2025-07-25T07:30:29.734495,huobi,111.6,111.62,4.67,8.0039
2025-07-25T07:30:29.836441,huobi,111.61,111.63,2.97,2.97
2025-07-25T07:30:29.930055,bitrue,111.61,111.64,50.157,60.403
2025-07-25T07:30:29.936922,huobi,111.61,111.64,2.97,3.1819
2025-07-25T07:30:30.037076,huobi,111.61,111.64,2.97,11.1858
2025-07-25T07:30:30.136289,huobi,111.6,111.63,4.67,2.97
2025-07-25T07:30:30.240049,huobi,111.59,111.63,2.97,2.97
2025-07-25T07:30:30.335722,huobi,111.59,111.62,2.97,2.97
2025-07-25T07:30:30.434917,huobi,111.59,111.61,2.97,2.97
2025-07-25T07:30:30.534615,huobi,111.59,111.63,2.97,2.332
2025-07-25T07:30:30.634473,huobi,111.59,111.62,2.97,2.97
2025-07-25T07:30:30.933889,huobi,111.59,111.62,2.97,2.97
2025-07-25T07:30:30.974036,bitrue,111.61,111.64,50.157,81.432
2025-07-25T07:30:31.135284,huobi,111.59,111.62,2.97,2.97
2025-07-25T07:30:31.535024,huobi,111.59,111.61,2.97,4.67
2025-07-25T07:30:32.020646,bitrue,111.59,111.64,77.489,81.432
2025-07-25T07:30:32.036337,huobi,111.59,111.61,2.97,1.7
2025-07-25T07:30:32.336202,huobi,111.59,111.61,2.97,4.67
2025-07-25T07:30:32.541011,huobi,111.57,111.6,21.47,2.97
2025-07-25T07:30:32.638348,huobi,111.58,111.6,2.97,2.97
2025-07-25T07:30:32.734817,huobi,111.58,111.61,2.97,1.7
2025-07-25T07:30:32.939917,huobi,111.58,111.61,2.97,4.67
2025-07-25T07:30:33.234719,huobi,111.58,111.6,2.97,2.97
2025-07-25T07:30:34.224033,huobi,111.58,111.6,2.97,2.97
2025-07-25T07:30:34.224119,huobi,111.57,111.6,18.5,2.97
2025-07-25T07:30:34.224529,huobi,111.55,111.59,2.97,2.97
2025-07-25T07:30:34.224609,huobi,111.56,111.6,2.97,2.97
2025-07-25T07:30:34.334427,huobi,111.58,111.6,2.97,2.97
2025-07-25T07:30:34.437814,huobi,111.56,111.59,2.97,1.7
2025-07-25T07:30:34.633717,huobi,111.56,111.59,2.97,1.7
2025-07-25T07:30:34.835883,huobi,111.57,111.6,2.97,2.97
2025-07-25T07:30:35.136502,huobi,111.57,111.61,2.97,2.97
2025-07-25T07:30:35.256976,bitrue,111.57,111.61,80.636,68.303
2025-07-25T07:30:35.334565,huobi,111.57,111.61,2.97,2.97
2025-07-25T07:30:35.938051,huobi,111.59,111.61,2.97,2.97
2025-07-25T07:30:36.234637,huobi,111.58,111.61,5.5791,2.97
2025-07-25T07:30:36.301262,bitrue,111.59,111.64,90.676,81.432
2025-07-25T07:30:36.335903,huobi,111.59,111.61,2.97,2.97
2025-07-25T07:30:36.435405,huobi,111.58,111.61,5.5791,2.97
2025-07-25T07:30:36.836218,huobi,111.58,111.59,5.5791,2.97
2025-07-25T07:30:37.634052,huobi,111.58,111.59,5.5791,2.97
2025-07-25T07:30:37.833998,huobi,111.58,111.6,5.5791,0.2119
2025-07-25T07:30:37.934699,huobi,111.58,111.6,5.5791,8.0039
2025-07-25T07:30:38.034448,huobi,111.58,111.59,5.5791,2.97
2025-07-25T07:30:38.134955,huobi,111.58,111.59,0.4452,2.97
2025-07-25T07:30:38.237542,huobi,111.56,111.59,18.5,2.97
2025-07-25T07:30:38.390950,bitrue,111.57,111.61,80.636,85.146
2025-07-25T07:30:38.437997,huobi,111.57,111.59,2.97,2.97
2025-07-25T07:30:38.538253,huobi,111.55,111.58,18.5,2.97
2025-07-25T07:30:38.636337,huobi,111.55,111.58,2.97,2.97
2025-07-25T07:30:38.837975,huobi,111.51,111.58,2.97,2.97
2025-07-25T07:30:38.934879,huobi,111.55,111.57,2.97,8.0039
2025-07-25T07:30:39.139686,huobi,111.53,111.57,21.47,8.0039
2025-07-25T07:30:39.239620,huobi,111.56,111.6,2.97,2.97
2025-07-25T07:30:39.337183,huobi,111.56,111.59,2.97,2.97
2025-07-25T07:30:39.435093,bitrue,111.56,111.61,28.906,85.146
2025-07-25T07:30:39.540241,huobi,111.55,111.59,18.5,2.97
2025-07-25T07:30:39.636939,huobi,111.55,111.57,2.97,2.97
2025-07-25T07:30:39.836277,huobi,111.54,111.56,2.97,2.97
2025-07-25T07:30:39.937867,huobi,111.51,111.56,2.97,2.97
2025-07-25T07:30:40.234908,huobi,111.52,111.56,2.97,2.97
2025-07-25T07:30:40.481631,bitrue,111.55,111.61,43.759,85.146
2025-07-25T07:30:40.634925,huobi,111.53,111.59,2.97,2.332
2025-07-25T07:30:40.734213,huobi,111.53,111.58,2.97,2.97
2025-07-25T07:30:41.336362,huobi,111.56,111.58,2.97,2.97
2025-07-25T07:30:41.527896,bitrue,111.55,111.58,43.759,82.095
2025-07-25T07:30:41.636664,huobi,111.54,111.58,2.97,2.97
2025-07-25T07:30:42.134857,huobi,111.54,111.58,2.97,2.97
2025-07-25T07:30:42.336649,huobi,111.54,111.57,2.97,2.97
2025-07-25T07:30:42.436875,huobi,111.54,111.58,2.97,2.97
2025-07-25T07:30:42.537295,huobi,111.54,111.6,2.97,2.97
2025-07-25T07:30:42.575131,bitrue,111.55,111.61,43.759,33.206
2025-07-25T07:30:42.738225,huobi,111.54,111.59,2.97,10.3359
2025-07-25T07:30:42.837576,huobi,111.54,111.59,2.97,8.0039
2025-07-25T07:30:43.037057,huobi,111.56,111.62,2.97,2.97
2025-07-25T07:30:43.141847,huobi,111.56,111.63,2.97,2.97
2025-07-25T07:30:43.235446,huobi,111.56,111.63,2.97,2.97
2025-07-25T07:30:43.336177,huobi,111.57,111.61,2.97,2.97
2025-07-25T07:30:43.535629,huobi,111.57,111.61,2.97,2.97
2025-07-25T07:30:43.622966,bitrue,111.58,111.61,94.452,33.206
2025-07-25T07:30:43.839478,huobi,111.56,111.6,18.5,8.0039
2025-07-25T07:30:43.938375,huobi,111.58,111.59,6.9291,2.97
2025-07-25T07:30:44.140079,huobi,111.58,111.59,5.2291,2.97
2025-07-25T07:30:44.264852,huobi,111.58,111.59,5.2291,4.67
2025-07-25T07:30:44.637680,huobi,111.58,111.59,5.2291,4.67
2025-07-25T07:30:44.675764,bitrue,111.58,111.62,94.452,35.008
2025-07-25T07:30:44.739420,huobi,111.58,111.59,5.2291,1.7
2025-07-25T07:30:44.837963,huobi,111.58,111.6,8.1991,8.0039
2025-07-25T07:30:45.036043,huobi,111.58,111.61,8.1991,2.97
2025-07-25T07:30:45.138593,huobi,111.58,111.6,5.2291,8.0039
2025-07-25T07:30:45.335241,huobi,111.58,111.6,5.2291,8.0039
2025-07-25T07:30:45.434977,huobi,111.58,111.6,8.1991,8.0039
2025-07-25T07:30:45.534434,huobi,111.59,111.6,5.4001,8.0039
2025-07-25T07:30:45.679707,huobi,111.58,111.6,8.1991,8.0039
2025-07-25T07:30:45.730500,bitrue,111.57,111.62,34.008,35.008
2025-07-25T07:30:45.839347,huobi,111.58,111.59,5.2291,2.97
2025-07-25T07:30:45.935877,huobi,111.58,111.59,5.2291,2.97
2025-07-25T07:30:46.136640,huobi,111.58,111.6,8.1991,8.0039
2025-07-25T07:30:46.341459,huobi,111.59,111.63,2.97,2.97
2025-07-25T07:30:46.441558,huobi,111.59,111.63,2.97,2.97
2025-07-25T07:30:46.539546,huobi,111.59,111.62,2.97,5.5358
2025-07-25T07:30:46.635168,huobi,111.59,111.64,2.97,2.97
2025-07-25T07:30:46.735098,huobi,111.6,111.64,2.97,2.97
2025-07-25T07:30:46.783279,bitrue,111.59,111.62,104.781,35.008
2025-07-25T07:30:46.836132,huobi,111.62,111.63,1.7,8.0039
2025-07-25T07:30:46.935204,huobi,111.62,111.64,1.7,2.97
2025-07-25T07:30:47.135267,huobi,111.6,111.62,2.97,2.97
2025-07-25T07:30:47.235261,huobi,111.6,111.62,2.97,10.9739
2025-07-25T07:30:47.335966,huobi,111.59,111.62,2.97,2.97
2025-07-25T07:30:47.734745,huobi,111.59,111.61,2.97,2.97
2025-07-25T07:30:47.834487,huobi,111.59,111.61,2.97,2.97
2025-07-25T07:30:47.835726,bitrue,111.6,111.62,116.906,0.089
2025-07-25T07:30:48.137294,huobi,111.59,111.62,2.97,2.97
2025-07-25T07:30:48.238585,huobi,111.59,111.62,2.97,8.0039
2025-07-25T07:30:48.339299,huobi,111.59,111.65,2.97,2.97
2025-07-25T07:30:48.836404,huobi,111.59,111.63,2.97,2.97
2025-07-25T07:30:48.892325,bitrue,111.6,111.62,116.906,0.089
2025-07-25T07:30:49.236405,huobi,111.58,111.63,18.5,2.97
2025-07-25T07:30:49.335690,huobi,111.57,111.62,18.5,2.97
2025-07-25T07:30:49.436247,huobi,111.58,111.62,2.97,2.97
2025-07-25T07:30:49.537599,huobi,111.58,111.61,2.97,8.0039
2025-07-25T07:30:49.637477,huobi,111.58,111.65,2.97,2.97
2025-07-25T07:30:49.734639,huobi,111.59,111.64,2.97,0.2119
2025-07-25T07:30:49.833704,huobi,111.59,111.64,2.97,8.2158
2025-07-25T07:30:49.934652,huobi,111.59,111.63,2.97,2.97
2025-07-25T07:30:50.434557,huobi,111.59,111.63,2.97,2.97
2025-07-25T07:30:50.536590,huobi,111.61,111.63,2.97,2.97
2025-07-25T07:30:50.635131,huobi,111.6,111.63,1.7,2.97
2025-07-25T07:30:50.935267,huobi,111.59,111.63,2.97,2.97
2025-07-25T07:30:51.035803,huobi,111.59,111.63,2.97,2.97
2025-07-25T07:30:51.634267,huobi,111.59,111.63,2.97,2.97
2025-07-25T07:30:52.134819,huobi,111.59,111.63,2.97,2.97
2025-07-25T07:30:52.936641,huobi,111.59,111.63,2.97,2.97
2025-07-25T07:30:53.035162,huobi,111.58,111.62,2.97,2.97
2025-07-25T07:30:53.441422,huobi,111.58,111.6,2.97,2.97
2025-07-25T07:30:53.637978,huobi,111.58,111.61,2.97,9.7039
2025-07-25T07:30:53.737034,huobi,111.58,111.61,2.97,8.0039
2025-07-25T07:30:53.934099,huobi,111.6,111.61,2.97,8.0039
2025-07-25T07:30:54.133317,bitrue,111.59,111.62,104.781,0.089
2025-07-25T07:30:54.136233,huobi,111.58,111.61,2.97,8.0039
2025-07-25T07:30:54.237358,huobi,111.6,111.65,2.97,2.97
2025-07-25T07:30:54.436599,huobi,111.59,111.64,2.97,8.0039
2025-07-25T07:30:54.535722,huobi,111.59,111.63,2.97,2.97
2025-07-25T07:30:54.638892,huobi,111.61,111.63,2.97,2.97
2025-07-25T07:30:54.834015,huobi,111.59,111.63,2.97,2.97
2025-07-25T07:30:55.340270,huobi,111.61,111.63,2.97,2.97
2025-07-25T07:30:55.634907,huobi,111.61,111.63,2.97,2.97
2025-07-25T07:30:56.034412,huobi,111.61,111.65,2.97,2.97
2025-07-25T07:30:56.134018,huobi,111.6,111.67,4.67,2.97
2025-07-25T07:30:56.234826,huobi,111.6,111.65,1.7,2.97
2025-07-25T07:30:56.335122,huobi,111.61,111.65,2.97,2.97
2025-07-25T07:30:56.635436,huobi,111.61,111.63,2.97,2.97
2025-07-25T07:30:56.736110,huobi,111.6,111.63,4.67,2.97
2025-07-25T07:30:56.835188,huobi,111.61,111.63,2.97,2.97
2025-07-25T07:30:56.935570,huobi,111.6,111.62,1.7,7.8937
2025-07-25T07:30:57.035769,huobi,111.6,111.62,4.67,2.97
2025-07-25T07:30:57.236066,huobi,111.61,111.63,2.97,2.97
2025-07-25T07:30:57.336934,huobi,111.61,111.63,2.97,2.97
2025-07-25T07:30:57.536310,huobi,111.61,111.64,2.97,8.0039
2025-07-25T07:30:57.636587,huobi,111.61,111.63,2.97,2.97
2025-07-25T07:30:57.737611,huobi,111.6,111.63,4.67,2.97
2025-07-25T07:30:57.834418,huobi,111.61,111.63,2.97,2.97
2025-07-25T07:30:58.034421,huobi,111.61,111.64,2.97,8.0039
2025-07-25T07:30:58.135205,huobi,111.61,111.63,2.97,2.97
2025-07-25T07:30:58.236386,huobi,111.61,111.63,2.97,10.9739
2025-07-25T07:30:58.334910,huobi,111.61,111.63,2.97,2.97
2025-07-25T07:30:58.436930,huobi,111.58,111.65,21.47,2.97
2025-07-25T07:30:58.535582,huobi,111.59,111.63,2.97,2.97
2025-07-25T07:30:58.735926,huobi,111.58,111.63,18.5,2.97
2025-07-25T07:30:58.835859,huobi,111.59,111.63,2.97,2.97
2025-07-25T07:30:59.035264,huobi,111.59,111.62,2.97,2.97
2025-07-25T07:30:59.636312,huobi,111.59,111.62,2.97,2.97
2025-07-25T07:30:59.775546,huobi,111.58,111.62,2.97,2.97
2025-07-25T07:30:59.837269,huobi,111.58,111.6,2.97,2.97
2025-07-25T07:30:59.934470,huobi,111.58,111.63,2.97,2.97
2025-07-25T07:31:00.141761,huobi,111.58,111.63,2.97,2.97
2025-07-25T07:31:00.238042,huobi,111.58,111.62,2.97,10.3359
2025-07-25T07:31:00.336537,huobi,111.58,111.62,2.97,8.0039
2025-07-25T07:31:00.538054,huobi,111.58,111.61,2.97,2.97
2025-07-25T07:31:00.634865,huobi,111.58,111.63,2.97,2.97
2025-07-25T07:31:00.735599,huobi,111.58,111.59,2.97,0.1829
2025-07-25T07:31:01.034966,huobi,111.58,111.61,2.97,2.97
2025-07-25T07:31:01.137713,huobi,111.58,111.62,2.97,8.0039
2025-07-25T07:31:01.236565,huobi,111.58,111.64,2.7871,2.97
2025-07-25T07:31:01.539394,huobi,111.58,111.63,18.5,2.97
2025-07-25T07:31:01.637016,huobi,111.57,111.62,18.5,8.0039
2025-07-25T07:31:01.736086,huobi,111.58,111.61,2.97,2.97
2025-07-25T07:31:02.136427,huobi,111.57,111.61,18.5,2.97
2025-07-25T07:31:02.238077,huobi,111.58,111.61,2.97,2.97
2025-07-25T07:31:02.334111,huobi,111.58,111.6,2.97,1.7
2025-07-25T07:31:02.452950,huobi,111.57,111.59,18.5,2.97
2025-07-25T07:31:02.738738,huobi,111.58,111.6,2.97,1.7
2025-07-25T07:31:02.836977,huobi,111.57,111.59,2.97,2.97
2025-07-25T07:31:02.936280,huobi,111.56,111.59,18.5,2.97
2025-07-25T07:31:03.136948,huobi,111.57,111.59,2.97,2.97
2025-07-25T07:31:03.238872,huobi,111.57,111.6,2.97,4.67
2025-07-25T07:31:03.338141,huobi,111.57,111.59,2.97,8.0039
2025-07-25T07:31:03.439932,huobi,111.57,111.6,2.97,1.7
2025-07-25T07:31:03.637176,huobi,111.56,111.58,18.5,2.97
2025-07-25T07:31:04.337595,huobi,111.55,111.58,18.5,2.97
2025-07-25T07:31:04.440326,huobi,111.55,111.56,18.5,2.97
2025-07-25T07:31:04.540982,huobi,111.53,111.56,2.97,2.97
2025-07-25T07:31:04.639059,huobi,111.53,111.57,2.97,10.3359
2025-07-25T07:31:04.738641,huobi,111.53,111.57,2.97,8.0039
2025-07-25T07:31:05.036322,huobi,111.55,111.57,2.97,8.0039
2025-07-25T07:31:05.236303,huobi,111.54,111.57,2.97,8.0039
2025-07-25T07:31:05.537553,huobi,111.55,111.57,2.97,8.0039
2025-07-25T07:31:05.706407,bitrue,111.55,111.61,43.759,124.354
2025-07-25T07:31:06.136912,huobi,111.55,111.57,2.97,8.0039
2025-07-25T07:31:06.236170,huobi,111.54,111.57,2.97,8.0039
2025-07-25T07:31:06.635342,huobi,111.55,111.57,2.97,8.0039
2025-07-25T07:31:06.940717,huobi,111.55,111.61,2.97,2.332
2025-07-25T07:31:07.041300,huobi,111.56,111.6,2.97,2.97
2025-07-25T07:31:07.392871,huobi,111.58,111.66,2.97,2.332
2025-07-25T07:31:07.441476,huobi,111.58,111.66,21.47,2.332
2025-07-25T07:31:07.538113,huobi,111.6,111.68,2.97,2.332
2025-07-25T07:31:07.637358,huobi,111.6,111.67,2.97,2.97
2025-07-25T07:31:07.735517,huobi,111.59,111.63,18.5,2.97
2025-07-25T07:31:07.800112,bitrue,111.58,111.62,89.861,0.089
2025-07-25T07:31:07.836732,huobi,111.61,111.62,1.7,8.0039
2025-07-25T07:31:07.935930,huobi,111.6,111.62,2.97,8.0039
2025-07-25T07:31:08.636152,huobi,111.6,111.61,2.97,2.97
2025-07-25T07:31:08.735966,huobi,111.6,111.62,8.0046,8.0039
2025-07-25T07:31:08.838085,huobi,111.6,111.61,5.0346,2.97
2025-07-25T07:31:08.846881,bitrue,111.61,111.62,29.956,0.089
2025-07-25T07:31:09.038273,huobi,111.6,111.61,5.0346,4.67
2025-07-25T07:31:09.835755,huobi,111.58,111.6,2.97,2.97
2025-07-25T07:31:09.894192,bitrue,111.6,111.62,31.013,0.089
2025-07-25T07:31:10.136499,huobi,111.58,111.61,2.97,4.67
2025-07-25T07:31:10.235976,huobi,111.59,111.61,2.97,4.67
2025-07-25T07:31:10.738136,huobi,111.57,111.61,18.5,4.67
2025-07-25T07:31:10.838232,huobi,111.58,111.61,2.97,4.67
2025-07-25T07:31:10.935637,huobi,111.58,111.61,2.97,1.7
2025-07-25T07:31:11.344883,huobi,111.61,111.68,2.97,2.332
2025-07-25T07:31:11.440313,huobi,111.6,111.66,1.7,8.0039
2025-07-25T07:31:11.542093,huobi,111.61,111.65,2.97,2.97
2025-07-25T07:31:11.737715,huobi,111.61,111.67,2.97,2.97
2025-07-25T07:31:11.940933,huobi,111.6,111.67,1.7,2.97
2025-07-25T07:31:11.993080,bitrue,111.6,111.62,31.013,0.089
2025-07-25T07:31:12.037410,huobi,111.6,111.63,1.7,2.97
2025-07-25T07:31:12.236815,huobi,111.6,111.66,1.7,8.0039
2025-07-25T07:31:12.337144,huobi,111.58,111.64,18.5,10.3359
2025-07-25T07:31:12.446565,huobi,111.58,111.63,2.97,2.97
2025-07-25T07:31:12.539588,huobi,111.57,111.61,18.5,2.97
2025-07-25T07:31:12.638593,huobi,111.56,111.6,21.47,8.0039
2025-07-25T07:31:12.737403,huobi,111.56,111.59,21.47,2.97
2025-07-25T07:31:12.837380,huobi,111.56,111.6,21.47,8.0039
2025-07-25T07:31:12.936402,huobi,111.56,111.59,21.47,2.97
2025-07-25T07:31:13.037334,huobi,111.57,111.59,2.97,2.97
2025-07-25T07:31:13.041586,bitrue,111.6,111.62,31.013,0.089
2025-07-25T07:31:13.136885,huobi,111.56,111.59,18.5,2.97
2025-07-25T07:31:13.237469,huobi,111.56,111.59,18.5,2.97
2025-07-25T07:31:13.336228,huobi,111.57,111.59,2.97,2.97
2025-07-25T07:31:13.439313,huobi,111.55,111.59,21.47,2.97
2025-07-25T07:31:13.638407,huobi,111.55,111.58,2.97,2.97
2025-07-25T07:31:13.840029,huobi,111.55,111.58,2.97,2.97
2025-07-25T07:31:14.090506,bitrue,111.57,111.6,37.183,73.827
2025-07-25T07:31:14.140386,huobi,111.55,111.59,2.97,2.332
2025-07-25T07:31:14.236958,huobi,111.55,111.59,2.97,5.302
2025-07-25T07:31:14.337305,huobi,111.55,111.59,2.97,2.332
2025-07-25T07:31:14.439223,huobi,111.55,111.59,2.97,2.97
2025-07-25T07:31:14.639235,huobi,111.57,111.58,2.97,1.7
2025-07-25T07:31:14.840838,huobi,111.55,111.58,2.97,1.7
2025-07-25T07:31:14.935542,huobi,111.57,111.58,2.97,1.7
2025-07-25T07:31:15.136625,bitrue,111.57,111.6,37.183,73.827
2025-07-25T07:31:15.137167,huobi,111.55,111.58,2.97,1.7
2025-07-25T07:31:16.136750,huobi,111.57,111.58,2.97,1.7
2025-07-25T07:31:16.187051,bitrue,111.57,111.6,37.183,73.827
2025-07-25T07:31:16.239695,huobi,111.58,111.63,2.97,2.97
2025-07-25T07:31:16.338907,huobi,111.59,111.63,2.97,2.97
2025-07-25T07:31:16.539165,huobi,111.59,111.61,2.97,2.97
2025-07-25T07:31:16.636019,huobi,111.6,111.61,1.7,2.97
2025-07-25T07:31:16.736222,huobi,111.59,111.61,2.97,2.97
2025-07-25T07:31:17.231907,bitrue,111.6,111.62,30.252,0.089
2025-07-25T07:31:17.258650,huobi,111.59,111.62,2.97,8.0039
2025-07-25T07:31:17.636631,huobi,111.6,111.62,2.97,8.0039
2025-07-25T07:31:17.840328,huobi,111.6,111.68,2.97,2.332
2025-07-25T07:31:17.939089,huobi,111.6,111.64,2.97,2.97
2025-07-25T07:31:18.278447,bitrue,111.6,111.62,30.252,0.089
2025-07-25T07:31:18.338384,huobi,111.62,111.69,2.97,2.97
2025-07-25T07:31:18.438663,huobi,111.61,111.71,4.67,2.97
2025-07-25T07:31:18.539537,huobi,111.61,111.71,1.7,2.97
2025-07-25T07:31:18.637229,huobi,111.61,111.67,1.7,3.1819
2025-07-25T07:31:18.738934,huobi,111.61,111.66,1.7,2.97
2025-07-25T07:31:18.836733,huobi,111.61,111.66,4.67,2.97
2025-07-25T07:31:18.938119,huobi,111.62,111.64,2.97,2.97
2025-07-25T07:31:19.039074,huobi,111.62,111.66,2.97,2.97
2025-07-25T07:31:19.237928,huobi,111.62,111.65,2.97,8.0039
2025-07-25T07:31:19.331050,bitrue,111.6,111.62,30.252,0.089
2025-07-25T07:31:19.439402,huobi,111.62,111.69,2.97,2.97
2025-07-25T07:31:19.735090,huobi,111.62,111.67,2.97,2.97
2025-07-25T07:31:20.378733,bitrue,111.6,111.62,30.252,0.089
2025-07-25T07:31:20.436438,huobi,111.61,111.65,18.5,2.97
2025-07-25T07:31:21.037405,huobi,111.6,111.64,18.5,8.0039
2025-07-25T07:31:21.138705,huobi,111.6,111.63,2.97,2.97
2025-07-25T07:31:21.338311,huobi,111.61,111.63,2.97,2.97
2025-07-25T07:31:21.424424,bitrue,111.6,111.62,30.252,0.089
2025-07-25T07:31:21.535418,huobi,111.61,111.64,2.97,8.0039
2025-07-25T07:31:21.738566,huobi,111.61,111.68,2.97,2.332
2025-07-25T07:31:21.837428,huobi,111.61,111.67,2.97,2.97
2025-07-25T07:31:21.936099,huobi,111.61,111.65,2.97,2.97
2025-07-25T07:31:22.136379,huobi,111.61,111.7,18.5,10.3359
2025-07-25T07:31:22.235718,huobi,111.62,111.67,2.97,0.2119
2025-07-25T07:31:22.339673,huobi,111.62,111.65,2.97,8.0039
2025-07-25T07:31:22.473145,bitrue,111.6,111.62,30.252,0.089
2025-07-25T07:31:23.137597,huobi,111.62,111.67,2.97,2.97
2025-07-25T07:31:23.238347,huobi,111.63,111.72,3.1819,1.3105
2025-07-25T07:31:23.340127,huobi,111.68,111.72,2.97,1.3105
2025-07-25T07:31:23.442959,huobi,111.7,111.72,2.97,1.3105
2025-07-25T07:31:23.517895,bitrue,111.6,111.62,30.252,0.089
2025-07-25T07:31:23.537573,huobi,111.71,111.8,1.7,2.97
2025-07-25T07:31:23.941617,huobi,111.69,111.79,2.97,2.332
2025-07-25T07:31:24.037941,huobi,111.69,111.76,2.97,2.97
2025-07-25T07:31:24.143051,huobi,111.69,111.8,2.97,2.97
2025-07-25T07:31:24.237845,huobi,111.69,111.74,2.97,2.97
2025-07-25T07:31:24.339529,huobi,111.68,111.72,18.5,2.97
2025-07-25T07:31:24.438698,huobi,111.68,111.71,18.5,8.0039
2025-07-25T07:31:24.538492,huobi,111.64,111.7,2.97,2.97
2025-07-25T07:31:24.567558,bitrue,111.6,111.62,30.252,0.089
2025-07-25T07:31:24.638877,huobi,111.69,111.73,1.7,2.97
2025-07-25T07:31:24.769693,huobi,111.7,111.73,2.97,2.97
2025-07-25T07:31:24.835243,huobi,111.7,111.76,2.97,2.97
2025-07-25T07:31:24.937159,huobi,111.7,111.8,2.97,2.97
2025-07-25T07:31:25.037448,huobi,111.7,111.79,2.97,2.332
2025-07-25T07:31:25.139257,huobi,111.7,111.76,2.97,2.97
2025-07-25T07:31:25.341849,huobi,111.69,111.75,20.2,8.0039
2025-07-25T07:31:25.439947,huobi,111.7,111.74,2.97,2.97
2025-07-25T07:31:25.613997,bitrue,111.6,111.62,30.252,0.089
2025-07-25T07:31:25.637230,huobi,111.71,111.74,1.7,2.97
2025-07-25T07:31:25.737277,huobi,111.71,111.74,4.67,2.97
2025-07-25T07:31:25.835772,huobi,111.71,111.74,1.7,2.97
2025-07-25T07:31:25.935590,huobi,111.71,111.76,4.67,2.97
2025-07-25T07:31:26.135585,huobi,111.71,111.76,1.7,2.97
2025-07-25T07:31:26.237073,huobi,111.71,111.74,1.7,2.97
2025-07-25T07:31:26.536511,huobi,111.71,111.74,4.67,2.97
2025-07-25T07:31:26.638106,huobi,111.71,111.74,1.7,2.97
2025-07-25T07:31:26.657613,bitrue,111.6,111.62,30.252,0.089
2025-07-25T07:31:27.040123,huobi,111.71,111.73,1.7,2.97
2025-07-25T07:31:27.235296,huobi,111.71,111.72,1.7,8.0039
2025-07-25T07:31:27.339235,huobi,111.7,111.73,2.97,2.97
2025-07-25T07:31:27.437257,huobi,111.7,111.72,2.97,9.7039
2025-07-25T07:31:27.541532,huobi,111.72,111.78,2.97,2.97
2025-07-25T07:31:27.704364,bitrue,111.6,111.62,30.252,0.089
2025-07-25T07:31:27.738722,huobi,111.72,111.8,2.97,2.97
2025-07-25T07:31:27.838339,huobi,111.73,111.79,2.97,2.97
2025-07-25T07:31:27.936825,huobi,111.73,111.76,2.97,2.97
2025-07-25T07:31:28.040734,huobi,111.73,111.77,2.97,8.0039
2025-07-25T07:31:28.136134,huobi,111.73,111.76,2.97,2.97
2025-07-25T07:31:28.437562,huobi,111.73,111.79,2.97,2.97
2025-07-25T07:31:28.738000,huobi,111.73,111.78,2.97,0.2119
2025-07-25T07:31:28.760628,bitrue,111.6,111.62,30.252,0.089
2025-07-25T07:31:28.836413,huobi,111.73,111.77,2.97,8.0039
2025-07-25T07:31:28.938623,huobi,111.73,111.76,2.97,2.97
2025-07-25T07:31:29.336081,huobi,111.73,111.77,2.97,2.97
2025-07-25T07:31:30.035656,huobi,111.74,111.76,2.97,2.97
2025-07-25T07:31:30.337459,huobi,111.73,111.76,2.97,8.0039
2025-07-25T07:31:30.536153,huobi,111.75,111.76,1.7,8.0039
2025-07-25T07:31:30.739678,huobi,111.75,111.78,1.7,0.2119
2025-07-25T07:31:30.836255,huobi,111.75,111.76,1.7,2.97
2025-07-25T07:31:30.849833,bitrue,111.6,111.62,30.252,0.089
2025-07-25T07:31:31.237504,huobi,111.75,111.76,7.0354,2.97
2025-07-25T07:31:31.893611,bitrue,111.6,111.62,30.252,0.089
2025-07-25T07:31:32.237630,huobi,111.75,111.76,11.8201,2.97
2025-07-25T07:31:32.941146,bitrue,111.6,111.62,30.252,0.089
2025-07-25T07:31:33.238605,huobi,111.75,111.76,1.7,2.97
2025-07-25T07:31:33.637995,huobi,111.71,111.76,20.2,2.97
2025-07-25T07:31:33.737640,huobi,111.71,111.75,18.5,2.97
2025-07-25T07:31:33.841170,huobi,111.7,111.74,21.47,8.0039
2025-07-25T07:31:33.941138,huobi,111.7,111.73,21.47,2.97
2025-07-25T07:31:33.986832,bitrue,111.6,111.62,30.252,0.089
2025-07-25T07:31:34.041825,huobi,111.7,111.73,2.97,2.97
2025-07-25T07:31:34.138894,huobi,111.7,111.74,2.97,8.0039
2025-07-25T07:31:35.333144,huobi,111.71,111.75,21.47,2.97
2025-07-25T07:31:35.333196,huobi,111.74,111.77,2.97,2.97
2025-07-25T07:31:35.333376,huobi,111.74,111.76,2.97,2.97
2025-07-25T07:31:35.333441,huobi,111.74,111.76,2.97,2.97
2025-07-25T07:31:35.333648,bitrue,111.6,111.62,30.252,0.089
2025-07-25T07:31:35.439893,huobi,111.73,111.75,4.67,2.97
2025-07-25T07:31:35.638070,huobi,111.74,111.76,2.97,2.97
2025-07-25T07:31:35.738289,huobi,111.74,111.76,2.97,3.0244
2025-07-25T07:31:36.037097,huobi,111.73,111.75,1.7,2.97
2025-07-25T07:31:36.074764,bitrue,111.6,111.62,30.252,0.089
2025-07-25T07:31:36.135749,huobi,111.73,111.75,4.67,2.97
2025-07-25T07:31:36.235358,huobi,111.73,111.76,1.7,0.0544
2025-07-25T07:31:36.336173,huobi,111.74,111.76,4.67,3.0244
2025-07-25T07:31:36.437429,huobi,111.74,111.76,1.7,3.0244
2025-07-25T07:31:36.536052,huobi,111.74,111.76,4.67,3.0244
2025-07-25T07:31:36.638726,huobi,111.74,111.75,1.7,2.97
2025-07-25T07:31:36.736084,huobi,111.74,111.75,6.8768,2.97
2025-07-25T07:31:36.837322,huobi,111.74,111.77,6.8768,2.97
2025-07-25T07:31:37.035579,huobi,111.74,111.79,6.8768,2.97
2025-07-25T07:31:37.122409,bitrue,111.6,111.62,30.252,0.089
2025-07-25T07:31:37.242601,huobi,111.8,111.86,1.7,2.97
2025-07-25T07:31:37.340567,huobi,111.8,111.9,1.7,2.97
2025-07-25T07:31:37.478672,huobi,111.82,111.88,2.97,2.97
2025-07-25T07:31:37.539470,huobi,111.82,111.9,2.97,5.302
2025-07-25T07:31:37.641564,huobi,111.83,111.89,2.97,2.97
2025-07-25T07:31:37.740814,huobi,111.84,111.91,2.97,2.97
2025-07-25T07:31:37.938867,huobi,111.85,111.91,2.97,2.97
2025-07-25T07:31:38.139096,huobi,111.85,111.89,2.97,2.97
2025-07-25T07:31:38.166998,bitrue,111.6,111.62,30.252,0.089
2025-07-25T07:31:38.337425,huobi,111.85,111.91,2.97,2.97
2025-07-25T07:31:38.538073,huobi,111.85,111.89,2.97,2.97
2025-07-25T07:31:38.636147,huobi,111.85,111.91,2.97,2.97
2025-07-25T07:31:38.738461,huobi,111.85,111.9,2.97,2.97
2025-07-25T07:31:38.839306,huobi,111.84,111.9,2.97,2.97
2025-07-25T07:31:39.211389,bitrue,111.86,111.9,93.886,16.139
2025-07-25T07:31:39.935204,huobi,111.84,111.89,2.97,2.97
2025-07-25T07:31:40.039080,huobi,111.84,111.9,2.97,0.0544
2025-07-25T07:31:40.139367,huobi,111.84,111.9,2.97,0.0544
2025-07-25T07:31:40.236958,huobi,111.85,111.9,18.5,0.0544
2025-07-25T07:31:40.341098,huobi,111.86,111.9,2.97,0.0544
2025-07-25T07:31:40.442647,huobi,111.86,111.92,2.97,2.97
2025-07-25T07:31:40.539773,huobi,111.89,111.93,2.97,0.515
2025-07-25T07:31:40.837346,huobi,111.89,111.92,2.97,8.0039
2025-07-25T07:31:41.036742,huobi,111.9,111.92,2.97,8.0039
2025-07-25T07:31:41.137146,huobi,111.9,111.93,2.97,0.515
2025-07-25T07:31:41.237186,huobi,111.9,111.93,2.97,3.485
2025-07-25T07:31:41.308184,bitrue,111.89,111.94,65.827,33.084
2025-07-25T07:31:41.839997,huobi,111.9,111.92,2.97,2.97
2025-07-25T07:31:42.037214,huobi,111.9,111.93,2.97,0.515
2025-07-25T07:31:42.363384,bitrue,111.89,111.94,65.827,33.084
2025-07-25T07:31:42.837636,huobi,111.92,111.93,2.97,0.515
2025-07-25T07:31:43.038601,huobi,111.92,111.93,2.97,0.0001
2025-07-25T07:31:43.137130,huobi,111.92,111.93,21.47,0.0001
2025-07-25T07:31:43.405841,bitrue,111.92,111.97,95.973,16.175
2025-07-25T07:31:43.838918,huobi,111.91,111.97,18.5,2.97
2025-07-25T07:31:43.937373,huobi,111.9,111.95,21.47,10.9739
2025-07-25T07:31:44.035885,huobi,111.9,111.94,21.47,2.97
2025-07-25T07:31:44.141200,huobi,111.9,111.91,2.97,5.2824
2025-07-25T07:31:44.238665,huobi,111.9,111.93,2.97,2.97
2025-07-25T07:31:44.442960,huobi,111.88,111.91,18.5,2.97
2025-07-25T07:31:44.452849,bitrue,111.95,111.98,120.548,5.213
2025-07-25T07:31:44.635927,huobi,111.87,111.91,2.97,2.97
2025-07-25T07:31:44.742961,huobi,111.87,111.92,2.97,8.0039
2025-07-25T07:31:44.839531,huobi,111.9,111.92,2.97,8.0039
2025-07-25T07:31:44.936614,huobi,111.88,111.91,2.97,2.97
2025-07-25T07:31:45.136365,huobi,111.92,111.95,2.97,2.97
2025-07-25T07:31:45.335713,huobi,111.92,111.96,2.97,2.97
2025-07-25T07:31:45.503581,bitrue,111.92,111.96,95.973,50.816
2025-07-25T07:31:45.740360,huobi,111.92,111.98,2.97,2.97
2025-07-25T07:31:46.238349,huobi,111.92,111.96,2.97,2.97
2025-07-25T07:31:46.549080,bitrue,111.93,111.98,71.375,5.213
2025-07-25T07:31:46.637676,huobi,111.92,111.98,2.97,2.97
2025-07-25T07:31:46.835440,huobi,111.92,111.98,2.97,2.97
2025-07-25T07:31:46.939159,huobi,111.92,111.96,2.97,2.97
2025-07-25T07:31:48.437967,huobi,111.93,111.94,1.7,2.97
2025-07-25T07:31:48.539598,huobi,111.93,111.96,1.7,2.97
2025-07-25T07:31:48.637141,huobi,111.93,111.96,1.7,2.97
2025-07-25T07:31:48.739853,huobi,111.93,111.94,1.7,0.2119
2025-07-25T07:31:48.838616,huobi,111.89,111.93,18.5,2.97
2025-07-25T07:31:49.036586,huobi,111.86,111.92,2.97,2.97
2025-07-25T07:31:49.238881,huobi,111.86,111.93,2.97,2.97
2025-07-25T07:31:49.339599,huobi,111.89,111.93,2.97,2.97
2025-07-25T07:31:49.691205,bitrue,111.91,111.95,38.543,59.071
2025-07-25T07:31:49.935445,huobi,111.89,111.92,2.97,2.97
2025-07-25T07:31:50.040667,huobi,111.89,111.93,2.97,2.97
2025-07-25T07:31:50.136128,huobi,111.89,111.93,21.47,2.97
2025-07-25T07:31:50.236863,huobi,111.9,111.93,2.97,2.97
2025-07-25T07:31:50.535775,huobi,111.89,111.93,18.5,2.97
2025-07-25T07:31:50.738191,huobi,111.9,111.93,2.97,2.97
2025-07-25T07:31:50.742050,bitrue,111.91,111.95,38.543,59.071
2025-07-25T07:31:50.837654,huobi,111.91,111.95,2.97,2.97
2025-07-25T07:31:51.236987,huobi,111.92,111.97,2.97,2.97
2025-07-25T07:31:51.435740,huobi,111.93,111.97,2.97,2.97
2025-07-25T07:31:51.635896,huobi,111.93,111.96,2.97,8.0039
2025-07-25T07:31:51.736834,huobi,111.94,111.95,1.7,2.97
2025-07-25T07:31:51.835448,bitrue,111.93,111.96,102.02,16.292
2025-07-25T07:31:51.836663,huobi,111.94,111.97,4.67,2.97
2025-07-25T07:31:51.936053,huobi,111.94,111.97,4.67,2.97
2025-07-25T07:31:52.436083,huobi,111.94,111.97,1.7,2.97
2025-07-25T07:31:52.536094,huobi,111.94,111.98,1.7,2.97
2025-07-25T07:31:52.636247,huobi,111.94,111.98,4.67,2.97
2025-07-25T07:31:52.839556,huobi,111.94,111.98,1.7,2.97
2025-07-25T07:31:52.886109,bitrue,111.96,111.99,124.066,5.244
2025-07-25T07:31:53.035101,huobi,111.94,111.98,1.7,2.97
2025-07-25T07:31:53.136882,huobi,111.94,111.98,4.67,2.97
2025-07-25T07:31:53.635115,huobi,111.95,111.96,1.7,2.97
2025-07-25T07:31:53.835939,huobi,111.95,111.98,1.7,2.97
2025-07-25T07:31:53.935639,bitrue,111.96,111.99,124.066,5.244
2025-07-25T07:31:53.936262,huobi,111.95,111.98,1.7,2.97
2025-07-25T07:31:54.337362,huobi,111.95,111.96,1.7,2.97
2025-07-25T07:31:54.537104,huobi,111.95,111.98,1.7,2.97
2025-07-25T07:31:54.844844,huobi,111.94,111.96,1.7,2.97
2025-07-25T07:31:54.938215,huobi,111.9,111.95,2.97,2.5439
2025-07-25T07:31:55.038019,huobi,111.88,111.94,2.97,10.9739
2025-07-25T07:31:55.137108,huobi,111.88,111.93,2.97,2.97
2025-07-25T07:31:55.237099,huobi,111.89,111.93,2.97,2.97
2025-07-25T07:31:55.439311,huobi,111.89,111.91,2.97,2.97
2025-07-25T07:31:55.537356,huobi,111.88,111.91,18.5,2.97
2025-07-25T07:31:55.639197,huobi,111.88,111.92,18.5,8.0039
2025-07-25T07:31:55.738244,huobi,111.89,111.91,2.97,2.97
2025-07-25T07:31:55.839252,huobi,111.88,111.91,18.5,2.97
2025-07-25T07:31:56.025774,bitrue,111.91,111.96,38.543,48.482
2025-07-25T07:31:56.138755,huobi,111.88,111.91,18.5,2.97
2025-07-25T07:31:56.538691,huobi,111.89,111.92,2.97,9.7039
2025-07-25T07:31:56.636688,huobi,111.89,111.91,2.97,2.97
2025-07-25T07:31:56.737844,huobi,111.89,111.91,2.97,2.97
2025-07-25T07:31:56.961628,huobi,111.89,111.92,2.97,9.7039
2025-07-25T07:31:57.037341,huobi,111.89,111.91,2.97,2.97
2025-07-25T07:31:58.116077,bitrue,111.91,111.96,38.543,48.482
2025-07-25T07:31:58.135962,huobi,111.89,111.92,2.97,4.67
2025-07-25T07:31:58.237106,huobi,111.89,111.91,2.97,2.97
2025-07-25T07:31:58.760472,huobi,111.88,111.91,18.5,2.97
2025-07-25T07:31:58.935612,huobi,111.89,111.91,2.97,2.97
2025-07-25T07:31:59.035874,huobi,111.89,111.92,2.97,1.7
2025-07-25T07:31:59.136706,huobi,111.89,111.94,2.97,2.97
2025-07-25T07:31:59.435721,huobi,111.9,111.98,2.97,2.97
2025-07-25T07:31:59.535253,huobi,111.91,111.98,2.97,2.97
2025-07-25T07:31:59.738722,huobi,111.91,111.98,18.5,2.97
2025-07-25T07:31:59.838162,huobi,111.92,111.96,2.97,2.97
2025-07-25T07:31:59.937952,huobi,111.92,111.98,2.97,2.97
2025-07-25T07:32:00.139539,huobi,111.84,111.97,8.3348,8.0039
2025-07-25T07:32:00.216966,bitrue,111.93,111.97,95.444,21.025
2025-07-25T07:32:00.239907,huobi,111.85,111.95,2.97,8.0039
2025-07-25T07:32:00.336571,huobi,111.85,111.94,2.97,2.332
2025-07-25T07:32:00.439600,huobi,111.85,111.92,2.97,2.332
2025-07-25T07:32:00.536050,huobi,111.85,111.91,2.7871,2.97
2025-07-25T07:32:00.738373,huobi,111.86,111.91,18.5,2.97
2025-07-25T07:32:00.839920,huobi,111.86,111.93,18.5,2.97
2025-07-25T07:32:01.035045,huobi,111.86,111.93,18.5,2.97
2025-07-25T07:32:01.265495,bitrue,111.9,111.94,17.368,38.802
2025-07-25T07:32:01.364829,huobi,111.86,111.94,23.8638,2.97
2025-07-25T07:32:01.436443,huobi,111.88,112.0,18.5,2.332
2025-07-25T07:32:01.536106,huobi,111.88,111.99,18.5,2.97
2025-07-25T07:32:01.738023,huobi,111.9,111.97,18.5,0.2119
2025-07-25T07:32:01.837413,huobi,111.9,111.96,18.5,2.97
2025-07-25T07:32:02.033808,huobi,111.91,111.96,2.97,2.97
2025-07-25T07:32:02.235153,huobi,111.93,111.94,1.7,2.97
2025-07-25T07:32:02.313547,bitrue,111.94,111.97,78.182,10.581
2025-07-25T07:32:02.634749,huobi,111.93,111.94,6.4824,2.97
2025-07-25T07:32:02.935257,huobi,111.93,111.94,11.6428,2.97
2025-07-25T07:32:03.038362,huobi,111.93,111.95,11.6428,8.0039
2025-07-25T07:32:03.135655,huobi,111.93,111.94,11.6428,2.97
2025-07-25T07:32:03.237596,huobi,111.91,111.94,2.97,1.7
2025-07-25T07:32:03.338537,huobi,111.9,111.93,18.5,2.97
2025-07-25T07:32:03.360576,bitrue,111.94,111.97,78.182,10.581
2025-07-25T07:32:03.438024,huobi,111.88,111.93,18.5,2.97
2025-07-25T07:32:03.642042,huobi,111.88,111.92,18.5,8.0039
2025-07-25T07:32:03.738861,huobi,111.87,111.92,2.97,8.0039
2025-07-25T07:32:03.839048,huobi,111.85,111.91,2.7871,2.332
2025-07-25T07:32:04.139880,huobi,111.85,111.9,2.7871,2.97
2025-07-25T07:32:04.236384,huobi,111.82,111.9,8.3357,2.97
2025-07-25T07:32:04.407951,bitrue,111.9,111.94,17.368,52.114
2025-07-25T07:32:04.454819,huobi,111.82,111.89,8.3357,8.0039
2025-07-25T07:32:04.538583,huobi,111.82,111.88,8.3357,2.332
2025-07-25T07:32:04.639106,huobi,111.8,111.88,8.3367,2.332
2025-07-25T07:32:04.741574,huobi,111.78,111.86,2.97,2.332
2025-07-25T07:32:04.939167,huobi,111.78,111.84,2.97,2.332
2025-07-25T07:32:05.038458,huobi,111.78,111.83,2.97,2.97
2025-07-25T07:32:05.141443,huobi,111.78,111.83,2.97,2.97
2025-07-25T07:32:05.239813,huobi,111.78,111.85,2.97,8.0039
2025-07-25T07:32:05.336950,huobi,111.78,111.84,21.47,2.97
2025-07-25T07:32:05.440281,huobi,111.78,111.83,21.47,8.0039
2025-07-25T07:32:05.454318,bitrue,111.85,111.88,36.968,36.423
2025-07-25T07:32:05.537169,huobi,111.78,111.82,21.47,2.332
2025-07-25T07:32:05.638338,huobi,111.78,111.85,21.47,10.3359
2025-07-25T07:32:05.737946,huobi,111.78,111.82,2.97,2.97
2025-07-25T07:32:05.837532,huobi,111.78,111.82,2.97,2.97
2025-07-25T07:32:05.934586,huobi,111.75,111.81,2.97,2.332
2025-07-25T07:32:06.040294,huobi,111.76,111.83,18.5,2.332
2025-07-25T07:32:06.137864,huobi,111.76,111.82,18.5,2.97
2025-07-25T07:32:06.237081,huobi,111.78,111.82,2.97,2.97
2025-07-25T07:32:06.337091,huobi,111.76,111.8,18.5,2.97
2025-07-25T07:32:06.500503,bitrue,111.8,111.85,21.88,38.597
2025-07-25T07:32:06.536891,huobi,111.76,111.81,18.5,8.0039
2025-07-25T07:32:06.736104,huobi,111.76,111.8,18.5,2.97
2025-07-25T07:32:07.039809,huobi,111.76,111.8,18.5,5.302
2025-07-25T07:32:07.138228,huobi,111.76,111.79,18.5,2.97
2025-07-25T07:32:07.435419,huobi,111.76,111.81,18.5,8.0039
2025-07-25T07:32:07.536337,huobi,111.76,111.8,18.5,2.97
2025-07-25T07:32:07.553311,bitrue,111.79,111.82,23.795,48.321
2025-07-25T07:32:07.735088,huobi,111.75,111.79,21.47,2.97
2025-07-25T07:32:07.835906,huobi,111.76,111.79,2.97,2.97
2025-07-25T07:32:08.334845,huobi,111.76,111.79,2.97,2.97
2025-07-25T07:32:08.435477,huobi,111.73,111.79,70.3389,2.97
2025-07-25T07:32:08.540642,huobi,111.73,111.78,70.3389,10.3359
2025-07-25T07:32:08.600395,bitrue,111.79,111.82,23.795,47.507
2025-07-25T07:32:08.739872,huobi,111.71,111.77,8.341,2.97
2025-07-25T07:32:08.839851,huobi,111.74,111.77,2.97,2.97
2025-07-25T07:32:08.936777,huobi,111.74,111.78,2.97,10.3359
2025-07-25T07:32:09.035438,huobi,111.74,111.77,2.97,2.97
2025-07-25T07:32:09.238086,huobi,111.74,111.79,2.97,2.97
2025-07-25T07:32:09.460297,huobi,111.76,111.78,2.97,8.0039
2025-07-25T07:32:09.535493,huobi,111.74,111.78,2.97,8.0039
2025-07-25T07:32:09.648295,bitrue,111.77,111.82,36.937,47.507
2025-07-25T07:32:09.738274,huobi,111.74,111.78,2.97,8.0039
2025-07-25T07:32:09.935146,huobi,111.74,111.77,2.97,2.97
2025-07-25T07:32:10.034983,huobi,111.72,111.76,18.5,8.0039
2025-07-25T07:32:10.139405,huobi,111.69,111.78,2.97,2.5439
2025-07-25T07:32:10.236359,huobi,111.69,111.79,2.97,2.332
2025-07-25T07:32:10.337664,huobi,111.69,111.75,2.97,2.332
2025-07-25T07:32:10.437752,huobi,111.73,111.76,2.97,2.97
2025-07-25T07:32:10.636849,huobi,111.7,111.76,18.5,10.9739
2025-07-25T07:32:10.696862,bitrue,111.74,111.79,24.086,62.131
2025-07-25T07:32:10.839482,huobi,111.7,111.75,18.5,2.97
2025-07-25T07:32:11.138070,huobi,111.7,111.75,18.5,5.302
2025-07-25T07:32:11.342973,huobi,111.69,111.74,2.97,2.97
2025-07-25T07:32:11.437547,huobi,111.67,111.73,2.97,2.97
2025-07-25T07:32:11.636822,huobi,111.68,111.73,18.5,2.97
2025-07-25T07:32:11.741838,bitrue,111.74,111.77,24.086,52.013
2025-07-25T07:32:11.835843,huobi,111.7,111.75,2.97,2.332
2025-07-25T07:32:11.976900,huobi,111.7,111.74,2.97,2.97
2025-07-25T07:32:12.035716,huobi,111.7,111.74,2.97,2.97
2025-07-25T07:32:12.343144,huobi,111.68,111.73,18.5,10.3359
2025-07-25T07:32:12.440683,huobi,111.67,111.72,21.47,2.97
2025-07-25T07:32:12.537637,huobi,111.67,111.71,21.47,2.97
2025-07-25T07:32:12.642520,huobi,111.65,111.71,2.97,2.97
2025-07-25T07:32:12.740333,huobi,111.65,111.69,2.97,2.97
2025-07-25T07:32:12.787834,bitrue,111.72,111.77,37.064,52.013
2025-07-25T07:32:12.948593,huobi,111.65,111.68,2.97,2.97
2025-07-25T07:32:13.038537,huobi,111.6,111.67,5.3763,2.97
2025-07-25T07:32:13.138866,huobi,111.6,111.69,2.97,2.332
2025-07-25T07:32:13.243459,huobi,111.6,111.66,2.97,2.97
2025-07-25T07:32:13.339465,huobi,111.6,111.65,2.97,2.332
2025-07-25T07:32:13.443724,huobi,111.6,111.65,2.97,2.97
2025-07-25T07:32:13.539857,huobi,111.6,111.65,2.97,2.332
2025-07-25T07:32:13.640513,huobi,111.6,111.64,2.97,2.97
2025-07-25T07:32:13.832184,bitrue,111.64,111.67,17.383,27.753
2025-07-25T07:32:13.941096,huobi,111.55,111.62,2.97,2.97
2025-07-25T07:32:14.039939,huobi,111.56,111.61,2.97,2.332
2025-07-25T07:32:14.138375,huobi,111.56,111.61,2.97,2.332
2025-07-25T07:32:14.438203,huobi,111.57,111.61,18.5,5.302
2025-07-25T07:32:14.536881,huobi,111.57,111.61,18.5,2.332
2025-07-25T07:32:14.638457,huobi,111.61,111.67,1.7,2.332
2025-07-25T07:32:14.739105,huobi,111.61,111.65,4.67,2.97
2025-07-25T07:32:14.841706,huobi,111.61,111.67,4.67,2.97
2025-07-25T07:32:14.881476,bitrue,111.6,111.64,30.252,40.261
2025-07-25T07:32:14.939607,huobi,111.61,111.66,4.67,2.97
2025-07-25T07:32:15.136269,huobi,111.6,111.63,18.5,2.97
2025-07-25T07:32:15.238300,huobi,111.59,111.64,2.97,2.97
2025-07-25T07:32:15.337150,huobi,111.59,111.63,2.97,2.332
2025-07-25T07:32:15.436233,huobi,111.59,111.64,2.97,5.302
2025-07-25T07:32:15.536238,huobi,111.59,111.63,21.47,2.97
2025-07-25T07:32:15.739228,huobi,111.58,111.62,18.5,2.97
2025-07-25T07:32:15.841605,huobi,111.56,111.61,2.97,2.97
2025-07-25T07:32:15.933317,bitrue,111.62,111.67,50.58,27.753
2025-07-25T07:32:15.937925,huobi,111.56,111.64,2.97,2.97
2025-07-25T07:32:16.037277,huobi,111.56,111.61,2.97,2.332
2025-07-25T07:32:16.135454,huobi,111.56,111.6,2.97,2.97
2025-07-25T07:32:16.235994,huobi,111.56,111.61,21.47,2.97
2025-07-25T07:32:16.538775,huobi,111.56,111.64,21.47,2.97
2025-07-25T07:32:16.639111,huobi,111.56,111.63,21.47,2.332
2025-07-25T07:32:16.736802,huobi,111.56,111.63,21.47,2.97
2025-07-25T07:32:16.937111,huobi,111.56,111.62,21.47,2.97
2025-07-25T07:32:16.985298,bitrue,111.6,111.64,30.252,36.917
2025-07-25T07:32:17.036909,huobi,111.56,111.64,21.47,2.97
2025-07-25T07:32:17.137421,huobi,111.56,111.63,21.47,8.0039
2025-07-25T07:32:17.237114,huobi,111.56,111.66,21.47,2.97
2025-07-25T07:32:17.434713,huobi,111.56,111.64,26.8482,2.97
2025-07-25T07:32:17.741628,huobi,111.6,111.64,7.8262,2.97
2025-07-25T07:32:18.030188,bitrue,111.62,111.65,70.715,14.096
2025-07-25T07:32:18.238845,huobi,111.6,111.74,21.47,19.0788
2025-07-25T07:32:18.348624,huobi,111.6,111.66,21.47,5.4511
2025-07-25T07:32:18.438273,huobi,111.65,111.75,4.67,2.97
2025-07-25T07:32:18.541405,huobi,111.65,111.77,23.17,2.97
2025-07-25T07:32:18.638855,huobi,111.65,111.75,23.17,2.97
2025-07-25T07:32:18.838616,huobi,111.65,111.73,21.47,2.97
2025-07-25T07:32:19.036673,huobi,111.65,111.68,21.47,5.2327
2025-07-25T07:32:19.091940,bitrue,111.67,111.7,65.623,17.022
2025-07-25T07:32:19.138239,huobi,111.65,111.77,21.47,2.97
2025-07-25T07:32:19.237483,huobi,111.65,111.69,21.47,2.97
2025-07-25T07:32:19.335539,huobi,111.65,111.69,21.47,2.97
2025-07-25T07:32:19.736824,huobi,111.65,111.68,21.47,2.97
2025-07-25T07:32:19.838453,huobi,111.65,111.68,2.97,2.97
2025-07-25T07:32:19.938224,huobi,111.64,111.68,18.5,2.97
2025-07-25T07:32:20.131488,bitrue,111.67,111.74,87.175,11.721
2025-07-25T07:32:20.339226,huobi,111.64,111.68,18.5,2.97
2025-07-25T07:32:20.736414,huobi,111.64,111.67,18.5,1.7
2025-07-25T07:32:20.838343,huobi,111.64,111.67,18.5,4.67
2025-07-25T07:32:21.177086,bitrue,111.66,111.71,24.378,44.413
2025-07-25T07:32:21.341432,huobi,111.64,111.67,18.5,4.67
2025-07-25T07:32:21.438145,huobi,111.64,111.67,18.5,1.7
2025-07-25T07:32:21.839265,huobi,111.64,111.71,18.5,2.97
2025-07-25T07:32:21.939034,huobi,111.66,111.73,23.17,2.97
2025-07-25T07:32:22.036411,huobi,111.66,111.72,23.17,2.97
2025-07-25T07:32:22.137334,huobi,111.66,111.72,23.17,10.9739
2025-07-25T07:32:22.240030,huobi,111.66,111.71,23.17,2.97
2025-07-25T07:32:22.338666,huobi,111.67,111.71,4.67,2.97
2025-07-25T07:32:22.535127,huobi,111.67,111.75,23.17,2.97
2025-07-25T07:32:22.637909,huobi,111.67,111.77,23.17,2.97
2025-07-25T07:32:22.736346,huobi,111.67,111.77,23.17,2.332
2025-07-25T07:32:22.838937,huobi,111.67,111.79,23.17,2.97
2025-07-25T07:32:22.940277,huobi,111.67,111.75,23.17,2.97
2025-07-25T07:32:23.037569,huobi,111.67,111.73,23.17,2.97
2025-07-25T07:32:23.136377,huobi,111.67,111.75,23.17,2.97
2025-07-25T07:32:23.273752,bitrue,111.69,111.74,78.162,16.111
2025-07-25T07:32:23.536989,huobi,111.69,111.74,1.7,8.0039
2025-07-25T07:32:23.639020,huobi,111.69,111.73,1.7,2.97
2025-07-25T07:32:23.740192,huobi,111.69,111.71,1.7,2.97
2025-07-25T07:32:23.837821,huobi,111.7,111.75,4.67,2.332
2025-07-25T07:32:23.939973,huobi,111.7,111.78,4.67,2.332
2025-07-25T07:32:24.037900,huobi,111.7,111.76,4.67,10.3359
2025-07-25T07:32:24.288651,huobi,111.7,111.78,4.67,2.332
2025-07-25T07:32:24.330154,bitrue,111.72,111.75,65.95,14.319
2025-07-25T07:32:24.636627,huobi,111.7,111.77,1.7,8.0039
2025-07-25T07:32:24.737168,huobi,111.69,111.76,18.5,2.332
2025-07-25T07:32:24.874570,huobi,111.67,111.76,21.47,2.332
2025-07-25T07:32:24.939717,huobi,111.67,111.74,21.47,2.332
2025-07-25T07:32:25.038765,huobi,111.67,111.71,21.47,2.97
2025-07-25T07:32:25.338417,huobi,111.67,111.7,21.47,2.97
2025-07-25T07:32:25.378000,bitrue,111.69,111.75,78.162,14.319
2025-07-25T07:32:25.539179,huobi,111.63,111.7,2.97,2.97
2025-07-25T07:32:25.636991,huobi,111.63,111.68,2.97,2.97
2025-07-25T07:32:25.741311,huobi,111.63,111.7,2.97,2.97
2025-07-25T07:32:25.840051,huobi,111.63,111.7,21.47,2.97
2025-07-25T07:32:25.938397,huobi,111.64,111.71,18.5,2.97
2025-07-25T07:32:26.037395,huobi,111.67,111.78,8.5001,2.332
2025-07-25T07:32:26.136487,huobi,111.68,111.75,18.5,2.97
2025-07-25T07:32:26.336899,huobi,111.7,111.74,4.67,2.97
2025-07-25T07:32:26.426947,bitrue,111.68,111.71,26.656,39.65
2025-07-25T07:32:26.835694,huobi,111.71,111.74,4.67,2.97
2025-07-25T07:32:27.135920,huobi,111.71,111.74,4.67,2.97
2025-07-25T07:32:27.471810,bitrue,111.72,111.75,83.502,7.58
2025-07-25T07:32:27.738949,huobi,111.71,111.81,4.67,2.332
2025-07-25T07:32:27.846571,huobi,111.71,111.8,23.17,2.97
2025-07-25T07:32:28.039467,huobi,111.73,111.82,18.5,2.97
2025-07-25T07:32:28.137541,huobi,111.73,111.86,18.5,2.97
2025-07-25T07:32:28.339769,huobi,111.73,111.84,18.5,2.97
2025-07-25T07:32:28.520004,bitrue,111.75,111.79,73.737,62.131
2025-07-25T07:32:28.536187,huobi,111.73,111.77,18.5,2.97
2025-07-25T07:32:28.736295,huobi,111.74,111.84,4.67,2.97
2025-07-25T07:32:28.836388,huobi,111.74,111.8,4.67,2.97
2025-07-25T07:32:28.936169,huobi,111.74,111.78,4.67,2.97
2025-07-25T07:32:29.134589,huobi,111.74,111.78,4.67,2.97
2025-07-25T07:32:29.638723,huobi,111.74,111.76,1.7,2.97
2025-07-25T07:32:29.736771,huobi,111.75,111.76,1.7,2.97
2025-07-25T07:32:29.936095,huobi,111.71,111.75,21.47,2.97
2025-07-25T07:32:30.136083,huobi,111.72,111.75,5.2239,2.97
2025-07-25T07:32:30.237078,huobi,111.72,111.75,2.97,2.97
2025-07-25T07:32:30.738175,huobi,111.7,111.74,18.5,2.97
2025-07-25T07:32:30.936926,huobi,111.7,111.75,18.5,2.97
2025-07-25T07:32:31.037722,huobi,111.72,111.76,2.97,1.7
2025-07-25T07:32:31.137596,huobi,111.72,111.75,2.97,2.97
2025-07-25T07:32:31.236750,huobi,111.72,111.76,2.97,1.7
2025-07-25T07:32:31.339299,huobi,111.72,111.76,21.47,1.7
2025-07-25T07:32:31.442614,huobi,111.72,111.86,29.4739,2.97
2025-07-25T07:32:31.541205,huobi,111.74,111.86,18.5,2.97
2025-07-25T07:32:31.664875,bitrue,111.74,111.77,34.549,30.056
2025-07-25T07:32:31.838690,huobi,111.74,111.86,18.5,2.97
2025-07-25T07:32:31.939368,huobi,111.74,111.85,18.5,10.3359
2025-07-25T07:32:32.036089,huobi,111.74,111.84,18.5,2.97
2025-07-25T07:32:32.235601,huobi,111.76,111.83,2.97,10.3359
2025-07-25T07:32:32.341973,huobi,111.76,111.85,21.47,2.332
2025-07-25T07:32:32.438130,huobi,111.76,111.81,2.97,8.0039
2025-07-25T07:32:32.537197,huobi,111.76,111.8,2.97,2.97
2025-07-25T07:32:32.712188,bitrue,111.79,111.82,81.189,18.933
2025-07-25T07:32:32.739647,huobi,111.76,111.79,2.97,1.7
2025-07-25T07:32:33.139847,huobi,111.76,111.78,2.97,2.97
2025-07-25T07:32:33.235052,huobi,111.76,111.78,2.97,2.97
2025-07-25T07:32:33.537464,huobi,111.75,111.78,18.5,2.97
2025-07-25T07:32:33.742076,huobi,111.74,111.78,18.5,2.97
2025-07-25T07:32:33.762227,bitrue,111.77,111.82,96.934,18.933
2025-07-25T07:32:33.835150,huobi,111.72,111.77,2.97,2.97
2025-07-25T07:32:33.935944,huobi,111.72,111.77,21.47,2.97
2025-07-25T07:32:34.238068,huobi,111.72,111.77,21.47,2.97
2025-07-25T07:32:34.436260,huobi,111.72,111.77,2.97,10.9739
2025-07-25T07:32:34.536177,huobi,111.71,111.76,18.5,2.97
2025-07-25T07:32:34.641802,huobi,111.67,111.74,2.97,2.97
2025-07-25T07:32:34.815367,bitrue,111.74,111.79,34.549,41.383
2025-07-25T07:32:34.835598,huobi,111.67,111.73,2.97,2.332
2025-07-25T07:32:34.935193,huobi,111.67,111.73,2.97,2.97
2025-07-25T07:32:35.034988,huobi,111.68,111.73,18.5,2.97
2025-07-25T07:32:35.135207,huobi,111.68,111.74,18.5,5.302
2025-07-25T07:32:35.237442,huobi,111.68,111.73,18.5,2.97
2025-07-25T07:32:36.483619,huobi,111.68,111.73,18.5,2.97
2025-07-25T07:32:36.483728,huobi,111.7,111.73,2.97,2.97
2025-07-25T07:32:36.483882,huobi,111.7,111.74,2.97,5.302
2025-07-25T07:32:36.483990,huobi,111.7,111.74,2.97,2.97
2025-07-25T07:32:36.484040,bitrue,111.72,111.75,19.18,34.701
2025-07-25T07:32:36.735202,huobi,111.7,111.74,2.97,2.97
2025-07-25T07:32:37.138049,huobi,111.7,111.76,21.47,2.97
2025-07-25T07:32:37.236274,huobi,111.7,111.77,21.47,2.97
2025-07-25T07:32:37.536196,huobi,111.72,111.77,4.67,2.97
2025-07-25T07:32:37.964493,bitrue,111.72,111.76,19.18,11.244
2025-07-25T07:32:38.036736,huobi,111.72,111.81,4.67,2.97
2025-07-25T07:32:38.134326,huobi,111.74,111.77,2.97,8.0039
2025-07-25T07:32:38.237018,huobi,111.74,111.79,2.97,2.97
2025-07-25T07:32:38.435376,huobi,111.74,111.79,2.97,2.97
2025-07-25T07:32:38.640641,huobi,111.74,111.8,2.97,8.0039
2025-07-25T07:32:38.736333,huobi,111.74,111.79,2.97,2.97
2025-07-25T07:32:38.935836,huobi,111.74,111.84,2.97,2.97
2025-07-25T07:32:39.013176,bitrue,111.75,111.79,88.104,41.383
2025-07-25T07:32:39.136749,huobi,111.74,111.82,2.97,2.97
2025-07-25T07:32:39.237856,huobi,111.74,111.82,21.47,2.97
2025-07-25T07:32:39.337658,huobi,111.76,111.82,2.97,2.97
2025-07-25T07:32:39.438701,huobi,111.74,111.8,21.47,2.97
2025-07-25T07:32:39.537496,huobi,111.74,111.8,21.47,5.302
2025-07-25T07:32:39.634882,huobi,111.74,111.79,21.47,2.97
2025-07-25T07:32:40.068007,bitrue,111.75,111.8,88.104,17.613
2025-07-25T07:32:40.138268,huobi,111.76,111.84,2.97,2.332
2025-07-25T07:32:40.241111,huobi,111.76,111.86,2.97,2.97
2025-07-25T07:32:40.339873,huobi,111.76,111.85,2.97,2.332
2025-07-25T07:32:40.536959,huobi,111.76,111.84,21.47,2.97
2025-07-25T07:32:40.835929,huobi,111.76,111.83,21.47,10.3359
2025-07-25T07:32:40.936930,huobi,111.78,111.82,1.7,2.97
2025-07-25T07:32:41.136258,huobi,111.78,111.8,1.7,2.97
2025-07-25T07:32:41.437098,huobi,111.74,111.8,21.47,5.302
2025-07-25T07:32:41.539109,huobi,111.74,111.79,2.97,2.97
2025-07-25T07:32:41.641300,huobi,111.74,111.78,2.97,2.97
2025-07-25T07:32:41.737673,huobi,111.74,111.8,21.47,2.97
2025-07-25T07:32:41.938583,huobi,111.74,111.84,21.47,2.97
2025-07-25T07:32:42.037928,huobi,111.74,111.84,21.47,3.0582
2025-07-25T07:32:42.135405,huobi,111.74,111.82,21.47,2.97
2025-07-25T07:32:42.166923,bitrue,111.77,111.83,41.946,12.494
2025-07-25T07:32:42.335100,huobi,111.74,111.84,21.47,2.97
2025-07-25T07:32:42.436119,huobi,111.76,111.84,18.5,2.97
2025-07-25T07:32:42.538749,huobi,111.76,111.86,18.5,2.97
2025-07-25T07:32:42.638054,huobi,111.79,111.86,2.97,2.97
2025-07-25T07:32:43.037352,huobi,111.79,111.84,2.97,2.97
2025-07-25T07:32:43.217547,bitrue,111.8,111.85,93.017,38.597
2025-07-25T07:32:43.234924,huobi,111.79,111.84,21.47,2.97
2025-07-25T07:32:43.338143,huobi,111.79,111.86,21.47,2.97
2025-07-25T07:32:43.536856,huobi,111.79,111.89,21.47,2.332
2025-07-25T07:32:43.636162,huobi,111.79,111.83,21.47,2.97
2025-07-25T07:32:43.743301,huobi,111.82,111.88,4.67,2.97
2025-07-25T07:32:43.843958,huobi,111.82,111.91,4.67,2.332
2025-07-25T07:32:44.037431,huobi,111.82,111.9,4.67,2.97
2025-07-25T07:32:44.139220,huobi,111.82,111.9,23.17,2.97
2025-07-25T07:32:44.239730,huobi,111.84,111.89,1.7,8.0039
2025-07-25T07:32:44.345474,huobi,111.84,111.88,1.7,2.97
2025-07-25T07:32:44.536289,huobi,111.82,111.86,20.2,2.97
2025-07-25T07:32:44.638234,huobi,111.8,111.82,18.5,2.97
2025-07-25T07:32:44.737180,huobi,111.79,111.82,2.97,2.97
2025-07-25T07:32:44.837498,huobi,111.79,111.84,21.47,2.97
2025-07-25T07:32:44.937257,huobi,111.77,111.82,2.97,2.97
2025-07-25T07:32:45.138394,huobi,111.77,111.84,2.97,5.302
2025-07-25T07:32:45.238074,huobi,111.77,111.83,2.97,8.0039
2025-07-25T07:32:45.316489,bitrue,111.8,111.85,93.017,41.564
2025-07-25T07:32:45.337040,huobi,111.77,111.81,21.47,2.97
2025-07-25T07:32:46.135549,huobi,111.77,111.81,21.47,2.97
2025-07-25T07:32:46.238952,huobi,111.77,111.82,21.47,2.97
2025-07-25T07:32:46.336524,huobi,111.77,111.84,21.47,2.97
2025-07-25T07:32:46.370510,bitrue,111.8,111.85,93.017,41.564
2025-07-25T07:32:46.882685,huobi,111.77,111.84,21.47,2.97
2025-07-25T07:32:47.419381,bitrue,111.8,111.85,93.017,41.564
2025-07-25T07:32:47.537745,huobi,111.77,111.84,21.47,2.97
2025-07-25T07:32:47.738663,huobi,111.77,111.8,21.47,5.5689
2025-07-25T07:32:47.836856,huobi,111.77,111.86,21.47,2.97
2025-07-25T07:32:48.035108,huobi,111.79,111.84,21.47,2.97
2025-07-25T07:32:48.636714,huobi,111.81,111.84,2.97,2.97
2025-07-25T07:32:48.737025,huobi,111.79,111.84,21.47,2.97
2025-07-25T07:32:48.838615,huobi,111.79,111.83,18.5,2.97
2025-07-25T07:32:48.938895,huobi,111.78,111.81,18.5,2.97
2025-07-25T07:32:49.035510,huobi,111.74,111.81,2.97,2.97
2025-07-25T07:32:49.137354,huobi,111.74,111.79,2.97,2.97
2025-07-25T07:32:49.339170,huobi,111.74,111.79,2.97,2.97
2025-07-25T07:32:49.534373,huobi,111.74,111.79,21.47,2.97
2025-07-25T07:32:49.736731,huobi,111.76,111.79,2.97,2.97
2025-07-25T07:32:49.835630,huobi,111.74,111.79,2.97,2.97
2025-07-25T07:32:50.134764,huobi,111.74,111.79,21.47,2.97
2025-07-25T07:32:50.538663,huobi,111.73,111.77,85.8949,2.97
2025-07-25T07:32:50.556932,bitrue,111.77,111.82,41.946,48.651
2025-07-25T07:32:50.640034,huobi,111.73,111.8,67.3949,2.332
2025-07-25T07:32:50.737219,huobi,111.73,111.78,67.3949,2.332
2025-07-25T07:32:50.837679,huobi,111.73,111.75,67.3949,2.97
2025-07-25T07:32:50.936417,huobi,111.7,111.75,2.97,2.97
2025-07-25T07:32:51.036122,huobi,111.7,111.76,2.97,2.332
2025-07-25T07:32:51.335887,huobi,111.7,111.75,21.47,2.97
2025-07-25T07:32:51.436991,huobi,111.7,111.75,21.47,2.97
2025-07-25T07:32:51.603204,bitrue,111.74,111.78,28.928,40.488
2025-07-25T07:32:51.738965,huobi,111.7,111.73,2.97,2.97
2025-07-25T07:32:51.842810,huobi,111.69,111.73,18.5,2.97
2025-07-25T07:32:51.937456,huobi,111.67,111.73,2.97,2.97
2025-07-25T07:32:52.137030,huobi,111.67,111.73,2.97,2.97
2025-07-25T07:32:52.334651,huobi,111.68,111.73,18.5,2.97
2025-07-25T07:32:52.434891,huobi,111.68,111.73,18.5,2.97
2025-07-25T07:32:52.650590,bitrue,111.72,111.75,36.686,33.075
2025-07-25T07:32:53.142362,huobi,111.7,111.75,2.97,5.302
2025-07-25T07:32:53.237932,huobi,111.7,111.74,21.47,0.2119
2025-07-25T07:32:53.338138,huobi,111.7,111.75,21.47,2.97
2025-07-25T07:32:53.535918,huobi,111.7,111.75,21.47,2.97
2025-07-25T07:32:53.636132,huobi,111.69,111.73,18.5,2.97
2025-07-25T07:32:53.697431,bitrue,111.72,111.75,36.686,33.075
2025-07-25T07:32:53.735711,huobi,111.68,111.73,18.5,2.97
2025-07-25T07:32:53.836586,huobi,111.65,111.72,2.97,2.332
2025-07-25T07:32:53.937560,huobi,111.65,111.71,2.97,2.97
2025-07-25T07:32:54.139695,huobi,111.66,111.71,18.5,2.97
2025-07-25T07:32:54.433827,huobi,111.65,111.71,2.97,2.97
2025-07-25T07:32:54.535834,huobi,111.65,111.72,2.97,2.332
2025-07-25T07:32:54.638552,huobi,111.65,111.7,2.97,2.5439
2025-07-25T07:32:54.735138,huobi,111.65,111.7,21.47,2.5439
2025-07-25T07:32:54.746486,bitrue,111.71,111.74,27.131,34.365
2025-07-25T07:32:55.037450,huobi,111.65,111.69,21.47,2.97
2025-07-25T07:32:55.238865,huobi,111.65,111.7,21.47,2.5439
2025-07-25T07:32:55.735127,huobi,111.65,111.71,21.47,2.97
2025-07-25T07:32:55.791549,bitrue,111.68,111.74,26.656,34.365
2025-07-25T07:32:55.936747,huobi,111.65,111.71,21.47,2.97
2025-07-25T07:32:56.137368,huobi,111.65,111.68,21.47,4.8494
2025-07-25T07:32:56.241234,huobi,111.65,111.71,21.47,2.97
2025-07-25T07:32:56.437957,huobi,111.65,111.71,2.97,2.97
2025-07-25T07:32:56.737011,huobi,111.65,111.69,2.97,2.97
2025-07-25T07:32:57.036911,huobi,111.65,111.69,2.97,2.97
2025-07-25T07:32:57.235147,huobi,111.65,111.68,2.97,1.7
2025-07-25T07:32:57.335125,huobi,111.65,111.68,2.97,4.67
2025-07-25T07:32:57.435845,huobi,111.65,111.68,2.97,1.7
2025-07-25T07:32:57.739286,huobi,111.65,111.71,21.47,2.97
2025-07-25T07:32:57.837508,huobi,111.65,111.71,21.47,2.97
2025-07-25T07:32:57.878537,bitrue,111.66,111.7,24.378,52.21
2025-07-25T07:32:58.236265,huobi,111.65,111.71,21.47,2.97
2025-07-25T07:32:58.439665,huobi,111.65,111.7,21.47,2.332
2025-07-25T07:32:58.535298,huobi,111.65,111.69,21.47,2.97
2025-07-25T07:32:58.637043,huobi,111.65,111.72,21.47,0.2119
2025-07-25T07:32:58.735283,huobi,111.65,111.71,21.47,2.97
2025-07-25T07:32:58.839009,huobi,111.65,111.7,21.47,2.97
2025-07-25T07:32:58.924221,bitrue,111.68,111.71,93.453,17.582
2025-07-25T07:32:58.944973,huobi,111.65,111.69,2.97,2.5439
2025-07-25T07:32:59.037131,huobi,111.65,111.66,2.97,5.6353
2025-07-25T07:32:59.136593,huobi,111.65,111.68,2.97,2.97
2025-07-25T07:32:59.735451,huobi,111.65,111.68,2.97,2.97
2025-07-25T07:32:59.836413,huobi,111.63,111.68,70.4252,2.97
2025-07-25T07:32:59.935195,huobi,111.63,111.66,70.4252,2.97
2025-07-25T07:32:59.971057,bitrue,111.66,111.71,24.378,17.582
2025-07-25T07:33:00.052500,huobi,111.63,111.67,70.4252,8.0039
2025-07-25T07:33:00.140885,huobi,111.64,111.7,2.97,2.332
2025-07-25T07:33:00.238937,huobi,111.64,111.71,21.47,2.97
2025-07-25T07:33:00.347727,huobi,111.64,111.69,2.97,2.97
2025-07-25T07:33:00.436998,huobi,111.63,111.67,67.4552,0.2119
2025-07-25T07:33:00.536131,huobi,111.64,111.67,2.97,1.9119
2025-07-25T07:33:00.738215,huobi,111.64,111.72,2.97,2.332
2025-07-25T07:33:00.840400,huobi,111.7,111.75,2.97,2.97
2025-07-25T07:33:01.015181,bitrue,111.67,111.71,93.683,37.499
2025-07-25T07:33:01.140664,huobi,111.7,111.75,2.97,2.332
2025-07-25T07:33:01.239652,huobi,111.7,111.72,2.97,3.1819
2025-07-25T07:33:01.337551,huobi,111.7,111.72,2.97,0.2119
2025-07-25T07:33:01.437632,huobi,111.7,111.73,2.97,2.97
2025-07-25T07:33:01.536488,huobi,111.7,111.76,2.97,3.6425
2025-07-25T07:33:01.638690,huobi,111.7,111.74,2.97,3.1819
2025-07-25T07:33:01.736557,huobi,111.7,111.74,2.97,0.2119
2025-07-25T07:33:01.837507,huobi,111.7,111.73,2.97,2.97
2025-07-25T07:33:01.985459,huobi,111.7,111.73,2.97,2.97
2025-07-25T07:33:02.062379,bitrue,111.71,111.75,15.555,14.5
2025-07-25T07:33:02.140150,huobi,111.7,111.74,2.97,3.1819
2025-07-25T07:33:02.241273,huobi,111.7,111.76,2.97,1.3105
2025-07-25T07:33:02.542565,huobi,111.7,111.75,2.97,8.0039
2025-07-25T07:33:02.637874,huobi,111.7,111.74,2.97,2.97
2025-07-25T07:33:03.040488,huobi,111.69,111.73,5.6791,2.97
2025-07-25T07:33:03.237466,huobi,111.67,111.72,2.97,2.97
2025-07-25T07:33:03.338082,huobi,111.68,111.73,2.97,2.97
2025-07-25T07:33:03.437285,huobi,111.7,111.76,2.97,1.3105
2025-07-25T07:33:03.539654,huobi,111.73,111.76,2.97,1.3105
2025-07-25T07:33:03.637916,huobi,111.72,111.74,18.5,2.97
2025-07-25T07:33:03.737158,huobi,111.73,111.81,4.67,2.332
2025-07-25T07:33:03.839171,huobi,111.73,111.78,1.7,0.2119
2025-07-25T07:33:03.938081,huobi,111.73,111.76,2.97,3.1819
2025-07-25T07:33:04.036015,huobi,111.73,111.75,2.97,2.97
2025-07-25T07:33:04.138842,huobi,111.73,111.76,2.97,2.97
2025-07-25T07:33:04.149521,bitrue,111.73,111.76,41.827,19.656
2025-07-25T07:33:04.378845,huobi,111.73,111.79,2.97,2.332
2025-07-25T07:33:04.438676,huobi,111.73,111.76,2.97,2.97
2025-07-25T07:33:04.537131,huobi,111.73,111.75,2.97,2.97
2025-07-25T07:33:04.636525,huobi,111.73,111.8,2.97,5.302
2025-07-25T07:33:04.740459,huobi,111.73,111.78,2.97,2.332
2025-07-25T07:33:04.836539,huobi,111.73,111.77,2.97,2.97
2025-07-25T07:33:05.136050,huobi,111.71,111.75,2.97,2.97
2025-07-25T07:33:05.198254,bitrue,111.73,111.78,41.827,11.32
2025-07-25T07:33:05.237480,huobi,111.71,111.74,2.97,2.97
2025-07-25T07:33:05.341941,huobi,111.66,111.74,2.97,2.97
2025-07-25T07:33:05.536247,huobi,111.66,111.74,2.97,2.97
2025-07-25T07:33:05.642991,huobi,111.66,111.74,21.47,2.97
2025-07-25T07:33:05.737335,huobi,111.69,111.74,2.97,2.97
2025-07-25T07:33:06.239575,huobi,111.7,111.76,2.97,2.332
2025-07-25T07:33:06.243037,bitrue,111.72,111.75,8.734,33.276
2025-07-25T07:33:06.339990,huobi,111.7,111.78,2.97,2.332
2025-07-25T07:33:06.636892,huobi,111.7,111.77,2.97,8.0039
2025-07-25T07:33:06.734897,huobi,111.7,111.76,2.97,2.97
2025-07-25T07:33:07.135766,huobi,111.7,111.76,2.97,2.97
2025-07-25T07:33:07.237736,huobi,111.7,111.73,2.97,2.97
2025-07-25T07:33:07.292003,bitrue,111.72,111.75,8.734,33.276
2025-07-25T07:33:07.838378,huobi,111.69,111.72,2.97,2.97
2025-07-25T07:33:07.938370,huobi,111.68,111.72,2.97,2.97
2025-07-25T07:33:08.038414,huobi,111.68,111.74,2.97,1.7
2025-07-25T07:33:17.427605,huobi,111.68,111.73,18.5,2.97
2025-07-25T07:33:17.427768,huobi,111.69,111.74,2.97,2.97
2025-07-25T07:33:17.428005,huobi,111.69,111.73,2.97,0.2119
2025-07-25T07:33:17.428097,huobi,111.69,111.73,2.97,3.1819
2025-07-25T07:33:17.428315,huobi,111.69,111.73,2.97,0.2119
2025-07-25T07:33:17.428438,huobi,111.69,111.73,2.97,3.1819
2025-07-25T07:33:17.428557,huobi,111.69,111.75,2.97,10.3359
2025-07-25T07:33:17.428680,huobi,111.69,111.75,2.97,10.3359
2025-07-25T07:33:17.428774,huobi,111.69,111.74,2.97,2.97
2025-07-25T07:33:17.429001,huobi,111.69,111.75,21.47,10.3359
2025-07-25T07:33:17.429100,huobi,111.7,111.74,2.97,2.97
2025-07-25T07:33:17.429290,huobi,111.69,111.74,18.5,2.97
2025-07-25T07:33:17.429394,huobi,111.7,111.74,2.97,2.332
2025-07-25T07:33:17.429506,huobi,111.69,111.73,18.5,2.97
2025-07-25T07:33:17.429582,huobi,111.69,111.73,18.5,2.97
2025-07-25T07:33:17.429681,huobi,111.7,111.73,2.97,2.97
2025-07-25T07:33:17.429842,huobi,111.69,111.73,18.5,2.97
2025-07-25T07:33:17.429935,huobi,111.69,111.73,2.97,2.97
2025-07-25T07:33:17.430333,huobi,111.69,111.75,2.97,10.3359
2025-07-25T07:33:17.430381,huobi,111.69,111.74,2.97,2.97
2025-07-25T07:33:17.430478,huobi,111.69,111.77,18.5,2.97
2025-07-25T07:33:17.430589,huobi,111.71,111.77,2.97,2.97
2025-07-25T07:33:17.430707,huobi,111.72,111.79,2.97,2.97
2025-07-25T07:33:17.431010,huobi,111.73,111.84,2.97,2.97
2025-07-25T07:33:17.431081,huobi,111.74,111.84,2.97,2.97
2025-07-25T07:33:17.431255,huobi,111.74,111.82,2.97,2.332
2025-07-25T07:33:17.431373,huobi,111.74,111.81,2.97,8.0039
2025-07-25T07:33:17.431464,huobi,111.74,111.79,2.97,0.2119
2025-07-25T07:33:17.431600,huobi,111.74,111.79,2.97,3.1819
2025-07-25T07:33:17.431726,huobi,111.74,111.83,21.47,2.332
2025-07-25T07:33:17.431855,huobi,111.78,111.81,2.97,2.97
2025-07-25T07:33:17.431985,huobi,111.78,111.84,2.97,2.332
2025-07-25T07:33:17.432103,huobi,111.75,111.83,2.97,8.2158
2025-07-25T07:33:17.432308,huobi,111.73,111.8,21.47,0.2119
2025-07-25T07:33:17.432421,huobi,111.74,111.79,2.97,8.0039
2025-07-25T07:33:17.432510,huobi,111.74,111.79,2.97,10.3359
2025-07-25T07:33:17.432600,huobi,111.74,111.78,21.47,2.97
2025-07-25T07:33:17.432714,huobi,111.75,111.8,2.97,2.97
2025-07-25T07:33:17.434973,huobi,111.77,111.79,2.97,2.97
2025-07-25T07:33:17.435085,huobi,111.77,111.82,2.97,2.97
2025-07-25T07:33:17.435241,huobi,111.77,111.84,18.5,2.97
2025-07-25T07:33:17.437122,huobi,111.78,111.84,2.97,2.97
2025-07-25T07:33:17.437676,huobi,111.77,111.8,2.97,2.97
2025-07-25T07:33:17.437925,huobi,111.76,111.8,2.97,2.97
2025-07-25T07:33:17.438099,huobi,111.76,111.8,2.97,2.97
2025-07-25T07:33:17.440491,huobi,111.76,111.8,2.97,2.332
