timestamp,exchange,bid,ask,bid_vol,ask_vol
2025-07-25T07:48:08.931150,huobi,111.36,111.37,1.7,2.97
2025-07-25T07:48:08.932092,huobi,111.36,111.39,4.67,2.97
2025-07-25T07:48:09.030720,huobi,111.36,111.39,1.7,2.97
2025-07-25T07:48:09.116079,bitrue,111.37,111.41,67.779,70.133
2025-07-25T07:48:09.327085,bitrue,111.37,111.41,67.779,70.133
2025-07-25T07:48:09.329034,huobi,111.36,111.39,4.67,2.97
2025-07-25T07:48:09.630924,huobi,111.36,111.39,4.67,2.97
2025-07-25T07:48:09.830065,huobi,111.36,111.39,1.7,2.97
2025-07-25T07:48:10.330251,huobi,111.36,111.39,4.67,2.97
2025-07-25T07:48:10.375737,bitrue,111.37,111.41,67.779,70.133
2025-07-25T07:48:10.430300,huobi,111.36,111.39,1.7,2.97
2025-07-25T07:48:10.832081,huobi,111.36,111.39,4.67,2.97
2025-07-25T07:48:10.929818,huobi,111.36,111.37,1.7,2.97
2025-07-25T07:48:11.528755,huobi,111.38,111.42,2.97,2.97
2025-07-25T07:48:11.628405,huobi,111.38,111.44,2.97,2.97
2025-07-25T07:48:11.774770,huobi,111.37,111.44,2.332,2.97
2025-07-25T07:48:11.828388,huobi,111.37,111.42,2.332,2.97
2025-07-25T07:48:11.928515,huobi,111.38,111.42,2.97,2.97
2025-07-25T07:48:12.729335,huobi,111.37,111.42,5.302,2.97
2025-07-25T07:48:13.029564,huobi,111.35,111.4,2.97,2.97
2025-07-25T07:48:13.628649,huobi,111.35,111.4,2.97,2.97
2025-07-25T07:48:13.930509,huobi,111.34,111.38,2.97,2.97
2025-07-25T07:48:14.528655,huobi,111.33,111.38,2.332,2.97
2025-07-25T07:48:14.559570,bitrue,111.35,111.38,30.457,40.905
2025-07-25T07:48:14.630964,huobi,111.34,111.38,2.97,2.97
2025-07-25T07:48:14.730089,huobi,111.33,111.38,5.302,2.97
2025-07-25T07:48:14.830899,huobi,111.33,111.38,2.97,2.97
2025-07-25T07:48:15.628507,huobi,111.33,111.38,2.97,2.97
2025-07-25T07:48:15.730856,huobi,111.33,111.36,2.97,2.97
2025-07-25T07:48:16.131075,huobi,111.3,111.34,2.97,1.7
2025-07-25T07:48:16.228838,huobi,111.3,111.33,2.97,2.97
2025-07-25T07:48:16.658372,bitrue,111.33,111.38,76.915,40.905
2025-07-25T07:48:17.329571,huobi,111.3,111.33,2.97,2.97
2025-07-25T07:48:17.713112,bitrue,111.32,111.35,22.289,77.818
2025-07-25T07:48:18.328456,huobi,111.3,111.33,2.97,2.97
2025-07-25T07:48:19.330133,huobi,111.28,111.33,21.47,2.97
2025-07-25T07:48:19.429009,huobi,111.29,111.33,2.97,2.97
2025-07-25T07:48:19.529627,huobi,111.29,111.32,2.97,2.97
2025-07-25T07:48:19.630346,huobi,111.26,111.32,49.694,2.97
2025-07-25T07:48:19.730126,huobi,111.27,111.32,2.97,2.97
2025-07-25T07:48:19.832859,huobi,111.26,111.32,2.97,2.97
2025-07-25T07:48:19.930749,huobi,111.26,111.33,2.97,2.332
2025-07-25T07:48:20.029927,huobi,111.26,111.3,2.97,2.97
2025-07-25T07:48:20.131819,huobi,111.26,111.3,2.97,2.97
2025-07-25T07:48:20.230803,huobi,111.27,111.32,2.97,2.97
2025-07-25T07:48:20.354201,huobi,111.25,111.31,5.302,2.332
2025-07-25T07:48:20.431937,huobi,111.24,111.29,59.9048,2.97
2025-07-25T07:48:20.529854,huobi,111.24,111.29,57.5728,2.97
2025-07-25T07:48:20.630899,huobi,111.25,111.29,2.97,2.97
2025-07-25T07:48:20.867547,bitrue,111.26,111.31,17.292,72.626
2025-07-25T07:48:21.430088,huobi,111.26,111.29,2.97,2.97
2025-07-25T07:48:22.128928,huobi,111.27,111.29,2.97,2.97
2025-07-25T07:48:22.229012,huobi,111.26,111.29,2.97,2.97
2025-07-25T07:48:22.731508,huobi,111.25,111.29,2.97,2.97
2025-07-25T07:48:22.828966,huobi,111.24,111.29,57.5728,2.97
2025-07-25T07:48:23.130101,huobi,111.24,111.26,57.5728,1.7
2025-07-25T07:48:23.229018,huobi,111.25,111.26,2.97,4.67
2025-07-25T07:48:23.329695,huobi,111.25,111.26,2.97,1.7
2025-07-25T07:48:23.428182,huobi,111.25,111.26,8.5822,1.7
2025-07-25T07:48:24.016636,bitrue,111.25,111.28,24.991,90.852
2025-07-25T07:48:24.031558,huobi,111.26,111.29,2.97,2.97
2025-07-25T07:48:24.229705,huobi,111.25,111.29,7.3122,2.97
2025-07-25T07:48:24.931187,huobi,111.25,111.29,5.6122,2.97
2025-07-25T07:48:25.064908,bitrue,111.25,111.31,24.991,26.34
2025-07-25T07:48:25.330023,huobi,111.25,111.27,8.5822,2.97
2025-07-25T07:48:25.532244,huobi,111.25,111.28,5.6122,0.2119
2025-07-25T07:48:25.728651,huobi,111.25,111.27,8.5822,2.97
2025-07-25T07:48:25.827988,huobi,111.25,111.27,5.6122,2.97
2025-07-25T07:48:25.927681,huobi,111.25,111.26,5.6122,2.97
2025-07-25T07:48:26.031634,huobi,111.26,111.28,2.97,2.97
2025-07-25T07:48:26.115954,bitrue,111.25,111.28,24.991,92.062
2025-07-25T07:48:26.129599,huobi,111.25,111.28,5.6122,2.97
2025-07-25T07:48:26.229890,huobi,111.25,111.28,8.5822,2.97
2025-07-25T07:48:26.530651,huobi,111.25,111.28,5.6122,2.97
2025-07-25T07:48:27.165136,bitrue,111.25,111.31,24.991,26.34
2025-07-25T07:48:27.429728,huobi,111.26,111.28,2.97,2.97
2025-07-25T07:48:27.529020,huobi,111.25,111.28,5.6122,2.97
2025-07-25T07:48:27.675925,huobi,111.26,111.28,2.97,2.97
2025-07-25T07:48:27.728374,huobi,111.25,111.28,5.6122,2.97
2025-07-25T07:48:27.926985,huobi,111.25,111.28,8.5822,2.97
2025-07-25T07:48:28.027603,huobi,111.25,111.28,5.6122,2.97
2025-07-25T07:48:28.129118,huobi,111.26,111.28,8.5161,2.97
2025-07-25T07:48:28.208510,bitrue,111.25,111.28,24.991,77.199
2025-07-25T07:48:28.229132,huobi,111.26,111.28,2.97,2.97
2025-07-25T07:48:29.329978,huobi,111.27,111.32,2.97,5.302
2025-07-25T07:48:29.430417,huobi,111.26,111.31,2.97,0.2119
2025-07-25T07:48:29.529363,huobi,111.26,111.3,2.97,2.97
2025-07-25T07:48:29.828948,huobi,111.26,111.3,2.97,2.97
2025-07-25T07:48:30.027924,huobi,111.26,111.3,2.97,2.97
2025-07-25T07:48:30.229089,huobi,111.25,111.29,2.332,0.2119
2025-07-25T07:48:30.308492,bitrue,111.25,111.31,24.991,41.501
2025-07-25T07:48:30.330382,huobi,111.24,111.26,57.5728,2.97
2025-07-25T07:48:30.427856,huobi,111.24,111.26,57.5728,2.97
2025-07-25T07:48:30.828965,huobi,111.24,111.25,57.5728,4.67
2025-07-25T07:48:31.430007,huobi,111.24,111.25,57.5728,1.7
2025-07-25T07:48:31.514528,bitrue,111.23,111.28,98.475,85.41
2025-07-25T07:48:31.529113,huobi,111.25,111.27,2.97,3.1819
2025-07-25T07:48:31.628972,huobi,111.24,111.26,59.2728,2.97
2025-07-25T07:48:31.730664,huobi,111.24,111.26,57.5728,2.97
2025-07-25T07:48:31.829264,huobi,111.24,111.25,62.3995,4.67
2025-07-25T07:48:33.228512,huobi,111.24,111.25,57.5728,4.67
2025-07-25T07:48:33.333190,huobi,111.24,111.25,57.5728,4.8819
2025-07-25T07:48:33.430948,huobi,111.24,111.25,50.9133,4.8819
2025-07-25T07:48:33.530518,huobi,111.24,111.25,42.1169,4.8819
2025-07-25T07:48:33.629631,huobi,111.2,111.23,2.97,2.97
2025-07-25T07:48:33.729749,huobi,111.2,111.23,2.97,2.97
2025-07-25T07:48:33.830722,huobi,111.18,111.23,2.97,2.97
2025-07-25T07:48:34.786809,bitrue,111.2,111.25,35.36,100.774
2025-07-25T07:48:34.931056,huobi,111.17,111.22,2.97,2.332
2025-07-25T07:48:35.031318,huobi,111.17,111.21,2.97,2.97
2025-07-25T07:48:35.230305,huobi,111.18,111.23,2.97,2.97
2025-07-25T07:48:35.729174,huobi,111.18,111.22,2.97,2.97
2025-07-25T07:48:35.827620,huobi,111.18,111.25,2.97,2.332
2025-07-25T07:48:35.835482,bitrue,111.19,111.22,33.793,72.428
2025-07-25T07:48:35.928430,huobi,111.18,111.23,2.97,2.97
2025-07-25T07:48:36.880960,bitrue,111.19,111.25,33.793,100.774
2025-07-25T07:48:37.427926,huobi,111.18,111.22,2.97,2.97
2025-07-25T07:48:38.628711,huobi,111.18,111.24,2.97,2.97
2025-07-25T07:48:38.829335,huobi,111.18,111.24,2.97,2.97
2025-07-25T07:48:38.928693,huobi,111.2,111.23,2.97,2.97
2025-07-25T07:48:39.428255,huobi,111.2,111.22,2.97,3.1819
2025-07-25T07:48:39.628480,huobi,111.18,111.22,2.97,3.1819
2025-07-25T07:48:39.729590,huobi,111.18,111.22,2.97,0.2119
2025-07-25T07:48:39.829024,huobi,111.18,111.22,2.97,3.1819
2025-07-25T07:48:40.230673,huobi,111.18,111.24,2.97,2.97
2025-07-25T07:48:40.930430,huobi,111.18,111.24,2.97,2.97
2025-07-25T07:48:42.329837,huobi,111.2,111.22,2.97,2.97
2025-07-25T07:48:42.576919,huobi,111.18,111.22,2.97,2.97
2025-07-25T07:48:43.829682,huobi,111.2,111.22,2.97,2.97
2025-07-25T07:48:43.928368,huobi,111.18,111.22,2.97,2.97
2025-07-25T07:48:44.227241,huobi,111.18,111.22,2.97,2.97
2025-07-25T07:48:44.327678,huobi,111.18,111.2,2.97,2.97
2025-07-25T07:48:44.360288,bitrue,111.19,111.22,33.793,103.233
2025-07-25T07:48:44.530320,huobi,111.17,111.2,2.97,2.97
2025-07-25T07:48:44.832964,huobi,111.16,111.2,2.97,2.97
2025-07-25T07:48:45.533281,bitrue,111.17,111.22,24.224,103.233
2025-07-25T07:48:45.829524,huobi,111.16,111.19,2.97,2.97
2025-07-25T07:48:45.927584,huobi,111.16,111.19,2.97,2.97
2025-07-25T07:48:46.128083,huobi,111.16,111.19,2.97,2.97
2025-07-25T07:48:46.582507,bitrue,111.17,111.22,24.224,103.233
2025-07-25T07:48:47.227753,huobi,111.17,111.19,2.97,2.97
2025-07-25T07:48:47.328875,huobi,111.16,111.18,2.97,4.67
2025-07-25T07:48:47.428047,huobi,111.16,111.18,2.97,1.7
2025-07-25T07:48:47.826696,huobi,111.16,111.18,2.97,1.7
2025-07-25T07:48:48.027937,huobi,111.16,111.18,2.97,4.67
2025-07-25T07:48:48.126952,huobi,111.16,111.18,2.97,1.7
2025-07-25T07:48:49.530746,huobi,111.16,111.18,2.97,4.67
2025-07-25T07:48:49.728637,huobi,111.16,111.17,2.97,2.97
2025-07-25T07:48:49.828337,huobi,111.15,111.17,3.1876,2.97
2025-07-25T07:48:49.930467,huobi,111.15,111.2,3.1876,2.97
2025-07-25T07:48:50.030727,huobi,111.16,111.2,2.97,2.97
2025-07-25T07:48:50.770207,bitrue,111.15,111.19,120.297,84.591
2025-07-25T07:48:50.928429,huobi,111.16,111.19,2.97,0.2119
2025-07-25T07:48:51.031532,huobi,111.16,111.19,2.97,3.1819
2025-07-25T07:48:51.128209,huobi,111.16,111.19,2.97,0.2119
2025-07-25T07:48:51.431699,huobi,111.17,111.24,2.97,2.97
2025-07-25T07:48:51.530378,huobi,111.19,111.23,2.97,2.97
2025-07-25T07:48:51.631636,huobi,111.19,111.25,2.97,2.97
2025-07-25T07:48:51.731143,huobi,111.22,111.26,2.97,2.97
2025-07-25T07:48:51.819984,bitrue,111.15,111.2,120.297,15.271
2025-07-25T07:48:51.831590,huobi,111.23,111.26,2.97,2.97
2025-07-25T07:48:51.930496,huobi,111.2,111.27,21.47,2.97
2025-07-25T07:48:52.029864,huobi,111.23,111.27,2.332,2.97
2025-07-25T07:48:52.128894,huobi,111.24,111.27,2.97,2.97
2025-07-25T07:48:52.229696,huobi,111.24,111.27,2.97,2.97
2025-07-25T07:48:52.870467,bitrue,111.22,111.26,95.146,33.138
2025-07-25T07:48:53.911371,bitrue,111.22,111.26,95.146,33.138
2025-07-25T07:48:53.929734,huobi,111.24,111.29,2.97,2.97
2025-07-25T07:48:54.028725,huobi,111.26,111.29,2.97,2.97
2025-07-25T07:48:54.128141,huobi,111.26,111.3,2.97,2.97
2025-07-25T07:48:54.955411,bitrue,111.26,111.31,98.318,41.501
2025-07-25T07:48:55.231208,huobi,111.26,111.3,2.97,2.97
2025-07-25T07:48:55.328160,huobi,111.25,111.3,2.97,2.97
2025-07-25T07:48:55.427862,huobi,111.25,111.29,2.97,2.97
2025-07-25T07:48:56.004008,bitrue,111.26,111.31,98.318,41.501
2025-07-25T07:48:56.627051,huobi,111.25,111.29,2.97,2.97
2025-07-25T07:48:59.028692,huobi,111.25,111.29,2.97,2.97
2025-07-25T07:48:59.132255,huobi,111.24,111.27,2.97,2.97
2025-07-25T07:48:59.228831,huobi,111.24,111.29,2.97,2.97
2025-07-25T07:49:00.040134,huobi,111.24,111.29,2.97,2.97
2025-07-25T07:49:00.229999,huobi,111.24,111.29,2.97,2.97
2025-07-25T07:49:00.528605,huobi,111.24,111.29,5.1191,2.97
2025-07-25T07:49:00.932306,huobi,111.24,111.29,2.332,2.4308680025159495
2025-07-25T07:49:01.029015,huobi,111.23,111.27,2.97,2.97
2025-07-25T07:49:01.130552,huobi,111.22,111.27,20.832,2.97
2025-07-25T07:49:01.230147,huobi,111.23,111.29,2.97,2.4308680025159495
2025-07-25T07:49:01.353951,bitrue,111.25,111.28,46.608,48.436
2025-07-25T07:49:01.427111,huobi,111.23,111.26,2.97,1.7
2025-07-25T07:49:01.630060,huobi,111.22,111.25,2.97,2.97
2025-07-25T07:49:01.828595,huobi,111.22,111.26,2.97,4.67
2025-07-25T07:49:02.400285,bitrue,111.24,111.28,31.756,48.436
2025-07-25T07:49:02.630276,huobi,111.24,111.25,2.97,1.7
2025-07-25T07:49:02.828775,huobi,111.23,111.25,8.1676,1.7
2025-07-25T07:49:03.028598,huobi,111.23,111.25,8.1676,4.67
2025-07-25T07:49:03.128345,huobi,111.24,111.25,2.97,4.67
2025-07-25T07:49:03.228672,huobi,111.22,111.25,2.97,1.7
2025-07-25T07:49:03.427824,huobi,111.22,111.25,2.97,4.67
2025-07-25T07:49:03.729145,huobi,111.22,111.25,2.97,1.7
2025-07-25T07:49:03.927335,huobi,111.22,111.25,2.97,4.67
2025-07-25T07:49:04.230333,huobi,111.22,111.24,2.97,2.97
2025-07-25T07:49:04.429297,huobi,111.22,111.25,2.97,4.67
2025-07-25T07:49:04.528043,huobi,111.22,111.24,2.97,2.97
2025-07-25T07:49:04.728400,huobi,111.22,111.24,2.97,2.97
2025-07-25T07:49:04.929412,huobi,111.23,111.24,2.97,4.67
2025-07-25T07:49:05.147684,huobi,111.23,111.24,2.97,1.7
2025-07-25T07:49:05.526969,huobi,111.24,111.27,2.97,2.97
2025-07-25T07:49:05.536694,bitrue,111.22,111.28,37.022,48.436
2025-07-25T07:49:05.627634,huobi,111.24,111.28,2.97,2.97
2025-07-25T07:49:06.728005,huobi,111.22,111.28,2.97,2.97
2025-07-25T07:49:07.027475,huobi,111.24,111.28,2.97,2.97
2025-07-25T07:49:07.128845,huobi,111.22,111.28,2.97,2.97
2025-07-25T07:49:07.329687,huobi,111.25,111.28,2.97,2.97
2025-07-25T07:49:07.628374,huobi,111.24,111.28,2.97,2.97
2025-07-25T07:49:09.264993,huobi,111.24,111.28,2.97,2.97
2025-07-25T07:49:09.626530,huobi,111.24,111.28,2.97,2.97
2025-07-25T07:49:10.726838,huobi,111.25,111.28,2.97,2.97
2025-07-25T07:49:11.328496,huobi,111.24,111.28,2.97,2.97
2025-07-25T07:49:11.627450,huobi,111.24,111.28,2.97,2.97
2025-07-25T07:49:11.928816,huobi,111.23,111.27,2.97,2.97
2025-07-25T07:49:12.030151,huobi,111.2,111.24,18.5,1.7
2025-07-25T07:49:12.160809,huobi,111.21,111.24,2.97,1.7
2025-07-25T07:49:12.229094,huobi,111.21,111.24,5.302,1.7
2025-07-25T07:49:12.333742,huobi,111.22,111.24,2.97,1.7
2025-07-25T07:49:13.527264,huobi,111.22,111.24,2.97,4.67
2025-07-25T07:49:13.627392,huobi,111.22,111.24,2.97,1.7
2025-07-25T07:49:13.827866,huobi,111.21,111.23,2.97,2.97
2025-07-25T07:49:14.228778,huobi,111.21,111.24,2.97,1.7
2025-07-25T07:49:14.328567,huobi,111.21,111.22,2.97,1.7
2025-07-25T07:49:14.528896,huobi,111.21,111.22,8.4984,1.7
2025-07-25T07:49:14.728773,huobi,111.22,111.23,2.97,1.7
2025-07-25T07:49:14.974646,bitrue,111.21,111.25,30.328,126.51
2025-07-25T07:49:15.027812,huobi,111.22,111.23,8.5143,1.7
2025-07-25T07:49:15.128236,huobi,111.22,111.23,8.5143,4.67
2025-07-25T07:49:15.328359,huobi,111.22,111.23,5.5443,4.67
2025-07-25T07:49:15.428527,huobi,111.22,111.23,8.5143,1.7
2025-07-25T07:49:16.128219,huobi,111.22,111.23,8.5143,1.7
2025-07-25T07:49:16.728531,huobi,111.22,111.23,13.9137,1.7
2025-07-25T07:49:17.029866,huobi,111.23,111.27,2.97,2.97
2025-07-25T07:49:17.130690,huobi,111.24,111.27,2.97,2.97
2025-07-25T07:49:17.727520,huobi,111.24,111.26,2.97,2.97
2025-07-25T07:49:18.116223,bitrue,111.23,111.28,88.032,48.436
2025-07-25T07:49:18.227071,huobi,111.23,111.26,2.97,2.97
2025-07-25T07:49:18.829102,huobi,111.22,111.26,5.302,2.97
2025-07-25T07:49:18.927704,huobi,111.23,111.26,2.97,2.97
2025-07-25T07:49:19.027152,huobi,111.23,111.26,2.97,2.97
2025-07-25T07:49:19.158930,bitrue,111.24,111.28,90.879,48.436
2025-07-25T07:49:19.327204,huobi,111.23,111.26,2.97,2.97
2025-07-25T07:49:19.428312,huobi,111.24,111.28,2.97,2.97
2025-07-25T07:49:19.627251,huobi,111.24,111.28,2.97,2.97
2025-07-25T07:49:19.929256,huobi,111.21,111.26,2.97,2.97
2025-07-25T07:49:20.028078,huobi,111.22,111.24,2.97,1.7
2025-07-25T07:49:20.202401,bitrue,111.23,111.28,88.032,48.436
2025-07-25T07:49:21.329022,huobi,111.23,111.24,2.97,1.7
2025-07-25T07:49:21.627807,huobi,111.23,111.24,8.1389,1.7
2025-07-25T07:49:22.528813,huobi,111.24,111.25,5.302,1.7
2025-07-25T07:49:22.629233,huobi,111.25,111.28,2.97,2.97
2025-07-25T07:49:23.128393,huobi,111.26,111.28,5.2827,2.97
2025-07-25T07:49:23.231903,huobi,111.25,111.29,2.97,46.916
2025-07-25T07:49:23.531638,huobi,111.25,111.28,2.97,2.97
2025-07-25T07:49:23.729985,huobi,111.25,111.32,2.97,2.97
2025-07-25T07:49:23.827407,huobi,111.27,111.32,2.97,2.97
2025-07-25T07:49:24.384279,bitrue,111.26,111.29,107.408,22.003
2025-07-25T07:49:24.527532,huobi,111.26,111.3,2.97,0.2119
2025-07-25T07:49:24.727426,huobi,111.27,111.29,2.97,2.97
2025-07-25T07:49:25.127535,huobi,111.27,111.29,2.97,2.97
2025-07-25T07:49:25.435821,bitrue,111.26,111.29,107.408,22.003
2025-07-25T07:49:26.128065,huobi,111.25,111.29,2.97,2.97
2025-07-25T07:49:26.730078,huobi,111.27,111.3,2.97,2.97
2025-07-25T07:49:26.829523,huobi,111.27,111.31,2.97,2.97
2025-07-25T07:49:27.526337,bitrue,111.26,111.31,107.408,41.501
2025-07-25T07:49:27.631721,huobi,111.29,111.31,2.97,2.97
2025-07-25T07:49:27.729594,huobi,111.29,111.32,2.97,2.97
2025-07-25T07:49:28.227935,huobi,111.3,111.32,2.97,2.97
2025-07-25T07:49:28.328546,huobi,111.26,111.32,20.832,2.97
2025-07-25T07:49:28.427370,huobi,111.29,111.32,2.97,2.97
2025-07-25T07:49:29.617367,bitrue,111.29,111.32,101.987,17.375
2025-07-25T07:49:30.027143,huobi,111.29,111.32,2.97,2.97
2025-07-25T07:49:30.527384,huobi,111.29,111.31,2.97,2.97
2025-07-25T07:49:31.359680,huobi,111.29,111.32,2.97,2.97
2025-07-25T07:49:31.926456,huobi,111.29,111.32,2.97,2.97
2025-07-25T07:49:32.227663,huobi,111.27,111.32,2.332,2.97
2025-07-25T07:49:32.327956,huobi,111.26,111.3,2.97,2.97
2025-07-25T07:49:32.767319,bitrue,111.28,111.33,45.304,36.17
2025-07-25T07:49:33.226751,huobi,111.26,111.3,2.97,2.97
2025-07-25T07:49:33.328366,huobi,111.28,111.29,2.97,1.7
2025-07-25T07:49:33.426412,huobi,111.28,111.29,2.97,0.0001
2025-07-25T07:49:34.228339,huobi,111.27,111.29,2.97,2.9701
2025-07-25T07:49:34.331733,huobi,111.26,111.29,2.332,2.9701
2025-07-25T07:49:34.527306,huobi,111.25,111.29,2.97,2.9701
2025-07-25T07:49:35.229627,huobi,111.25,111.29,2.97,2.9701
2025-07-25T07:49:35.330477,huobi,111.24,111.26,2.332,4.67
2025-07-25T07:49:35.429007,huobi,111.24,111.26,5.302,4.67
2025-07-25T07:49:35.529983,huobi,111.23,111.25,46.69,4.67
2025-07-25T07:49:35.832236,huobi,111.2,111.24,58.8098,2.97
2025-07-25T07:49:35.915985,bitrue,111.23,111.27,88.032,86.031
2025-07-25T07:49:36.029317,huobi,111.23,111.24,111.5912,2.97
2025-07-25T07:49:36.227906,huobi,111.23,111.24,111.5912,3.1819
2025-07-25T07:49:36.330581,huobi,111.23,111.24,111.5912,4.8819
2025-07-25T07:49:36.963607,bitrue,111.19,111.24,104.681,71.973
2025-07-25T07:49:37.527362,huobi,111.23,111.24,117.2674,4.8819
2025-07-25T07:49:38.012065,bitrue,111.19,111.24,104.681,71.973
2025-07-25T07:49:38.229307,huobi,111.23,111.24,111.5912,4.8819
2025-07-25T07:49:39.033729,huobi,111.23,111.26,118.7593,2.97
2025-07-25T07:49:39.176373,huobi,111.24,111.26,2.97,2.97
2025-07-25T07:49:39.227033,huobi,111.23,111.26,165.4273,2.97
2025-07-25T07:49:39.629331,huobi,111.24,111.26,2.97,2.97
2025-07-25T07:49:39.829186,huobi,111.23,111.26,165.4273,2.97
2025-07-25T07:49:39.929959,huobi,111.24,111.29,5.302,2.97
2025-07-25T07:49:40.028764,huobi,111.24,111.28,2.332,0.2119
2025-07-25T07:49:40.101198,bitrue,111.22,111.25,81.284,14.377
2025-07-25T07:49:40.128022,huobi,111.25,111.28,2.97,3.1819
2025-07-25T07:49:40.229939,huobi,111.24,111.28,5.302,3.1819
2025-07-25T07:49:40.328034,huobi,111.25,111.28,2.97,3.1819
2025-07-25T07:49:40.528316,huobi,111.25,111.26,2.97,2.97
2025-07-25T07:49:40.726438,huobi,111.25,111.26,114.55,2.97
2025-07-25T07:49:40.827024,huobi,111.26,111.28,2.97,3.1819
2025-07-25T07:49:40.928754,huobi,111.25,111.28,111.58,3.1819
2025-07-25T07:49:41.148428,bitrue,111.22,111.27,81.284,86.031
2025-07-25T07:49:41.228251,huobi,111.26,111.28,2.97,3.1819
2025-07-25T07:49:41.429939,huobi,111.25,111.28,111.58,3.1819
2025-07-25T07:49:41.726700,huobi,111.25,111.28,111.58,3.1819
2025-07-25T07:49:42.327214,huobi,111.26,111.28,2.97,3.1819
2025-07-25T07:49:42.526596,huobi,111.26,111.28,2.97,2.97
2025-07-25T07:49:43.026988,huobi,111.25,111.27,111.58,3.1819
2025-07-25T07:49:43.228925,huobi,111.26,111.27,2.97,0.2119
2025-07-25T07:49:43.327968,huobi,111.26,111.27,5.302,0.2119
2025-07-25T07:49:43.439944,huobi,111.26,111.27,10.1182,0.2119
2025-07-25T07:49:43.531824,huobi,111.28,111.33,2.97,2.97
2025-07-25T07:49:43.828196,huobi,111.28,111.32,2.97,8.0039
2025-07-25T07:49:44.228419,huobi,111.28,111.31,2.97,3.1819
2025-07-25T07:49:44.276236,bitrue,111.25,111.29,85.499,30.988
2025-07-25T07:49:44.327907,huobi,111.28,111.33,2.97,2.97
2025-07-25T07:49:44.830322,huobi,111.27,111.33,2.332,2.97
2025-07-25T07:49:44.932420,huobi,111.26,111.27,7.7862,3.1819
2025-07-25T07:49:45.030527,huobi,111.26,111.27,4.8162,3.1819
2025-07-25T07:49:45.127620,huobi,111.26,111.27,4.8162,4.8819
2025-07-25T07:49:45.320015,bitrue,111.25,111.29,85.499,30.988
2025-07-25T07:49:45.427114,huobi,111.26,111.27,4.8162,4.8819
2025-07-25T07:49:45.627255,huobi,111.26,111.27,7.7862,1.9119
2025-07-25T07:49:45.728141,huobi,111.26,111.27,4.8162,4.8819
2025-07-25T07:49:46.363630,bitrue,111.22,111.27,40.636,54.115
2025-07-25T07:49:46.429039,huobi,111.21,111.26,2.97,4.67
2025-07-25T07:49:46.627967,huobi,111.22,111.23,46.67,1.7
2025-07-25T07:49:46.730778,huobi,111.22,111.23,46.67,4.8819
2025-07-25T07:49:47.127906,huobi,111.22,111.23,158.25,4.8819
2025-07-25T07:49:47.328424,huobi,111.22,111.23,163.6835,1.9119
2025-07-25T07:49:47.409902,bitrue,111.21,111.24,23.399,89.626
2025-07-25T07:49:48.227856,huobi,111.22,111.23,158.25,1.9119
2025-07-25T07:49:48.457070,bitrue,111.21,111.24,23.399,89.626
2025-07-25T07:49:48.727363,huobi,111.22,111.23,163.4239,1.9119
2025-07-25T07:49:49.028069,huobi,111.22,111.23,163.4239,4.8819
2025-07-25T07:49:49.327968,huobi,111.22,111.23,163.4239,1.7
2025-07-25T07:49:49.927574,huobi,111.22,111.23,163.4239,4.67
2025-07-25T07:49:50.130918,huobi,111.22,111.23,163.4239,1.7
2025-07-25T07:49:50.229200,huobi,111.23,111.25,2.97,3.1819
2025-07-25T07:49:50.428147,huobi,111.23,111.25,2.97,3.1819
2025-07-25T07:49:50.633483,huobi,111.22,111.23,163.4239,1.7
2025-07-25T07:49:50.730064,huobi,111.22,111.23,116.7539,4.67
2025-07-25T07:49:50.830707,huobi,111.22,111.23,119.0859,1.9119
2025-07-25T07:49:50.929593,huobi,111.22,111.23,119.0859,0.2064
2025-07-25T07:49:51.028480,huobi,111.22,111.23,163.4289,0.2064
2025-07-25T07:49:51.129328,huobi,111.22,111.23,163.4289,3.1764
2025-07-25T07:49:51.428657,huobi,111.22,111.23,163.4289,3.3883
2025-07-25T07:49:51.594411,bitrue,111.19,111.27,31.896,54.115
2025-07-25T07:49:51.828507,huobi,111.22,111.23,163.4289,0.4183
2025-07-25T07:49:52.030192,huobi,111.22,111.23,116.7539,0.4183
2025-07-25T07:49:52.427226,huobi,111.22,111.23,122.1976,0.4183
2025-07-25T07:49:53.228442,huobi,111.22,111.23,111.58,3.3883
2025-07-25T07:49:53.630531,huobi,111.22,111.23,117.2163,3.3883
2025-07-25T07:49:53.687196,bitrue,111.18,111.21,71.73,82.04
2025-07-25T07:49:54.130020,huobi,111.22,111.23,122.8798,3.3883
2025-07-25T07:49:55.229938,huobi,111.22,111.23,127.8575,3.3883
2025-07-25T07:49:56.430155,huobi,111.22,111.23,132.9432,0.4183
2025-07-25T07:49:56.545627,huobi,111.22,111.23,135.2752,0.4183
2025-07-25T07:49:56.629703,huobi,111.24,111.27,2.97,2.97
2025-07-25T07:49:56.731684,huobi,111.22,111.27,132.9432,2.97
2025-07-25T07:49:56.828657,huobi,111.22,111.27,135.2752,2.97
2025-07-25T07:49:56.832064,bitrue,111.18,111.23,71.73,106.93
2025-07-25T07:49:56.931721,huobi,111.22,111.26,135.2752,8.0039
2025-07-25T07:49:57.027125,huobi,111.23,111.26,2.97,8.0039
2025-07-25T07:49:57.128022,huobi,111.22,111.26,135.2752,8.0039
2025-07-25T07:49:57.327462,huobi,111.22,111.26,135.2752,8.0039
2025-07-25T07:49:57.426260,huobi,111.23,111.26,2.97,8.0039
2025-07-25T07:49:57.527777,huobi,111.22,111.26,135.2752,8.0039
2025-07-25T07:49:57.828248,huobi,111.23,111.26,2.97,8.0039
2025-07-25T07:49:57.876454,bitrue,111.18,111.23,71.73,106.93
2025-07-25T07:49:58.426868,huobi,111.22,111.25,113.912,3.1819
2025-07-25T07:49:58.527403,huobi,111.23,111.25,2.97,3.1819
2025-07-25T07:49:59.026264,huobi,111.22,111.25,160.592,3.1819
2025-07-25T07:49:59.228730,huobi,111.22,111.25,113.912,3.1819
2025-07-25T07:49:59.329379,huobi,111.23,111.25,2.97,3.1819
2025-07-25T07:49:59.431526,huobi,111.23,111.25,2.97,3.1819
2025-07-25T07:49:59.632598,huobi,111.24,111.25,2.97,0.2119
2025-07-25T07:49:59.970110,bitrue,111.22,111.25,92.523,40.214
2025-07-25T07:50:00.038860,huobi,111.24,111.26,2.97,0.2119
2025-07-25T07:50:00.429518,huobi,111.24,111.26,2.7871,3.1819
2025-07-25T07:50:00.728838,huobi,111.23,111.25,49.012,2.97
2025-07-25T07:50:00.828702,huobi,111.23,111.24,46.68,3.1819
2025-07-25T07:50:00.930068,huobi,111.23,111.24,46.68,0.2119
2025-07-25T07:50:01.011241,bitrue,111.22,111.25,92.523,40.214
2025-07-25T07:50:01.430899,huobi,111.24,111.27,2.97,0.2119
2025-07-25T07:50:01.531337,huobi,111.25,111.27,2.97,0.2119
2025-07-25T07:50:01.633070,huobi,111.24,111.27,5.302,0.2119
2025-07-25T07:50:01.729265,huobi,111.24,111.26,5.302,2.97
2025-07-25T07:50:02.056727,bitrue,111.22,111.25,92.523,40.214
2025-07-25T07:50:02.428857,huobi,111.25,111.27,2.97,3.1819
2025-07-25T07:50:02.530677,huobi,111.25,111.26,2.97,2.97
2025-07-25T07:50:02.631888,huobi,111.24,111.26,5.302,2.97
2025-07-25T07:50:02.731919,huobi,111.24,111.26,2.332,2.97
2025-07-25T07:50:02.828450,huobi,111.24,111.25,5.302,0.2119
2025-07-25T07:50:03.429084,huobi,111.23,111.25,49.012,2.97
2025-07-25T07:50:03.530924,huobi,111.23,111.25,46.68,2.97
2025-07-25T07:50:03.629430,huobi,111.24,111.25,2.97,2.97
2025-07-25T07:50:03.927713,huobi,111.23,111.25,46.68,2.97
2025-07-25T07:50:04.029064,huobi,111.22,111.25,158.258,2.97
2025-07-25T07:50:04.128623,huobi,111.22,111.24,158.258,3.1819
2025-07-25T07:50:04.230389,huobi,111.22,111.23,158.258,2.97
2025-07-25T07:50:04.430917,huobi,111.22,111.23,158.258,1.7
2025-07-25T07:50:04.730658,huobi,111.22,111.23,163.3401,4.8819
2025-07-25T07:50:04.834984,huobi,111.22,111.23,116.6621,4.8819
2025-07-25T07:50:04.943086,huobi,111.22,111.23,5.0821,12.8858
2025-07-25T07:50:05.070238,huobi,111.22,111.23,5.0821,4.8819
2025-07-25T07:50:05.189065,bitrue,111.2,111.25,22.062,40.214
2025-07-25T07:50:05.331284,huobi,111.17,111.21,2.97,4.67
2025-07-25T07:50:05.431411,huobi,111.18,111.2,2.97,2.97
2025-07-25T07:50:05.530014,huobi,111.19,111.2,111.58,4.8819
2025-07-25T07:50:06.234179,bitrue,111.17,111.22,38.027,104.309
2025-07-25T07:50:07.128931,huobi,111.19,111.2,116.5905,4.8819
2025-07-25T07:50:07.280646,bitrue,111.17,111.22,38.027,104.309
2025-07-25T07:50:08.231112,huobi,111.19,111.2,111.58,1.9119
2025-07-25T07:50:08.329004,huobi,111.19,111.2,111.58,0.2119
2025-07-25T07:50:08.828759,huobi,111.19,111.2,116.8521,0.2119
2025-07-25T07:50:09.228520,huobi,111.19,111.2,121.6601,0.2119
2025-07-25T07:50:10.246891,huobi,111.19,111.2,127.1723,0.2119
2025-07-25T07:50:11.129155,huobi,111.21,111.24,2.97,2.97
2025-07-25T07:50:12.133328,huobi,111.19,111.2,127.1723,1.7
2025-07-25T07:50:12.729861,huobi,111.2,111.24,2.97,2.97
2025-07-25T07:50:12.828497,huobi,111.21,111.24,2.97,2.97
2025-07-25T07:50:12.930600,huobi,111.21,111.24,2.97,2.97
2025-07-25T07:50:13.229703,huobi,111.2,111.24,2.332,2.97
2025-07-25T07:50:13.329927,huobi,111.2,111.24,2.97,2.97
2025-07-25T07:50:13.430331,huobi,111.21,111.24,2.97,2.97
2025-07-25T07:50:13.929496,huobi,111.21,111.25,2.97,2.97
2025-07-25T07:50:14.331516,huobi,111.2,111.23,49.014,2.97
2025-07-25T07:50:14.429080,huobi,111.21,111.23,2.97,2.97
2025-07-25T07:50:14.528220,huobi,111.2,111.23,2.97,2.97
2025-07-25T07:50:14.628114,huobi,111.21,111.23,111.58,2.97
2025-07-25T07:50:15.236326,huobi,111.19,111.22,49.014,0.2119
2025-07-25T07:50:15.330402,huobi,111.19,111.2,46.682,0.2119
2025-07-25T07:50:15.828618,huobi,111.19,111.24,163.8123,0.2119
2025-07-25T07:50:15.927870,huobi,111.19,111.21,119.4623,2.97
2025-07-25T07:50:16.127892,huobi,111.2,111.21,2.97,3.1819
2025-07-25T07:50:16.628238,huobi,111.2,111.21,8.3644,0.2119
2025-07-25T07:50:17.229130,huobi,111.2,111.21,13.6848,0.2119
2025-07-25T07:50:17.730291,huobi,111.2,111.21,10.7148,0.2119
2025-07-25T07:50:17.835070,huobi,111.2,111.21,10.7148,0.2119
2025-07-25T07:50:17.930028,huobi,111.2,111.21,10.7148,1.9119
2025-07-25T07:50:18.229299,huobi,111.19,111.2,111.58,4.67
2025-07-25T07:50:18.828954,huobi,111.19,111.2,111.58,1.9119
2025-07-25T07:50:19.327609,huobi,111.19,111.2,117.1951,1.9119
2025-07-25T07:50:19.627902,huobi,111.19,111.2,122.5303,1.9119
2025-07-25T07:50:20.831077,huobi,111.19,111.2,124.8623,1.7
2025-07-25T07:50:20.930014,huobi,111.19,111.2,171.5443,1.7
2025-07-25T07:50:21.329696,huobi,111.19,111.2,176.5346,1.7
2025-07-25T07:50:21.630688,huobi,111.19,111.2,181.8391,1.7
2025-07-25T07:50:21.729922,huobi,111.19,111.2,132.8251,2.97
2025-07-25T07:50:21.829047,huobi,111.19,111.2,132.8251,3.1819
2025-07-25T07:50:22.228301,huobi,111.19,111.2,135.1571,0.2119
2025-07-25T07:50:22.629345,huobi,111.19,111.23,135.1571,2.97
2025-07-25T07:50:22.730601,huobi,111.2,111.25,2.332,2.97
2025-07-25T07:50:22.828998,huobi,111.21,111.23,2.97,2.97
2025-07-25T07:50:22.928855,huobi,111.2,111.23,2.332,2.97
2025-07-25T07:50:23.028943,huobi,111.21,111.23,2.97,2.97
2025-07-25T07:50:23.128295,huobi,111.2,111.23,2.97,2.97
2025-07-25T07:50:23.327889,huobi,111.2,111.22,2.97,0.2119
2025-07-25T07:50:23.430506,huobi,111.2,111.22,2.97,3.1819
2025-07-25T07:50:23.630153,huobi,111.21,111.22,2.97,0.2119
2025-07-25T07:50:23.829970,huobi,111.2,111.22,2.97,2.97
2025-07-25T07:50:23.929840,huobi,111.17,111.22,2.97,2.97
2025-07-25T07:50:24.028548,huobi,111.17,111.19,2.97,3.1819
2025-07-25T07:50:24.129057,huobi,111.17,111.18,2.97,3.1819
2025-07-25T07:50:24.231452,huobi,111.17,111.18,2.97,0.2119
2025-07-25T07:50:24.528110,huobi,111.17,111.18,114.55,0.2119
2025-07-25T07:50:24.628472,huobi,111.17,111.18,114.55,3.1819
2025-07-25T07:50:24.941156,huobi,111.17,111.18,120.1905,3.1819
2025-07-25T07:50:25.130882,huobi,111.17,111.18,117.2205,3.1819
2025-07-25T07:50:25.229916,huobi,111.17,111.18,117.2205,4.8819
2025-07-25T07:50:26.128003,bitrue,111.15,111.18,120.297,57.748
2025-07-25T07:50:26.728261,huobi,111.17,111.18,122.8641,4.8819
2025-07-25T07:50:27.170623,bitrue,111.15,111.18,120.297,57.748
2025-07-25T07:50:27.428170,huobi,111.17,111.18,127.8031,4.8819
2025-07-25T07:50:28.228405,huobi,111.17,111.18,111.58,4.8819
2025-07-25T07:50:28.627256,huobi,111.17,111.18,116.7928,4.8819
2025-07-25T07:50:29.026533,huobi,111.17,111.18,116.7928,3.1819
2025-07-25T07:50:30.229443,huobi,111.17,111.18,5.2128,3.1819
2025-07-25T07:50:30.927332,huobi,111.17,111.18,5.2128,3.1819
2025-07-25T07:50:32.526746,huobi,111.17,111.18,5.2128,3.1819
2025-07-25T07:50:33.232757,huobi,111.15,111.16,160.592,3.1819
2025-07-25T07:50:33.529174,huobi,111.15,111.16,111.58,4.8819
2025-07-25T07:50:33.629982,huobi,111.15,111.16,113.912,1.9119
2025-07-25T07:50:34.495114,bitrue,111.14,111.18,45.518,57.748
2025-07-25T07:50:34.733162,huobi,111.15,111.16,111.58,4.8819
2025-07-25T07:50:34.833203,huobi,111.13,111.15,111.58,0.2119
2025-07-25T07:50:34.946012,huobi,111.13,111.14,111.58,4.67
2025-07-25T07:50:35.543895,bitrue,111.1,111.14,16.687,115.74
2025-07-25T07:50:35.829556,huobi,111.13,111.14,111.58,4.8819
2025-07-25T07:50:36.029315,huobi,111.13,111.14,116.7119,4.8819
2025-07-25T07:50:36.592273,bitrue,111.1,111.14,16.687,115.74
2025-07-25T07:50:37.637129,bitrue,111.1,111.14,16.687,115.74
2025-07-25T07:50:38.233056,huobi,111.13,111.14,111.58,4.8819
2025-07-25T07:50:38.556954,huobi,111.13,111.14,111.58,3.1819
2025-07-25T07:50:38.728487,huobi,111.13,111.14,111.58,0.2119
2025-07-25T07:50:38.831758,huobi,111.13,111.14,113.912,0.2119
2025-07-25T07:50:39.030561,huobi,111.13,111.14,113.912,0.0001
2025-07-25T07:50:39.427740,huobi,111.13,111.17,113.912,8.0039
2025-07-25T07:50:39.527940,huobi,111.14,111.16,2.97,2.97
2025-07-25T07:50:39.766497,huobi,111.13,111.16,111.58,2.97
2025-07-25T07:50:39.832346,huobi,111.13,111.15,111.58,8.0039
2025-07-25T07:50:39.930604,huobi,111.13,111.14,111.58,2.97
2025-07-25T07:50:40.029045,huobi,111.13,111.17,111.58,10.9739
2025-07-25T07:50:40.128377,huobi,111.13,111.16,111.58,2.97
2025-07-25T07:50:40.230418,huobi,111.13,111.14,111.58,2.97
2025-07-25T07:50:40.329219,huobi,111.13,111.14,5.3122,4.67
2025-07-25T07:50:40.427889,huobi,111.13,111.14,5.3122,5.302
2025-07-25T07:50:40.628970,huobi,111.13,111.14,5.3122,13.3059
2025-07-25T07:50:41.830068,bitrue,111.08,111.14,24.97,115.74
2025-07-25T07:50:43.029120,huobi,111.13,111.14,5.3122,13.5178
2025-07-25T07:50:43.228480,huobi,111.1,111.11,111.58,0.2119
2025-07-25T07:50:43.531874,huobi,111.1,111.11,117.2033,0.2119
2025-07-25T07:50:43.728445,huobi,111.1,111.12,117.2033,2.97
2025-07-25T07:50:43.929449,huobi,111.1,111.11,117.2033,7.002
2025-07-25T07:50:44.227984,huobi,111.1,111.11,5.6233,7.2139
2025-07-25T07:50:44.727883,huobi,111.1,111.11,5.6233,7.2139
2025-07-25T07:50:44.991539,bitrue,111.08,111.11,24.97,102.885
2025-07-25T07:50:45.128991,huobi,111.1,111.11,5.6233,7.2139
2025-07-25T07:50:45.628220,huobi,111.1,111.11,8.5933,7.2139
2025-07-25T07:50:45.731434,huobi,111.1,111.11,5.6233,7.2139
2025-07-25T07:50:46.041244,bitrue,111.07,111.11,25.996,102.885
2025-07-25T07:50:46.630682,huobi,111.1,111.11,8.5933,4.2439
2025-07-25T07:50:46.930027,huobi,111.1,111.11,8.5933,7.2139
2025-07-25T07:50:47.188985,huobi,111.1,111.11,8.5933,1.9119
2025-07-25T07:50:47.232483,huobi,111.11,111.18,2.97,2.332
2025-07-25T07:50:47.334709,huobi,111.12,111.18,2.97,2.332
2025-07-25T07:50:47.433292,huobi,111.12,111.17,2.97,2.97
2025-07-25T07:50:47.731108,huobi,111.12,111.18,2.97,2.332
2025-07-25T07:50:47.830986,huobi,111.12,111.18,2.97,10.3359
2025-07-25T07:50:47.929436,huobi,111.12,111.15,2.97,2.97
2025-07-25T07:50:48.129159,huobi,111.11,111.15,2.97,2.97
2025-07-25T07:50:48.131428,bitrue,111.1,111.14,107.09,115.74
2025-07-25T07:50:48.229180,huobi,111.12,111.15,111.58,2.97
2025-07-25T07:50:48.328093,huobi,111.12,111.15,111.58,2.97
2025-07-25T07:50:48.431571,huobi,111.12,111.13,111.58,1.9119
2025-07-25T07:50:49.177662,bitrue,111.1,111.14,107.09,115.74
2025-07-25T07:50:49.827882,huobi,111.12,111.13,116.6645,1.9119
2025-07-25T07:50:50.127419,huobi,111.12,111.13,121.9411,1.9119
2025-07-25T07:50:52.429393,huobi,111.12,111.13,121.9411,0.2119
2025-07-25T07:50:52.929760,huobi,111.12,111.13,126.8152,0.2119
2025-07-25T07:50:53.231685,huobi,111.12,111.13,111.58,0.2119
2025-07-25T07:50:53.331575,huobi,111.12,111.13,113.912,0.2119
2025-07-25T07:50:54.829245,huobi,111.12,111.13,111.58,0.2119
2025-07-25T07:50:55.327636,huobi,111.12,111.13,111.58,4.8819
2025-07-25T07:50:55.430383,huobi,111.12,111.13,111.58,7.4479
2025-07-25T07:50:55.627585,huobi,111.09,111.12,2.97,2.7779
2025-07-25T07:50:55.928094,huobi,111.09,111.12,2.97,5.7479
2025-07-25T07:50:56.029513,huobi,111.09,111.11,2.97,2.97
2025-07-25T07:50:56.128630,huobi,111.09,111.12,2.97,2.7779
2025-07-25T07:50:56.228343,huobi,111.1,111.12,111.58,5.7479
2025-07-25T07:50:56.330097,huobi,111.1,111.11,111.58,1.7
2025-07-25T07:50:56.631483,bitrue,111.09,111.14,41.438,115.74
2025-07-25T07:50:57.428821,huobi,111.1,111.11,111.58,4.67
2025-07-25T07:50:57.528038,huobi,111.1,111.11,111.58,1.7
2025-07-25T07:50:57.729900,huobi,111.11,111.12,2.97,2.7779
2025-07-25T07:50:57.828128,huobi,111.1,111.12,111.58,5.7479
2025-07-25T07:50:57.928604,huobi,111.1,111.11,111.58,1.9119
2025-07-25T07:50:58.527952,huobi,111.1,111.11,111.58,4.4779
2025-07-25T07:50:58.828906,huobi,111.1,111.11,116.7179,4.4779
2025-07-25T07:50:59.764932,bitrue,111.07,111.11,25.996,85.351
2025-07-25T07:50:59.928536,huobi,111.1,111.11,116.7179,7.4479
2025-07-25T07:51:00.039863,huobi,111.07,111.11,2.97,7.4479
2025-07-25T07:51:00.134548,huobi,111.05,111.08,46.689,2.566
2025-07-25T07:51:00.231271,huobi,111.06,111.1,2.97,2.566
2025-07-25T07:51:00.334063,huobi,111.03,111.07,2.97,7.236
2025-07-25T07:51:00.430742,huobi,111.03,111.05,2.97,2.97
2025-07-25T07:51:00.534755,huobi,111.02,111.05,38.1309,2.97
2025-07-25T07:51:00.730251,huobi,111.03,111.05,111.58,2.97
2025-07-25T07:51:00.818135,bitrue,111.05,111.08,38.928,83.168
2025-07-25T07:51:00.927908,huobi,111.03,111.04,111.58,4.67
2025-07-25T07:51:01.129043,huobi,111.01,111.02,0.515,2.97
2025-07-25T07:51:01.228302,huobi,111.01,111.02,0.515,4.67
2025-07-25T07:51:01.627599,huobi,111.01,111.02,0.0001,11.1858
2025-07-25T07:51:01.769217,huobi,111.01,111.02,0.0001,13.7518
2025-07-25T07:51:01.829045,huobi,111.0,111.01,1.5793,7.6824
2025-07-25T07:51:01.861556,bitrue,111.0,111.03,7.915,75.013
2025-07-25T07:51:01.927582,huobi,111.0,111.01,0.0001,18.6563
2025-07-25T07:51:02.028183,huobi,110.98,110.99,104.1999,5.7479
2025-07-25T07:51:02.136993,huobi,110.93,110.97,2.97,2.97
2025-07-25T07:51:02.227198,huobi,110.93,110.96,2.97,2.566
2025-07-25T07:51:02.526605,huobi,110.93,111.0,2.97,2.566
2025-07-25T07:51:02.628617,huobi,110.93,110.96,2.97,2.566
2025-07-25T07:51:02.728732,huobi,110.94,110.95,101.6388,2.566
2025-07-25T07:51:02.829167,huobi,110.94,110.95,101.6388,5.536
2025-07-25T07:51:02.907659,bitrue,110.96,111.0,38.118,120.132
2025-07-25T07:51:02.930200,huobi,110.94,110.98,106.6776,5.536
2025-07-25T07:51:03.026751,huobi,110.94,110.95,106.6776,2.566
2025-07-25T07:51:03.229400,huobi,110.94,110.95,101.6388,2.566
2025-07-25T07:51:03.330289,huobi,110.94,110.96,101.6388,2.566
2025-07-25T07:51:03.428382,huobi,110.94,110.98,101.6388,2.566
2025-07-25T07:51:03.527141,huobi,110.94,110.96,101.6388,2.566
2025-07-25T07:51:03.827289,huobi,110.94,110.96,101.6388,2.566
2025-07-25T07:51:03.959952,bitrue,110.93,110.97,43.833,104.993
2025-07-25T07:51:04.227369,huobi,110.94,110.95,101.6388,0.2119
2025-07-25T07:51:04.426963,huobi,110.94,110.95,107.4059,0.2119
2025-07-25T07:51:04.728103,huobi,110.94,110.98,107.4059,2.566
2025-07-25T07:51:04.927311,huobi,110.94,110.97,107.4059,2.97
2025-07-25T07:51:05.006422,bitrue,110.91,110.97,23.41,104.993
2025-07-25T07:51:05.027042,huobi,110.94,110.96,107.4059,2.97
2025-07-25T07:51:05.127407,huobi,110.94,110.97,107.4059,2.97
2025-07-25T07:51:05.227208,huobi,110.94,110.98,107.4059,2.566
2025-07-25T07:51:05.328524,huobi,110.94,110.97,107.4059,3.1819
2025-07-25T07:51:06.027368,huobi,110.94,110.97,107.4059,3.1819
2025-07-25T07:51:06.228423,huobi,110.94,110.98,107.4059,2.97
2025-07-25T07:51:06.330458,huobi,110.94,110.97,107.4059,2.7779
2025-07-25T07:51:06.428285,huobi,110.94,110.98,107.4059,5.536
2025-07-25T07:51:06.528849,huobi,110.94,110.97,107.4059,3.1819
2025-07-25T07:51:06.828892,huobi,110.94,110.97,107.4059,0.2119
2025-07-25T07:51:07.029223,huobi,110.95,110.97,2.97,2.566
2025-07-25T07:51:07.128365,huobi,110.95,110.97,2.97,5.536
2025-07-25T07:51:07.227048,huobi,110.95,110.98,2.97,2.97
2025-07-25T07:51:07.526957,huobi,110.95,110.97,2.97,0.2119
2025-07-25T07:51:07.728762,huobi,110.95,110.97,2.97,3.1819
2025-07-25T07:51:08.128007,huobi,110.95,110.97,2.97,3.1819
2025-07-25T07:51:08.230211,huobi,110.95,110.98,2.97,3.1819
2025-07-25T07:51:08.529442,huobi,110.95,110.98,2.97,0.2119
2025-07-25T07:51:08.627356,huobi,110.95,110.98,2.97,3.1819
2025-07-25T07:51:09.127092,huobi,110.95,110.98,2.97,5.7479
2025-07-25T07:51:09.227875,huobi,110.95,110.98,2.97,5.7479
2025-07-25T07:51:09.545707,huobi,110.95,110.98,2.97,2.7779
2025-07-25T07:51:11.120512,huobi,110.96,110.98,2.97,2.7779
2025-07-25T07:51:11.120602,huobi,110.96,111.0,2.97,2.7779
2025-07-25T07:51:11.120695,huobi,110.96,111.0,2.97,5.536
2025-07-25T07:51:11.120858,huobi,110.96,110.99,2.97,3.1819
2025-07-25T07:51:11.120984,huobi,110.96,110.99,2.97,3.1819
2025-07-25T07:51:11.121042,huobi,110.96,110.98,2.97,2.97
2025-07-25T07:51:11.128831,huobi,110.96,110.99,2.97,0.2119
2025-07-25T07:51:11.228000,huobi,110.96,110.99,2.97,3.1819
2025-07-25T07:51:11.285721,bitrue,110.93,110.97,102.724,104.993
2025-07-25T07:51:11.527568,huobi,110.96,110.98,2.97,2.97
2025-07-25T07:51:12.029129,huobi,110.94,110.98,98.6688,2.97
2025-07-25T07:51:12.128011,huobi,110.94,110.98,98.6688,2.97
2025-07-25T07:51:12.228107,huobi,110.94,110.97,98.6688,5.7479
2025-07-25T07:51:12.829255,huobi,110.94,110.96,98.6688,2.97
2025-07-25T07:51:12.927895,huobi,110.94,110.97,98.6688,2.7779
2025-07-25T07:51:13.027332,huobi,110.94,110.97,98.6688,5.7479
2025-07-25T07:51:13.228533,huobi,110.94,110.98,98.6688,2.97
2025-07-25T07:51:13.726928,huobi,110.94,110.98,98.6688,2.97
2025-07-25T07:51:14.427436,huobi,110.94,110.98,98.6688,2.97
2025-07-25T07:51:15.428571,huobi,110.94,110.97,98.6688,3.1819
2025-07-25T07:51:15.727180,huobi,110.95,110.97,2.97,3.1819
2025-07-25T07:51:15.927976,huobi,110.94,110.96,98.6688,2.97
2025-07-25T07:51:16.027953,huobi,110.94,110.97,98.6688,2.97
2025-07-25T07:51:16.928913,huobi,110.95,110.97,2.97,2.97
2025-07-25T07:51:17.426605,huobi,110.95,110.96,2.97,0.2119
2025-07-25T07:51:18.126577,huobi,110.95,110.96,2.97,4.8819
2025-07-25T07:51:18.327152,huobi,110.95,110.96,8.3872,1.9119
2025-07-25T07:51:19.429079,huobi,110.95,110.96,13.2404,1.9119
2025-07-25T07:51:20.626530,huobi,110.95,110.96,18.6627,1.9119
2025-07-25T07:51:21.027873,huobi,110.95,110.96,23.7461,1.9119
2025-07-25T07:51:21.827085,huobi,110.95,110.96,28.8228,1.9119
2025-07-25T07:51:22.029384,huobi,110.95,110.97,28.8228,2.97
2025-07-25T07:51:22.127360,huobi,110.95,110.97,25.8528,2.97
2025-07-25T07:51:22.326720,huobi,110.95,110.96,25.8528,8.4279
2025-07-25T07:51:22.765296,huobi,110.95,110.96,25.8528,5.4579
2025-07-25T07:51:22.826845,huobi,110.95,110.96,25.8528,8.4279
2025-07-25T07:51:23.226707,huobi,110.94,110.96,98.6688,3.1819
2025-07-25T07:51:23.528015,huobi,110.94,110.96,98.6688,3.1819
2025-07-25T07:51:23.828304,huobi,110.94,110.96,98.6688,0.2119
2025-07-25T07:51:24.027856,huobi,110.94,110.95,98.6688,3.1819
2025-07-25T07:51:24.126602,huobi,110.94,110.95,98.6688,1.9119
2025-07-25T07:51:24.427160,huobi,110.94,110.95,98.6688,1.8219
2025-07-25T07:51:24.727043,huobi,110.94,110.95,103.5151,1.8219
2025-07-25T07:51:24.891519,bitrue,110.91,110.94,23.41,39.89
2025-07-25T07:51:25.429279,huobi,110.94,110.95,109.0345,4.7919
2025-07-25T07:51:25.527147,huobi,110.94,110.95,109.0345,1.8219
2025-07-25T07:51:25.627312,huobi,110.94,110.95,109.0345,4.7919
2025-07-25T07:51:25.731088,huobi,110.94,110.95,109.0345,1.8219
2025-07-25T07:51:25.928702,huobi,110.94,110.95,109.0345,4.7919
2025-07-25T07:51:25.936426,bitrue,110.91,110.94,23.41,39.89
2025-07-25T07:51:26.027202,huobi,110.94,110.95,109.0345,1.8219
2025-07-25T07:51:26.328079,huobi,110.94,110.95,109.0345,4.7919
2025-07-25T07:51:26.431641,huobi,110.94,110.95,114.6822,4.7919
2025-07-25T07:51:26.629521,huobi,110.94,110.95,114.6822,1.8219
2025-07-25T07:51:26.827092,huobi,110.94,110.95,114.6822,4.7919
2025-07-25T07:51:26.929751,huobi,110.94,110.95,114.6822,3.0919
2025-07-25T07:51:26.978721,bitrue,110.89,110.94,30.059,39.89
2025-07-25T07:51:27.031833,huobi,110.94,110.95,96.8138,4.7919
2025-07-25T07:51:27.131641,huobi,110.92,110.94,81.4333,2.566
2025-07-25T07:51:27.233878,huobi,110.92,110.94,0.6329,2.566
2025-07-25T07:51:27.332460,huobi,110.92,110.93,0.6329,1.7
2025-07-25T07:51:27.432454,huobi,110.92,110.93,0.6329,4.67
2025-07-25T07:51:28.023676,bitrue,110.87,110.91,46.674,56.637
2025-07-25T07:51:28.130386,huobi,110.92,110.93,0.0001,4.67
2025-07-25T07:51:28.429482,huobi,110.88,110.89,3.1333,1.7
2025-07-25T07:51:28.731179,huobi,110.88,110.89,3.1333,4.67
2025-07-25T07:51:28.830999,huobi,110.88,110.89,83.9337,1.7
2025-07-25T07:51:29.036195,huobi,110.88,110.89,80.9637,4.67
2025-07-25T07:51:29.230155,huobi,110.88,110.89,80.9637,1.9119
2025-07-25T07:51:29.529530,huobi,110.88,110.89,86.4163,1.9119
2025-07-25T07:51:29.628586,huobi,110.88,110.89,86.4163,4.8819
2025-07-25T07:51:29.729290,huobi,110.88,110.89,86.4163,1.9119
2025-07-25T07:51:29.927840,huobi,110.88,110.89,86.4163,4.8819
2025-07-25T07:51:30.028276,huobi,110.88,110.89,86.4163,1.9119
2025-07-25T07:51:30.114393,bitrue,110.85,110.88,38.609,60.358
2025-07-25T07:51:30.430672,huobi,110.88,110.89,92.1292,1.7
2025-07-25T07:51:30.627565,huobi,110.88,110.89,97.7778,1.7
2025-07-25T07:51:30.728448,huobi,110.88,110.89,97.7778,4.67
2025-07-25T07:51:30.829594,huobi,110.88,110.89,102.8602,4.67
2025-07-25T07:51:31.132351,huobi,110.88,110.89,21.8965,12.6739
2025-07-25T07:51:31.159676,bitrue,110.85,110.88,38.609,60.358
2025-07-25T07:51:31.234222,huobi,110.87,110.88,0.0001,4.266
2025-07-25T07:51:31.330039,huobi,110.85,110.87,0.1135,2.97
2025-07-25T07:51:31.432612,huobi,110.85,110.86,0.0001,5.7479
2025-07-25T07:51:31.530073,huobi,110.85,110.86,0.0001,13.7518
2025-07-25T07:51:31.928668,huobi,110.82,110.83,4.3614,2.97
2025-07-25T07:51:32.029316,huobi,110.82,110.83,9.6015,2.97
2025-07-25T07:51:32.222529,bitrue,110.81,110.84,21.598,75.626
2025-07-25T07:51:32.231693,huobi,110.8,110.81,0.46,2.97
2025-07-25T07:51:32.328547,huobi,110.8,110.81,0.46,5.7479
2025-07-25T07:51:32.529961,huobi,110.8,110.81,3.43,5.7479
2025-07-25T07:51:32.627055,huobi,110.8,110.81,8.3322,2.7779
2025-07-25T07:51:32.728573,huobi,110.8,110.81,8.3322,0.2119
2025-07-25T07:51:32.844122,huobi,110.8,110.81,86.7267,0.2119
2025-07-25T07:51:33.129361,huobi,110.8,110.85,86.7267,2.566
2025-07-25T07:51:33.229532,huobi,110.8,110.85,81.8245,2.566
2025-07-25T07:51:33.287100,bitrue,110.77,110.82,5.854,88.748
2025-07-25T07:51:33.328307,huobi,110.8,110.84,81.8245,2.97
2025-07-25T07:51:33.628394,huobi,110.8,110.84,3.43,0.2119
2025-07-25T07:51:33.832574,huobi,110.8,110.84,3.43,0.2119
2025-07-25T07:51:33.929080,huobi,110.82,110.84,2.97,0.2119
2025-07-25T07:51:34.027587,huobi,110.82,110.84,2.97,0.0225
2025-07-25T07:51:34.227051,huobi,110.82,110.85,2.97,5.536
2025-07-25T07:51:34.323562,bitrue,110.79,110.84,69.935,75.626
2025-07-25T07:51:34.329113,huobi,110.82,110.85,81.3645,5.536
2025-07-25T07:51:34.427959,huobi,110.82,110.85,81.3645,2.566
2025-07-25T07:51:34.629104,huobi,110.83,110.85,2.97,2.566
2025-07-25T07:51:34.828437,huobi,110.83,110.86,2.97,2.97
2025-07-25T07:51:35.131800,huobi,110.83,110.86,2.97,2.97
2025-07-25T07:51:35.283301,huobi,110.8,110.87,5.536,5.536
2025-07-25T07:51:35.329111,huobi,110.8,110.85,2.97,2.566
2025-07-25T07:51:35.732242,huobi,110.8,110.86,2.97,2.97
2025-07-25T07:51:35.830217,huobi,110.8,110.85,2.97,2.97
2025-07-25T07:51:35.929486,huobi,110.81,110.86,78.3945,2.97
2025-07-25T07:51:36.127372,huobi,110.81,110.87,78.3945,5.536
2025-07-25T07:51:36.228214,huobi,110.81,110.86,78.3945,2.97
2025-07-25T07:51:36.327294,huobi,110.81,110.86,78.3945,0.2119
2025-07-25T07:51:36.420581,bitrue,110.82,110.85,51.066,24.566
2025-07-25T07:51:36.428509,huobi,110.81,110.86,80.9605,0.2119
2025-07-25T07:51:36.527293,huobi,110.81,110.86,80.9605,0.2119
2025-07-25T07:51:36.627081,huobi,110.81,110.86,80.9605,3.1819
2025-07-25T07:51:36.827688,huobi,110.81,110.86,80.9605,0.2119
2025-07-25T07:51:36.927737,huobi,110.81,110.86,78.3945,0.2119
2025-07-25T07:51:37.027423,huobi,110.81,110.86,78.3945,3.1819
2025-07-25T07:51:37.127358,huobi,110.81,110.86,78.3945,0.2119
2025-07-25T07:51:37.326445,huobi,110.81,110.86,78.3945,3.1819
2025-07-25T07:51:37.427156,huobi,110.83,110.86,2.97,3.1819
2025-07-25T07:51:37.470606,bitrue,110.82,110.85,79.011,24.566
2025-07-25T07:51:37.526996,huobi,110.83,110.85,2.97,2.97
2025-07-25T07:51:37.628911,huobi,110.83,110.86,2.97,3.1819
2025-07-25T07:51:38.131653,huobi,110.83,110.86,2.97,0.2119
2025-07-25T07:51:38.327765,huobi,110.83,110.86,2.97,0.2119
2025-07-25T07:51:38.530546,huobi,110.83,110.88,2.97,4.8203
2025-07-25T07:51:38.533903,bitrue,110.82,110.85,79.011,24.566
2025-07-25T07:51:38.629996,huobi,110.83,110.87,2.97,2.97
2025-07-25T07:51:38.730863,huobi,110.83,110.84,2.97,1.7
2025-07-25T07:51:39.127942,huobi,110.83,110.84,8.4742,1.7
2025-07-25T07:51:39.228264,huobi,110.83,110.84,86.8687,1.7
2025-07-25T07:51:39.574767,bitrue,110.82,110.86,79.011,27.609
2025-07-25T07:51:40.028162,huobi,110.83,110.84,92.5264,1.7
