timestamp,exchange,bid,ask,bid_vol,ask_vol
2025-07-25T07:43:54.965909,huobi,111.28,111.31,2.97,2.97
2025-07-25T07:43:55.157974,bitrue,111.28,111.33,25.76,69.324
2025-07-25T07:43:55.321894,huobi,111.28,111.34,2.97,2.97
2025-07-25T07:43:55.421086,huobi,111.29,111.36,5.302,5.302
2025-07-25T07:43:55.522676,huobi,111.29,111.35,5.302,2.97
2025-07-25T07:43:58.219250,huobi,111.29,111.33,5.302,2.97
2025-07-25T07:43:59.820480,huobi,111.29,111.33,2.97,2.97
2025-07-25T07:44:00.026758,huobi,111.29,111.33,2.97,2.97
2025-07-25T07:44:00.420035,huobi,111.29,111.33,2.7871,2.97
2025-07-25T07:44:01.120401,huobi,111.29,111.33,2.7871,2.97
2025-07-25T07:44:01.322168,huobi,111.29,111.36,2.7871,2.332
2025-07-25T07:44:01.424533,huobi,111.3,111.35,5.302,2.97
2025-07-25T07:44:02.119847,huobi,111.3,111.35,5.302,2.97
2025-07-25T07:44:02.343196,bitrue,111.32,111.36,102.887,33.862
2025-07-25T07:44:03.390245,bitrue,111.32,111.36,102.887,33.862
2025-07-25T07:44:04.435874,bitrue,111.32,111.36,102.887,33.862
2025-07-25T07:44:06.020464,huobi,111.3,111.37,5.302,8.0039
2025-07-25T07:44:06.120849,huobi,111.3,111.36,5.302,2.97
2025-07-25T07:44:06.623365,huobi,111.3,111.35,5.302,0.2119
2025-07-25T07:44:06.758331,huobi,111.3,111.37,23.802,2.97
2025-07-25T07:44:06.820729,huobi,111.32,111.37,5.302,2.97
2025-07-25T07:44:07.119599,huobi,111.32,111.37,5.302,2.97
2025-07-25T07:44:10.718882,huobi,111.31,111.35,2.97,2.97
2025-07-25T07:44:11.418401,huobi,111.3,111.33,5.302,2.97
2025-07-25T07:44:11.519383,huobi,111.3,111.33,2.97,2.97
2025-07-25T07:44:11.919117,huobi,111.31,111.33,2.97,2.97
2025-07-25T07:44:12.419624,huobi,111.29,111.33,20.832,2.97
2025-07-25T07:44:13.968326,bitrue,111.31,111.36,29.144,33.862
2025-07-25T07:44:14.618365,huobi,111.29,111.33,20.832,2.97
2025-07-25T07:44:17.320805,huobi,111.29,111.33,18.5,2.97
2025-07-25T07:44:17.418413,huobi,111.28,111.33,23.802,2.97
2025-07-25T07:44:18.519310,huobi,111.29,111.33,5.302,2.97
2025-07-25T07:44:19.524584,huobi,111.29,111.33,2.332,2.97
2025-07-25T07:44:19.622035,huobi,111.28,111.33,20.832,2.97
2025-07-25T07:44:19.721278,huobi,111.28,111.33,2.332,2.97
2025-07-25T07:44:19.820063,huobi,111.27,111.31,2.97,2.97
2025-07-25T07:44:20.025937,huobi,111.27,111.33,2.97,2.97
2025-07-25T07:44:20.246546,bitrue,111.3,111.36,34.228,33.862
2025-07-25T07:44:20.519802,huobi,111.27,111.33,5.302,2.97
2025-07-25T07:44:21.295617,bitrue,111.28,111.33,21.261,102.357
2025-07-25T07:44:21.721715,huobi,111.27,111.33,5.302,2.97
2025-07-25T07:44:21.822725,huobi,111.27,111.31,5.302,1.7
2025-07-25T07:44:22.218235,huobi,111.27,111.3,2.97,2.97
2025-07-25T07:44:22.320087,huobi,111.27,111.31,2.97,1.7
2025-07-25T07:44:22.341867,bitrue,111.28,111.33,21.261,102.357
2025-07-25T07:44:22.818993,huobi,111.27,111.3,2.97,2.97
2025-07-25T07:44:23.119845,huobi,111.27,111.31,2.97,1.7
2025-07-25T07:44:23.319486,huobi,111.27,111.3,2.97,2.97
2025-07-25T07:44:23.421625,huobi,111.27,111.31,5.302,1.7
2025-07-25T07:44:23.624512,huobi,111.27,111.33,5.302,2.97
2025-07-25T07:44:23.919714,huobi,111.27,111.32,5.302,0.2119
2025-07-25T07:44:24.020690,huobi,111.27,111.31,5.302,2.97
2025-07-25T07:44:24.117715,huobi,111.27,111.33,5.302,2.97
2025-07-25T07:44:26.719404,huobi,111.27,111.31,5.302,2.97
2025-07-25T07:44:26.918986,huobi,111.27,111.33,5.302,2.97
2025-07-25T07:44:27.720524,huobi,111.27,111.31,5.302,2.97
2025-07-25T07:44:30.618106,huobi,111.27,111.31,5.302,2.97
2025-07-25T07:44:31.126079,huobi,111.23,111.28,2.97,1.7
2025-07-25T07:44:31.227051,huobi,111.24,111.3,5.302,2.97
2025-07-25T07:44:31.422015,huobi,111.24,111.3,23.802,2.97
2025-07-25T07:44:32.863301,bitrue,111.26,111.3,35.381,15.822
2025-07-25T07:44:33.722305,huobi,111.26,111.36,18.5,2.332
2025-07-25T07:44:33.823121,huobi,111.27,111.35,23.802,2.97
2025-07-25T07:44:33.909539,bitrue,111.26,111.3,35.381,15.822
2025-07-25T07:44:34.718543,huobi,111.27,111.34,23.802,0.2119
2025-07-25T07:44:34.821079,huobi,111.27,111.33,23.802,2.97
2025-07-25T07:44:34.958515,bitrue,111.29,111.34,52.134,47.985
2025-07-25T07:44:35.220972,huobi,111.27,111.33,5.302,2.97
2025-07-25T07:44:36.004934,bitrue,111.29,111.32,52.134,81.573
2025-07-25T07:44:36.119821,huobi,111.27,111.32,5.302,2.97
2025-07-25T07:44:37.018184,huobi,111.27,111.29,5.302,2.97
2025-07-25T07:44:37.218405,huobi,111.27,111.3,5.302,1.7
2025-07-25T07:44:37.518435,huobi,111.27,111.29,5.302,2.97
2025-07-25T07:44:37.722033,huobi,111.25,111.29,18.5,2.97
2025-07-25T07:44:37.867002,huobi,111.26,111.29,5.302,2.97
2025-07-25T07:44:38.019093,huobi,111.26,111.29,2.97,2.97
2025-07-25T07:44:38.120181,huobi,111.25,111.29,18.5,2.97
2025-07-25T07:44:38.221703,huobi,111.24,111.29,21.47,2.97
2025-07-25T07:44:38.320669,huobi,111.22,111.27,5.302,2.97
2025-07-25T07:44:38.419705,huobi,111.22,111.27,23.802,2.97
2025-07-25T07:44:39.149217,bitrue,111.26,111.32,35.381,81.573
2025-07-25T07:44:39.720437,huobi,111.22,111.27,5.302,2.97
2025-07-25T07:44:39.819235,huobi,111.22,111.28,5.302,2.97
2025-07-25T07:44:40.019679,huobi,111.24,111.28,2.332,2.97
2025-07-25T07:44:40.123167,huobi,111.24,111.28,23.802,2.97
2025-07-25T07:44:40.194259,bitrue,111.26,111.29,35.381,89.522
2025-07-25T07:44:40.222086,huobi,111.24,111.3,23.802,2.97
2025-07-25T07:44:40.923739,huobi,111.24,111.32,23.802,2.97
2025-07-25T07:44:41.019350,huobi,111.24,111.3,23.802,2.97
2025-07-25T07:44:41.240882,bitrue,111.26,111.32,35.381,33.176
2025-07-25T07:44:41.919092,huobi,111.24,111.31,23.802,2.97
2025-07-25T07:44:43.166945,huobi,111.24,111.31,23.802,2.97
2025-07-25T07:44:45.120389,huobi,111.24,111.3,23.802,0.2119
2025-07-25T07:44:45.219290,huobi,111.24,111.29,23.802,2.97
2025-07-25T07:44:45.730017,huobi,111.23,111.28,2.332,0.2119
2025-07-25T07:44:45.860741,huobi,111.23,111.28,5.302,0.2119
2025-07-25T07:44:45.924714,huobi,111.23,111.27,2.97,2.97
2025-07-25T07:44:46.474266,bitrue,111.24,111.29,18.04,77.597
2025-07-25T07:44:48.221509,huobi,111.21,111.27,5.302,2.97
2025-07-25T07:44:48.619897,huobi,111.23,111.27,2.97,2.97
2025-07-25T07:44:48.918336,huobi,111.23,111.25,2.97,2.97
2025-07-25T07:44:49.420942,huobi,111.24,111.27,4.67,2.97
2025-07-25T07:44:49.625104,bitrue,111.24,111.29,18.04,77.597
2025-07-25T07:44:50.418192,huobi,111.24,111.27,1.7,2.97
2025-07-25T07:44:50.520370,huobi,111.21,111.27,5.302,2.97
2025-07-25T07:44:50.618956,huobi,111.22,111.27,5.302,2.97
2025-07-25T07:44:50.672507,bitrue,111.24,111.29,18.04,77.597
2025-07-25T07:44:51.720756,bitrue,111.24,111.27,18.04,109.083
2025-07-25T07:44:51.921344,huobi,111.22,111.27,5.302,2.97
2025-07-25T07:44:52.768056,bitrue,111.24,111.29,18.04,77.597
2025-07-25T07:44:53.224448,huobi,111.22,111.28,23.802,2.97
2025-07-25T07:44:53.814252,bitrue,111.26,111.29,77.833,77.597
2025-07-25T07:44:55.299603,bitrue,111.24,111.29,18.04,77.597
2025-07-25T07:44:55.318405,huobi,111.22,111.28,23.802,2.97
2025-07-25T07:44:59.919204,huobi,111.22,111.28,23.802,2.97
2025-07-25T07:45:00.031743,huobi,111.22,111.28,23.802,2.97
2025-07-25T07:45:00.127425,huobi,111.22,111.28,5.302,2.97
2025-07-25T07:45:00.419265,huobi,111.23,111.28,2.97,2.97
2025-07-25T07:45:00.520090,huobi,111.23,111.28,2.7871,2.97
2025-07-25T07:45:00.621869,huobi,111.24,111.29,2.97,2.97
2025-07-25T07:45:00.720322,huobi,111.27,111.32,2.332,2.97
2025-07-25T07:45:00.825847,huobi,111.28,111.35,23.802,11.47
2025-07-25T07:45:00.924004,huobi,111.3,111.35,23.802,8.5
2025-07-25T07:45:01.121568,huobi,111.3,111.34,23.802,2.97
2025-07-25T07:45:01.217126,bitrue,111.24,111.3,18.04,48.91
2025-07-25T07:45:01.321976,huobi,111.3,111.34,5.302,2.97
2025-07-25T07:45:01.419279,huobi,111.27,111.3,5.302,2.97
2025-07-25T07:45:01.520083,huobi,111.27,111.33,23.802,2.97
2025-07-25T07:45:01.819930,huobi,111.27,111.34,23.802,2.97
2025-07-25T07:45:01.919286,huobi,111.29,111.35,5.302,8.5
2025-07-25T07:45:02.062931,huobi,111.29,111.34,23.802,2.97
2025-07-25T07:45:02.265114,bitrue,111.31,111.36,22.647,33.862
2025-07-25T07:45:03.219759,huobi,111.29,111.35,23.802,8.5
2025-07-25T07:45:03.314989,bitrue,111.3,111.36,19.179,13.354
2025-07-25T07:45:03.721066,huobi,111.29,111.34,23.802,2.97
2025-07-25T07:45:03.920079,huobi,111.31,111.34,5.302,2.97
2025-07-25T07:45:04.366878,bitrue,111.33,111.36,103.514,13.354
2025-07-25T07:45:05.410706,bitrue,111.33,111.36,103.514,13.354
2025-07-25T07:45:05.518770,huobi,111.31,111.37,5.302,2.97
2025-07-25T07:45:05.920399,huobi,111.29,111.37,21.47,2.332
2025-07-25T07:45:06.021287,huobi,111.3,111.34,2.332,2.97
2025-07-25T07:45:06.119097,huobi,111.3,111.36,5.302,2.97
2025-07-25T07:45:06.319355,huobi,111.3,111.32,5.302,2.97
2025-07-25T07:45:06.454702,bitrue,111.3,111.36,31.631,13.354
2025-07-25T07:45:06.823741,huobi,111.29,111.32,2.332,2.97
2025-07-25T07:45:06.926080,huobi,111.25,111.3,2.97,1.7
2025-07-25T07:45:07.026264,huobi,111.23,111.3,2.97,1.7
2025-07-25T07:45:07.122185,huobi,111.24,111.29,2.97,2.97
2025-07-25T07:45:07.499252,bitrue,111.29,111.32,26.659,54.118
2025-07-25T07:45:07.520352,huobi,111.25,111.29,18.5,2.97
2025-07-25T07:45:07.621290,huobi,111.25,111.3,20.832,1.7
2025-07-25T07:45:07.721966,huobi,111.27,111.32,5.302,2.97
2025-07-25T07:45:08.020772,huobi,111.27,111.32,23.802,2.97
2025-07-25T07:45:08.221318,huobi,111.27,111.34,23.802,2.97
2025-07-25T07:45:08.619419,bitrue,111.29,111.32,46.633,54.118
2025-07-25T07:45:08.720035,huobi,111.27,111.34,23.802,2.97
2025-07-25T07:45:08.825151,huobi,111.29,111.34,5.302,2.97
2025-07-25T07:45:08.920285,huobi,111.29,111.36,5.302,2.97
2025-07-25T07:45:09.020571,huobi,111.29,111.36,23.802,2.97
2025-07-25T07:45:09.319002,huobi,111.29,111.38,23.802,2.97
2025-07-25T07:45:09.421244,huobi,111.29,111.34,23.802,2.97
2025-07-25T07:45:09.619036,huobi,111.29,111.38,23.802,2.97
2025-07-25T07:45:09.710467,bitrue,111.32,111.36,126.173,15.248
2025-07-25T07:45:10.222198,huobi,111.31,111.38,5.302,2.97
2025-07-25T07:45:10.757351,bitrue,111.32,111.36,126.173,15.248
2025-07-25T07:45:12.418228,huobi,111.31,111.36,5.302,2.97
2025-07-25T07:45:12.621619,huobi,111.33,111.38,5.302,2.97
2025-07-25T07:45:12.852597,bitrue,111.35,111.39,110.023,38.321
2025-07-25T07:45:12.918844,huobi,111.33,111.37,5.302,0.2119
2025-07-25T07:45:13.019599,huobi,111.33,111.36,5.302,2.97
2025-07-25T07:45:13.219546,huobi,111.32,111.36,18.5,2.97
2025-07-25T07:45:13.318368,huobi,111.31,111.36,23.802,2.97
2025-07-25T07:45:13.620131,huobi,111.31,111.34,2.97,2.97
2025-07-25T07:45:13.821232,huobi,111.31,111.36,5.302,2.97
2025-07-25T07:45:13.898345,bitrue,111.32,111.36,126.173,47.829
2025-07-25T07:45:14.418382,huobi,111.27,111.34,5.302,2.97
2025-07-25T07:45:14.517652,huobi,111.27,111.32,5.302,2.97
2025-07-25T07:45:14.819636,huobi,111.28,111.32,5.302,2.97
2025-07-25T07:45:14.920122,huobi,111.28,111.32,5.302,2.97
2025-07-25T07:45:14.947280,bitrue,111.32,111.36,126.173,47.829
2025-07-25T07:45:15.220461,huobi,111.26,111.32,23.802,2.97
2025-07-25T07:45:15.319598,huobi,111.24,111.31,2.97,2.97
2025-07-25T07:45:15.421883,huobi,111.25,111.31,5.302,2.97
2025-07-25T07:45:15.718664,huobi,111.27,111.35,5.302,2.332
2025-07-25T07:45:15.820812,huobi,111.29,111.35,5.302,0.2119
2025-07-25T07:45:15.921049,huobi,111.29,111.34,23.802,2.97
2025-07-25T07:45:15.990861,bitrue,111.29,111.33,41.966,82.657
2025-07-25T07:45:16.118761,huobi,111.3,111.31,4.67,1.588
2025-07-25T07:45:16.418537,huobi,111.3,111.31,9.5828,0.062
2025-07-25T07:45:17.039041,bitrue,111.31,111.36,72.571,47.829
2025-07-25T07:45:17.223125,huobi,111.3,111.36,9.5828,2.97
2025-07-25T07:45:17.320033,huobi,111.31,111.36,5.302,2.97
2025-07-25T07:45:18.088463,bitrue,111.31,111.36,72.571,47.829
2025-07-25T07:45:18.219001,huobi,111.31,111.34,5.302,2.97
2025-07-25T07:45:18.318213,huobi,111.32,111.38,5.05,5.302
2025-07-25T07:45:18.420574,huobi,111.32,111.37,2.97,2.97
2025-07-25T07:45:18.722700,huobi,111.34,111.37,2.97,2.97
2025-07-25T07:45:18.822408,huobi,111.35,111.37,5.302,2.97
2025-07-25T07:45:19.019834,huobi,111.34,111.37,5.302,2.97
2025-07-25T07:45:19.319050,huobi,111.34,111.37,7.002,2.97
2025-07-25T07:45:19.518376,huobi,111.34,111.38,7.002,2.97
2025-07-25T07:45:19.923157,huobi,111.34,111.38,2.97,2.97
2025-07-25T07:45:20.179114,bitrue,111.34,111.39,91.637,38.321
2025-07-25T07:45:20.220558,huobi,111.34,111.38,5.302,2.97
2025-07-25T07:45:20.418650,huobi,111.35,111.38,5.302,2.97
2025-07-25T07:45:20.519949,huobi,111.35,111.39,2.97,4.2805
2025-07-25T07:45:20.620891,huobi,111.36,111.38,2.97,2.97
2025-07-25T07:45:20.718273,huobi,111.36,111.39,2.97,1.3105
2025-07-25T07:45:20.822508,huobi,111.36,111.38,2.97,2.97
2025-07-25T07:45:21.119905,huobi,111.36,111.39,2.97,1.3105
2025-07-25T07:45:21.219994,huobi,111.36,111.38,2.97,2.97
2025-07-25T07:45:21.230202,bitrue,111.37,111.4,103.634,18.44
2025-07-25T07:45:21.820596,huobi,111.36,111.38,2.97,2.97
2025-07-25T07:45:21.919550,huobi,111.36,111.39,2.97,4.2805
2025-07-25T07:45:22.282173,bitrue,111.37,111.4,103.634,18.44
2025-07-25T07:45:22.318294,huobi,111.36,111.39,2.97,1.3105
2025-07-25T07:45:22.418570,huobi,111.36,111.39,2.97,4.2805
2025-07-25T07:45:22.919394,huobi,111.36,111.39,2.97,1.3105
2025-07-25T07:45:23.018503,huobi,111.36,111.39,2.97,4.2805
2025-07-25T07:45:23.331978,bitrue,111.37,111.4,103.634,18.44
2025-07-25T07:45:23.419634,huobi,111.36,111.39,2.97,1.3105
2025-07-25T07:45:23.560058,huobi,111.37,111.39,2.97,4.2805
2025-07-25T07:45:23.621621,huobi,111.38,111.39,1.7,4.2805
2025-07-25T07:45:23.819895,huobi,111.38,111.39,4.67,1.3105
2025-07-25T07:45:23.924232,huobi,111.38,111.39,4.67,0.4639
2025-07-25T07:45:24.119365,huobi,111.38,111.39,10.0515,0.0001
2025-07-25T07:45:24.380266,bitrue,111.37,111.43,103.634,107.146
2025-07-25T07:45:24.618531,huobi,111.38,111.39,7.0815,0.0001
2025-07-25T07:45:24.718967,huobi,111.38,111.39,8.3515,0.0001
2025-07-25T07:45:24.819641,huobi,111.38,111.39,5.3815,4.6701
2025-07-25T07:45:25.018533,huobi,111.38,111.39,5.3815,4.882
2025-07-25T07:45:25.517932,huobi,111.38,111.39,5.3815,4.882
2025-07-25T07:45:26.017891,huobi,111.38,111.39,5.3815,1.912
2025-07-25T07:45:26.218389,huobi,111.38,111.39,5.3815,4.882
2025-07-25T07:45:26.519519,huobi,111.38,111.39,5.3815,4.8819
2025-07-25T07:45:26.606002,bitrue,111.37,111.41,103.634,70.133
2025-07-25T07:45:27.656674,bitrue,111.36,111.41,55.943,70.133
2025-07-25T07:45:28.019664,huobi,111.34,111.38,2.97,2.97
2025-07-25T07:45:28.218839,huobi,111.32,111.37,5.302,2.97
2025-07-25T07:45:29.319500,huobi,111.33,111.38,5.302,2.97
2025-07-25T07:45:29.759228,bitrue,111.34,111.38,56.607,121.717
2025-07-25T07:45:29.817954,huobi,111.31,111.36,23.802,2.97
2025-07-25T07:45:29.917447,huobi,111.31,111.36,5.302,2.97
2025-07-25T07:45:30.319451,huobi,111.31,111.34,2.97,2.97
2025-07-25T07:45:30.620917,huobi,111.27,111.33,5.302,2.97
2025-07-25T07:45:30.722410,huobi,111.27,111.33,5.302,2.97
2025-07-25T07:45:30.810106,bitrue,111.33,111.38,22.048,121.717
2025-07-25T07:45:31.059947,huobi,111.27,111.33,23.802,2.97
2025-07-25T07:45:31.319114,huobi,111.29,111.33,2.97,2.97
2025-07-25T07:45:31.820868,huobi,111.29,111.34,5.302,2.97
2025-07-25T07:45:31.858217,bitrue,111.31,111.34,43.776,119.854
2025-07-25T07:45:32.119653,huobi,111.29,111.34,2.97,2.97
2025-07-25T07:45:32.907661,bitrue,111.31,111.34,43.776,119.854
2025-07-25T07:45:33.955311,bitrue,111.3,111.34,30.623,119.854
2025-07-25T07:45:34.019909,huobi,111.27,111.33,23.802,2.332
2025-07-25T07:45:34.118279,huobi,111.27,111.31,23.802,2.97
2025-07-25T07:45:34.217883,huobi,111.27,111.31,5.302,2.97
2025-07-25T07:45:34.820037,huobi,111.27,111.31,2.97,2.97
2025-07-25T07:45:34.920945,huobi,111.27,111.31,5.302,2.97
2025-07-25T07:45:35.919986,huobi,111.27,111.33,5.302,2.332
2025-07-25T07:45:36.019506,huobi,111.27,111.32,5.302,2.97
2025-07-25T07:45:36.051578,bitrue,111.29,111.32,23.172,98.65
2025-07-25T07:45:37.317087,huobi,111.27,111.32,5.302,2.97
2025-07-25T07:45:37.617718,huobi,111.27,111.3,5.302,2.97
2025-07-25T07:45:37.716426,huobi,111.27,111.31,5.302,3.1819
2025-07-25T07:45:37.918026,huobi,111.27,111.31,5.302,0.2119
2025-07-25T07:45:38.018003,huobi,111.27,111.3,5.302,2.97
2025-07-25T07:45:38.417349,huobi,111.27,111.31,5.302,2.97
2025-07-25T07:45:38.919954,huobi,111.27,111.32,5.302,0.2119
2025-07-25T07:45:39.018237,huobi,111.27,111.31,5.302,2.97
2025-07-25T07:45:39.819478,huobi,111.27,111.31,2.97,2.97
2025-07-25T07:45:40.027201,huobi,111.25,111.3,5.302,2.97
