timestamp,exchange,bid,ask,bid_vol,ask_vol
2025-07-25T08:37:43.983897,bitrue,111.12,111.16,24.42,84.941
2025-07-25T08:37:44.145606,bitmex,111.32,111.39,2.0,3.0
2025-07-25T08:37:44.497315,bitmex,111.32,111.39,10.0,3.0
2025-07-25T08:37:44.502377,bitmex,111.33,111.39,2.0,3.0
2025-07-25T08:37:44.660558,blofin,111.05,111.08,93.0,15.0
2025-07-25T08:37:44.707721,bitmex,111.31,111.39,2.0,3.0
2025-07-25T08:37:44.971085,bitmex,111.32,111.39,8.0,3.0
2025-07-25T08:37:44.977490,bitmex,111.33,111.39,2.0,3.0
2025-07-25T08:37:45.023714,bitmart,111.13,111.14,59105.0,5774.0
2025-07-25T08:37:45.146640,blofin,111.05,111.07,4.0,11.0
2025-07-25T08:37:45.654129,bitmex,111.33,111.41,2.0,215.0
2025-07-25T08:37:45.660078,bitmex,111.33,111.4,2.0,2.0
2025-07-25T08:37:45.662480,blofin,111.07,111.08,194.0,4.0
2025-07-25T08:37:46.096347,bitmart,111.15,111.16,78843.0,6884.0
2025-07-25T08:37:46.165021,blofin,111.07,111.08,194.0,4.0
2025-07-25T08:37:46.651988,blofin,111.07,111.1,198.0,40.0
2025-07-25T08:37:46.993294,bitrue,111.15,111.18,102.351,32.709
2025-07-25T08:37:47.108268,bitmart,111.15,111.16,21513.0,7345.0
2025-07-25T08:37:47.187434,blofin,111.06,111.09,17.0,114.0
2025-07-25T08:37:47.654224,blofin,111.06,111.09,17.0,114.0
2025-07-25T08:37:48.037271,bitmex,111.33,111.41,2.0,215.0
2025-07-25T08:37:48.039317,bitrue,111.15,111.18,102.351,32.709
2025-07-25T08:37:48.046513,bitmart,111.15,111.16,37770.0,7345.0
2025-07-25T08:37:48.085993,bitmex,111.33,111.4,2.0,3.0
2025-07-25T08:37:48.124692,bitmex,111.33,111.41,2.0,215.0
2025-07-25T08:37:48.166321,blofin,111.06,111.09,77.0,10.0
2025-07-25T08:37:48.229742,bitmex,111.33,111.4,2.0,3.0
2025-07-25T08:37:48.531956,bitmex,111.33,111.41,2.0,215.0
2025-07-25T08:37:48.648107,blofin,111.08,111.09,171.0,5.0
2025-07-25T08:37:49.035310,bitmex,111.33,111.47,2.0,5.0
2025-07-25T08:37:49.049171,bitmex,111.33,111.46,2.0,3.0
2025-07-25T08:37:49.060819,bitmart,111.17,111.19,110819.0,4598.0
2025-07-25T08:37:49.198463,blofin,111.08,111.09,171.0,5.0
2025-07-25T08:37:49.264949,bitmex,111.33,111.45,2.0,216.0
2025-07-25T08:37:49.271594,bitmex,111.33,111.44,2.0,12.0
2025-07-25T08:37:49.271606,bitmex,111.33,111.44,2.0,15.0
2025-07-25T08:37:49.272685,bitmex,111.33,111.44,2.0,12.0
2025-07-25T08:37:49.273619,bitmex,111.33,111.43,2.0,3.0
2025-07-25T08:37:49.653539,blofin,111.09,111.11,160.0,200.0
2025-07-25T08:37:50.098101,bitmart,111.18,111.19,103307.0,928.0
2025-07-25T08:37:50.133745,bitrue,111.15,111.2,102.351,86.827
2025-07-25T08:37:50.227490,blofin,111.09,111.11,160.0,200.0
2025-07-25T08:37:50.649020,blofin,111.09,111.11,160.0,200.0
2025-07-25T08:37:51.053747,bitmart,111.17,111.18,85390.0,30516.0
2025-07-25T08:37:51.167049,blofin,111.1,111.11,221.0,198.0
2025-07-25T08:37:51.179899,bitrue,111.15,111.21,102.351,41.783
2025-07-25T08:37:51.656179,blofin,111.09,111.11,33.0,198.0
2025-07-25T08:37:52.104936,bitmart,111.17,111.18,85390.0,30516.0
2025-07-25T08:37:52.153917,blofin,111.09,111.11,33.0,198.0
2025-07-25T08:37:52.658186,blofin,111.09,111.11,24.0,198.0
2025-07-25T08:37:53.126420,bitmart,111.17,111.18,85390.0,16462.0
2025-07-25T08:37:53.210694,blofin,111.09,111.11,23.0,198.0
2025-07-25T08:37:53.654337,blofin,111.09,111.11,23.0,198.0
2025-07-25T08:37:54.043537,bitmart,111.15,111.17,43347.0,125537.0
2025-07-25T08:37:54.201747,blofin,111.09,111.1,1.0,94.0
2025-07-25T08:37:54.323563,bitrue,111.15,111.18,102.351,105.314
2025-07-25T08:37:54.655177,blofin,111.09,111.1,1.0,8.0
2025-07-25T08:37:55.122519,bitmart,111.15,111.17,43347.0,17596.0
2025-07-25T08:37:55.207485,blofin,111.09,111.1,1.0,8.0
2025-07-25T08:37:55.373998,bitrue,111.15,111.18,102.351,105.314
2025-07-25T08:37:55.649554,blofin,111.09,111.1,1.0,3.0
2025-07-25T08:37:56.098730,bitmart,111.16,111.17,73480.0,4225.0
2025-07-25T08:37:56.231480,blofin,111.09,111.1,1.0,3.0
2025-07-25T08:37:56.424714,bitrue,111.15,111.19,102.351,38.55
2025-07-25T08:37:56.660377,blofin,111.08,111.11,95.0,214.0
2025-07-25T08:37:57.115252,bitmart,111.16,111.17,29820.0,39159.0
2025-07-25T08:37:57.184166,blofin,111.08,111.1,4.0,8.0
2025-07-25T08:37:57.655694,blofin,111.08,111.1,4.0,8.0
2025-07-25T08:37:58.044489,bitmart,111.15,111.16,4461.0,20497.0
2025-07-25T08:37:58.171200,blofin,111.08,111.1,60.0,4.0
2025-07-25T08:37:58.365658,bitmex,111.32,111.43,8.0,3.0
2025-07-25T08:37:58.376443,bitmex,111.33,111.43,3.0,3.0
2025-07-25T08:37:58.655106,blofin,111.08,111.1,60.0,4.0
2025-07-25T08:37:58.826827,bitmex,111.31,111.43,2.0,3.0
2025-07-25T08:37:58.932490,bitmex,111.32,111.43,8.0,3.0
2025-07-25T08:37:58.946640,bitmex,111.33,111.43,3.0,3.0
2025-07-25T08:37:59.139277,bitmex,111.31,111.43,2.0,3.0
2025-07-25T08:37:59.156371,bitmart,111.13,111.14,8035.0,35808.0
2025-07-25T08:37:59.194076,blofin,111.08,111.09,5.0,124.0
2025-07-25T08:37:59.413358,bitmex,111.32,111.43,8.0,3.0
2025-07-25T08:37:59.417926,bitmex,111.33,111.43,3.0,3.0
2025-07-25T08:37:59.564628,bitrue,111.14,111.19,47.426,38.55
2025-07-25T08:37:59.623867,bitmex,111.31,111.43,2.0,3.0
2025-07-25T08:37:59.658871,blofin,111.06,111.08,2.0,58.0
2025-07-25T08:37:59.902048,bitmex,111.32,111.43,8.0,3.0
2025-07-25T08:37:59.907492,bitmex,111.33,111.43,3.0,3.0
2025-07-25T08:38:00.103019,bitmart,111.13,111.14,9275.0,14644.0
2025-07-25T08:38:00.110364,bitmex,111.31,111.43,2.0,3.0
2025-07-25T08:38:00.191963,blofin,111.06,111.08,2.0,58.0
2025-07-25T08:38:00.377046,bitmex,111.32,111.43,8.0,3.0
2025-07-25T08:38:00.384218,bitmex,111.33,111.43,3.0,3.0
2025-07-25T08:38:00.587071,bitmex,111.31,111.43,2.0,3.0
2025-07-25T08:38:00.610938,bitrue,111.12,111.16,43.905,96.391
2025-07-25T08:38:00.652603,blofin,111.05,111.08,38.0,58.0
2025-07-25T08:38:00.862180,bitmex,111.32,111.43,8.0,3.0
2025-07-25T08:38:00.868837,bitmex,111.33,111.43,3.0,3.0
2025-07-25T08:38:01.076592,bitmex,111.31,111.43,2.0,3.0
2025-07-25T08:38:01.082971,bitmart,111.13,111.14,7144.0,44797.0
2025-07-25T08:38:01.188019,blofin,111.05,111.08,38.0,58.0
2025-07-25T08:38:01.355914,bitmex,111.31,111.43,10.0,3.0
2025-07-25T08:38:01.359475,bitmex,111.32,111.43,3.0,3.0
2025-07-25T08:38:01.666097,blofin,111.06,111.09,10.0,76.0
2025-07-25T08:38:02.062021,bitmart,111.13,111.14,7626.0,44797.0
2025-07-25T08:38:02.253401,blofin,111.06,111.08,7.0,108.0
2025-07-25T08:38:02.660446,blofin,111.06,111.08,7.0,108.0
2025-07-25T08:38:02.901080,bitmex,111.3,111.43,8.0,3.0
2025-07-25T08:38:02.908226,bitmex,111.31,111.43,3.0,3.0
2025-07-25T08:38:03.091990,bitmart,111.12,111.13,6645.0,35839.0
2025-07-25T08:38:03.219221,blofin,111.06,111.08,7.0,93.0
2025-07-25T08:38:03.376204,bitmex,111.31,111.43,11.0,3.0
2025-07-25T08:38:03.376211,bitmex,111.32,111.43,3.0,3.0
2025-07-25T08:38:03.660931,blofin,111.06,111.07,7.0,129.0
2025-07-25T08:38:04.117322,bitmart,111.12,111.13,6831.0,27211.0
2025-07-25T08:38:04.184705,blofin,111.06,111.07,7.0,129.0
2025-07-25T08:38:04.656227,blofin,111.06,111.07,7.0,99.0
2025-07-25T08:38:05.105674,bitmart,111.12,111.13,24860.0,14763.0
2025-07-25T08:38:05.179210,bitmex,111.32,111.39,3.0,215.0
2025-07-25T08:38:05.184442,bitmex,111.32,111.38,3.0,29.0
2025-07-25T08:38:05.184461,bitmex,111.32,111.38,3.0,32.0
2025-07-25T08:38:05.188194,bitmex,111.32,111.37,3.0,3.0
2025-07-25T08:38:05.203899,blofin,111.06,111.07,5.0,99.0
2025-07-25T08:38:05.652547,blofin,111.06,111.07,5.0,99.0
2025-07-25T08:38:06.109303,bitmart,111.12,111.13,1647.0,25275.0
2025-07-25T08:38:06.139528,bitmex,111.3,111.37,8.0,3.0
2025-07-25T08:38:06.144866,bitmex,111.31,111.37,3.0,3.0
2025-07-25T08:38:06.159869,blofin,111.04,111.07,36.0,57.0
2025-07-25T08:38:06.588014,bitmex,111.31,111.38,3.0,43.0
2025-07-25T08:38:06.610662,bitmex,111.31,111.39,3.0,215.0
2025-07-25T08:38:06.653643,blofin,111.04,111.08,1060.0,102.0
2025-07-25T08:38:06.760593,bitmex,111.31,111.38,3.0,3.0
2025-07-25T08:38:06.785949,bitmex,111.31,111.39,3.0,215.0
2025-07-25T08:38:06.868745,bitmex,111.32,111.39,8.0,215.0
2025-07-25T08:38:06.870377,bitmex,111.33,111.39,3.0,215.0
2025-07-25T08:38:07.088103,bitmex,111.33,111.38,3.0,3.0
2025-07-25T08:38:07.090772,bitmex,111.33,111.39,3.0,215.0
2025-07-25T08:38:07.099511,bitmart,111.14,111.15,56267.0,235.0
2025-07-25T08:38:07.179326,blofin,111.04,111.08,1060.0,102.0
2025-07-25T08:38:07.440919,bitmex,111.33,111.38,3.0,3.0
2025-07-25T08:38:07.456933,bitmex,111.33,111.39,3.0,215.0
2025-07-25T08:38:07.651276,blofin,111.07,111.08,28.0,1.0
2025-07-25T08:38:08.045726,bitmart,111.14,111.15,49782.0,3799.0
2025-07-25T08:38:08.093430,bitrue,111.12,111.17,43.905,36.164
2025-07-25T08:38:08.163928,blofin,111.07,111.08,28.0,1.0
2025-07-25T08:38:08.432860,bitmex,111.33,111.38,3.0,3.0
2025-07-25T08:38:08.444043,bitmex,111.33,111.39,3.0,215.0
2025-07-25T08:38:08.461169,bitmex,111.33,111.38,3.0,3.0
2025-07-25T08:38:08.541286,bitmex,111.33,111.39,3.0,215.0
2025-07-25T08:38:08.590115,bitmex,111.31,111.39,3.0,215.0
2025-07-25T08:38:08.650515,blofin,111.07,111.09,2.0,25.0
2025-07-25T08:38:08.777228,bitmex,111.31,111.38,3.0,3.0
2025-07-25T08:38:08.782500,bitmex,111.31,111.39,3.0,215.0
2025-07-25T08:38:08.858756,bitmex,111.33,111.39,8.0,215.0
2025-07-25T08:38:08.863528,bitmex,111.34,111.39,3.0,215.0
2025-07-25T08:38:09.073546,bitmex,111.31,111.39,3.0,215.0
2025-07-25T08:38:09.087510,bitmart,111.14,111.15,49782.0,22311.0
2025-07-25T08:38:09.114400,bitmex,111.33,111.39,8.0,215.0
2025-07-25T08:38:09.120433,bitmex,111.34,111.39,3.0,215.0
2025-07-25T08:38:09.198010,blofin,111.07,111.09,2.0,25.0
2025-07-25T08:38:09.256706,bitmex,111.34,111.43,3.0,3.0
2025-07-25T08:38:09.279370,bitmex,111.34,111.46,3.0,3.0
2025-07-25T08:38:09.322307,bitmex,111.31,111.46,3.0,3.0
2025-07-25T08:38:09.394528,bitmex,111.34,111.46,8.0,3.0
2025-07-25T08:38:09.471385,bitmex,111.35,111.46,3.0,3.0
2025-07-25T08:38:09.475282,bitmex,111.35,111.44,3.0,215.0
2025-07-25T08:38:09.480366,bitmex,111.35,111.43,3.0,65.0
2025-07-25T08:38:09.480377,bitmex,111.35,111.43,3.0,68.0
2025-07-25T08:38:09.485698,bitmex,111.35,111.42,3.0,3.0
2025-07-25T08:38:09.629243,bitmex,111.31,111.42,3.0,3.0
2025-07-25T08:38:09.665837,blofin,111.07,111.09,16.0,45.0
2025-07-25T08:38:09.687960,bitmex,111.34,111.42,8.0,3.0
2025-07-25T08:38:09.695308,bitmex,111.35,111.42,3.0,3.0
2025-07-25T08:38:09.901027,bitmex,111.31,111.42,3.0,3.0
2025-07-25T08:38:10.059971,bitmart,111.16,111.17,56704.0,12814.0
2025-07-25T08:38:10.173760,bitmex,111.34,111.42,8.0,3.0
2025-07-25T08:38:10.183267,bitmex,111.35,111.42,3.0,3.0
2025-07-25T08:38:10.190178,bitrue,111.15,111.19,109.974,38.55
2025-07-25T08:38:10.218073,blofin,111.07,111.09,16.0,45.0
2025-07-25T08:38:10.384733,bitmex,111.31,111.42,3.0,3.0
2025-07-25T08:38:10.654753,blofin,111.07,111.1,168.0,14.0
2025-07-25T08:38:10.661980,bitmex,111.34,111.42,8.0,3.0
2025-07-25T08:38:10.667215,bitmex,111.35,111.42,3.0,3.0
2025-07-25T08:38:10.886583,bitmex,111.31,111.42,3.0,3.0
2025-07-25T08:38:11.039361,bitmart,111.16,111.17,56704.0,12814.0
2025-07-25T08:38:11.162200,bitmex,111.34,111.42,8.0,3.0
2025-07-25T08:38:11.165963,bitmex,111.35,111.42,3.0,3.0
2025-07-25T08:38:11.183686,blofin,111.07,111.1,168.0,14.0
2025-07-25T08:38:11.235409,bitrue,111.15,111.19,109.974,38.55
2025-07-25T08:38:11.370764,bitmex,111.31,111.42,3.0,3.0
2025-07-25T08:38:11.644083,bitmex,111.34,111.42,8.0,3.0
2025-07-25T08:38:11.650042,bitmex,111.35,111.42,3.0,3.0
2025-07-25T08:38:11.650537,blofin,111.08,111.1,104.0,94.0
2025-07-25T08:38:11.863347,bitmex,111.31,111.42,3.0,3.0
2025-07-25T08:38:12.107523,bitmart,111.16,111.17,48960.0,11053.0
2025-07-25T08:38:12.124214,bitmex,111.34,111.42,8.0,3.0
2025-07-25T08:38:12.131004,bitmex,111.35,111.42,3.0,3.0
2025-07-25T08:38:12.216446,blofin,111.08,111.1,131.0,93.0
2025-07-25T08:38:12.336171,bitmex,111.31,111.42,3.0,3.0
2025-07-25T08:38:12.372590,bitmex,111.34,111.42,8.0,3.0
2025-07-25T08:38:12.373294,bitmex,111.35,111.42,3.0,3.0
2025-07-25T08:38:12.577363,bitmex,111.31,111.42,3.0,3.0
2025-07-25T08:38:12.648195,blofin,111.08,111.1,131.0,93.0
2025-07-25T08:38:12.854359,bitmex,111.34,111.42,8.0,3.0
2025-07-25T08:38:12.854379,bitmex,111.35,111.42,3.0,3.0
2025-07-25T08:38:13.067555,bitmart,111.16,111.17,22809.0,34550.0
2025-07-25T08:38:13.075897,bitmex,111.31,111.42,3.0,3.0
2025-07-25T08:38:13.208998,blofin,111.07,111.1,87.0,93.0
2025-07-25T08:38:13.327896,bitmex,111.34,111.42,8.0,3.0
2025-07-25T08:38:13.332995,bitmex,111.35,111.42,3.0,3.0
2025-07-25T08:38:13.542239,bitmex,111.31,111.42,3.0,3.0
2025-07-25T08:38:13.653826,blofin,111.07,111.1,85.0,93.0
2025-07-25T08:38:13.828446,bitmex,111.34,111.42,8.0,3.0
2025-07-25T08:38:13.832816,bitmex,111.35,111.42,3.0,3.0
2025-07-25T08:38:14.111362,bitmart,111.16,111.18,70634.0,328.0
2025-07-25T08:38:14.232322,blofin,111.07,111.1,85.0,93.0
2025-07-25T08:38:14.332336,bitmex,111.35,111.44,3.0,215.0
2025-07-25T08:38:14.334643,bitmex,111.35,111.43,3.0,3.0
2025-07-25T08:38:14.377855,bitrue,111.18,111.21,125.122,25.798
2025-07-25T08:38:14.667433,blofin,111.07,111.1,73.0,72.0
2025-07-25T08:38:14.668752,bitmex,111.35,111.44,3.0,215.0
2025-07-25T08:38:14.857358,bitmex,111.35,111.43,3.0,3.0
2025-07-25T08:38:15.021434,bitmart,111.2,111.21,66706.0,8718.0
2025-07-25T08:38:15.174960,blofin,111.11,111.12,56.0,9.0
2025-07-25T08:38:15.336925,bitmex,111.35,111.44,3.0,215.0
2025-07-25T08:38:15.361854,bitmex,111.35,111.43,3.0,3.0
2025-07-25T08:38:15.426116,bitrue,111.18,111.22,116.974,28.118
2025-07-25T08:38:15.650714,blofin,111.11,111.12,56.0,9.0
2025-07-25T08:38:16.083996,bitmart,111.17,111.21,221346.0,40046.0
2025-07-25T08:38:16.204869,blofin,111.11,111.14,130.0,73.0
2025-07-25T08:38:16.244965,bitmex,111.35,111.43,3.0,68.0
2025-07-25T08:38:16.250387,bitmex,111.35,111.42,3.0,2.0
2025-07-25T08:38:16.651925,blofin,111.11,111.14,99.0,27.0
2025-07-25T08:38:17.062994,bitmex,111.31,111.42,3.0,2.0
2025-07-25T08:38:17.120006,bitmart,111.16,111.17,7419.0,45102.0
2025-07-25T08:38:17.162224,blofin,111.11,111.14,99.0,27.0
2025-07-25T08:38:17.331268,bitmex,111.34,111.42,8.0,2.0
2025-07-25T08:38:17.352776,bitmex,111.35,111.42,2.0,2.0
2025-07-25T08:38:17.522693,bitrue,111.15,111.19,28.64,94.049
2025-07-25T08:38:17.541152,bitmex,111.31,111.42,3.0,2.0
2025-07-25T08:38:17.650162,blofin,111.09,111.12,3.0,113.0
2025-07-25T08:38:17.815339,bitmex,111.34,111.42,8.0,2.0
2025-07-25T08:38:17.819872,bitmex,111.35,111.42,2.0,2.0
2025-07-25T08:38:18.091837,bitmart,111.16,111.18,251196.0,4763.0
2025-07-25T08:38:18.189038,blofin,111.09,111.11,3.0,136.0
2025-07-25T08:38:18.569633,bitrue,111.15,111.19,28.64,94.049
2025-07-25T08:38:18.649266,blofin,111.09,111.11,3.0,136.0
2025-07-25T08:38:18.659490,bitmex,111.35,111.46,2.0,3.0
2025-07-25T08:38:18.773769,bitmex,111.35,111.45,2.0,215.0
2025-07-25T08:38:18.778187,bitmex,111.35,111.44,2.0,2.0
2025-07-25T08:38:19.034504,bitmex,111.35,111.44,2.0,29.0
2025-07-25T08:38:19.039072,bitmex,111.35,111.43,2.0,2.0
2025-07-25T08:38:19.118261,bitmart,111.16,111.18,8433.0,58105.0
2025-07-25T08:38:19.233269,blofin,111.09,111.14,71.0,497.24
2025-07-25T08:38:19.615970,bitrue,111.18,111.22,87.506,31.449
2025-07-25T08:38:19.651628,blofin,111.1,111.13,16.0,172.0
2025-07-25T08:38:20.111048,bitmart,111.18,111.19,31060.0,101.0
2025-07-25T08:38:20.223280,blofin,111.1,111.13,16.0,172.0
2025-07-25T08:38:20.355768,bitmex,111.35,111.45,2.0,215.0
2025-07-25T08:38:20.364051,bitmex,111.35,111.44,2.0,2.0
2025-07-25T08:38:20.539328,bitmex,111.35,111.46,2.0,3.0
2025-07-25T08:38:20.609943,bitmex,111.35,111.46,6.0,3.0
2025-07-25T08:38:20.613510,bitmex,111.35,111.46,4.0,3.0
2025-07-25T08:38:20.613521,bitmex,111.36,111.46,2.0,3.0
2025-07-25T08:38:20.649126,bitmex,111.36,111.46,2.0,217.0
2025-07-25T08:38:20.654117,blofin,111.11,111.14,31.0,4.0
2025-07-25T08:38:20.654682,bitmex,111.36,111.45,2.0,2.0
2025-07-25T08:38:20.662342,bitrue,111.18,111.22,72.81,31.449
2025-07-25T08:38:20.868351,bitmex,111.42,111.45,8.0,2.0
2025-07-25T08:38:20.881778,bitmex,111.42,111.46,8.0,214.0
2025-07-25T08:38:20.892983,bitmex,111.42,111.51,8.0,5.0
2025-07-25T08:38:20.892994,bitmex,111.43,111.51,2.0,5.0
2025-07-25T08:38:20.907021,bitmex,111.43,111.5,2.0,2.0
2025-07-25T08:38:21.059028,bitmex,111.43,111.5,10.0,2.0
2025-07-25T08:38:21.064354,bitmex,111.44,111.5,2.0,2.0
2025-07-25T08:38:21.067989,bitmart,111.21,111.24,115331.0,2608.0
2025-07-25T08:38:21.192516,blofin,111.12,111.14,46.0,4.0
2025-07-25T08:38:21.294038,bitmex,111.44,111.56,2.0,3.0
2025-07-25T08:38:21.357117,bitmex,111.44,111.58,2.0,2.0
2025-07-25T08:38:21.369958,bitmex,111.45,111.58,8.0,2.0
2025-07-25T08:38:21.375451,bitmex,111.46,111.58,2.0,2.0
2025-07-25T08:38:21.433739,bitmex,111.46,111.54,2.0,214.0
2025-07-25T08:38:21.439022,bitmex,111.46,111.53,2.0,2.0
2025-07-25T08:38:21.439034,bitmex,111.46,111.53,2.0,66.0
2025-07-25T08:38:21.443711,bitmex,111.46,111.52,2.0,2.0
2025-07-25T08:38:21.627331,bitmex,111.46,111.54,2.0,214.0
2025-07-25T08:38:21.632594,bitmex,111.46,111.53,2.0,2.0
2025-07-25T08:38:21.652621,blofin,111.19,111.2,63.0,14.0
2025-07-25T08:38:21.708311,bitrue,111.24,111.27,97.833,36.768
2025-07-25T08:38:22.015778,bitmex,111.46,111.54,2.0,214.0
2025-07-25T08:38:22.050085,bitmart,111.28,111.3,74696.0,130710.0
2025-07-25T08:38:22.057208,bitmex,111.46,111.53,2.0,2.0
2025-07-25T08:38:22.155315,blofin,111.24,111.27,28.0,48.0
2025-07-25T08:38:22.652957,blofin,111.24,111.27,28.0,48.0
2025-07-25T08:38:22.750645,bitrue,111.26,111.3,124.562,37.049
2025-07-25T08:38:23.108414,bitmart,111.29,111.3,62702.0,130710.0
2025-07-25T08:38:23.170479,blofin,111.23,111.26,8.0,35.0
2025-07-25T08:38:23.673405,blofin,111.23,111.26,2.0,43.0
2025-07-25T08:38:23.784070,bitmex,111.46,111.53,2.0,66.0
2025-07-25T08:38:23.788742,bitmex,111.46,111.52,2.0,2.0
2025-07-25T08:38:23.797082,bitrue,111.26,111.32,124.562,31.367
2025-07-25T08:38:23.967930,bitmex,111.45,111.52,8.0,2.0
2025-07-25T08:38:23.971124,bitmex,111.46,111.52,2.0,2.0
2025-07-25T08:38:23.975131,bitmex,111.45,111.52,8.0,2.0
2025-07-25T08:38:23.982324,bitmex,111.46,111.52,2.0,2.0
2025-07-25T08:38:24.046436,bitmart,111.25,111.3,287587.0,70776.0
2025-07-25T08:38:24.165347,blofin,111.23,111.26,2.0,43.0
2025-07-25T08:38:24.648917,blofin,111.2,111.23,6.0,25.0
2025-07-25T08:38:24.844268,bitrue,111.26,111.29,124.562,92.313
2025-07-25T08:38:25.145203,bitmart,111.26,111.27,28366.0,6001.0
2025-07-25T08:38:25.150767,bitmex,111.45,111.52,8.0,2.0
2025-07-25T08:38:25.210110,bitmex,111.46,111.52,2.0,2.0
2025-07-25T08:38:25.230319,blofin,111.2,111.23,6.0,25.0
2025-07-25T08:38:25.645345,blofin,111.2,111.22,18.0,21.0
2025-07-25T08:38:25.890335,bitrue,111.26,111.29,124.562,92.313
2025-07-25T08:38:26.057313,bitmart,111.26,111.27,25363.0,4637.0
2025-07-25T08:38:26.202161,blofin,111.2,111.22,21.0,24.0
2025-07-25T08:38:26.656519,blofin,111.2,111.22,21.0,24.0
2025-07-25T08:38:27.049730,bitmart,111.26,111.27,25363.0,4637.0
2025-07-25T08:38:27.177395,blofin,111.2,111.22,5.0,27.0
2025-07-25T08:38:27.517133,bitmex,111.45,111.52,8.0,2.0
2025-07-25T08:38:27.562395,bitmex,111.46,111.52,3.0,2.0
2025-07-25T08:38:27.585113,bitmex,111.45,111.52,8.0,2.0
2025-07-25T08:38:27.650247,blofin,111.2,111.22,46.0,22.0
2025-07-25T08:38:27.770444,bitmex,111.46,111.52,3.0,2.0
2025-07-25T08:38:27.774938,bitmex,111.45,111.52,8.0,2.0
2025-07-25T08:38:27.864215,bitmex,111.46,111.52,3.0,2.0
2025-07-25T08:38:28.111018,bitmart,111.26,111.27,10817.0,28114.0
2025-07-25T08:38:28.159464,blofin,111.2,111.21,5.0,2007.6
2025-07-25T08:38:28.343960,bitmex,111.46,111.52,11.0,2.0
2025-07-25T08:38:28.361602,bitmex,111.47,111.52,3.0,2.0
2025-07-25T08:38:28.647977,blofin,111.2,111.21,5.0,2007.6
2025-07-25T08:38:29.063153,bitmart,111.26,111.27,31065.0,1847.0
2025-07-25T08:38:29.179147,blofin,111.2,111.21,5.0,1956.6
2025-07-25T08:38:29.593434,bitmex,111.47,111.52,11.0,2.0
2025-07-25T08:38:29.598526,bitmex,111.48,111.52,3.0,2.0
2025-07-25T08:38:29.654117,blofin,111.2,111.21,582.0,1953.6
2025-07-25T08:38:29.786664,bitmex,111.47,111.52,8.0,2.0
2025-07-25T08:38:29.798843,bitmex,111.45,111.52,8.0,2.0
2025-07-25T08:38:29.806997,bitmex,111.46,111.52,3.0,2.0
2025-07-25T08:38:29.827459,bitmex,111.47,111.52,8.0,2.0
2025-07-25T08:38:29.837402,bitmex,111.48,111.52,3.0,2.0
2025-07-25T08:38:29.843540,bitmex,111.47,111.52,8.0,2.0
2025-07-25T08:38:29.851749,bitmex,111.48,111.52,3.0,2.0
2025-07-25T08:38:30.038028,bitmex,111.46,111.52,3.0,2.0
2025-07-25T08:38:30.060757,bitmart,111.27,111.28,78790.0,8710.0
2025-07-25T08:38:30.185656,blofin,111.2,111.21,582.0,1953.6
2025-07-25T08:38:30.314755,bitmex,111.47,111.52,8.0,2.0
2025-07-25T08:38:30.415962,bitmex,111.48,111.52,3.0,2.0
2025-07-25T08:38:30.420075,bitmex,111.47,111.52,8.0,2.0
2025-07-25T08:38:30.460613,bitmex,111.48,111.52,3.0,2.0
2025-07-25T08:38:30.550397,bitmex,111.46,111.52,3.0,2.0
2025-07-25T08:38:30.652047,blofin,111.2,111.21,582.0,1953.6
2025-07-25T08:38:30.800126,bitmex,111.47,111.52,8.0,2.0
2025-07-25T08:38:30.862285,bitmex,111.48,111.52,3.0,2.0
2025-07-25T08:38:30.875640,bitmex,111.47,111.52,8.0,2.0
2025-07-25T08:38:31.103376,bitmart,111.27,111.28,3648.0,32663.0
2025-07-25T08:38:31.213500,blofin,111.2,111.21,52.0,1953.6
2025-07-25T08:38:31.268231,bitmex,111.46,111.52,3.0,2.0
2025-07-25T08:38:31.295410,bitmex,111.46,111.52,11.0,2.0
2025-07-25T08:38:31.301468,bitmex,111.47,111.52,3.0,2.0
2025-07-25T08:38:31.653600,blofin,111.2,111.21,1017.0,1953.6
2025-07-25T08:38:31.781095,bitmex,111.47,111.52,11.0,2.0
2025-07-25T08:38:31.786420,bitmex,111.48,111.52,3.0,2.0
2025-07-25T08:38:31.792013,bitmex,111.48,111.54,3.0,214.0
2025-07-25T08:38:31.798995,bitmex,111.48,111.53,3.0,3.0
2025-07-25T08:38:31.858300,bitmex,111.48,111.54,3.0,214.0
2025-07-25T08:38:31.884586,bitmex,111.48,111.53,3.0,3.0
2025-07-25T08:38:32.011881,bitmex,111.48,111.54,3.0,214.0
2025-07-25T08:38:32.020003,bitmex,111.48,111.53,3.0,3.0
2025-07-25T08:38:32.036717,bitmex,111.48,111.54,3.0,214.0
2025-07-25T08:38:32.107588,bitmart,111.27,111.29,104670.0,177.0
2025-07-25T08:38:32.213155,blofin,111.2,111.21,9.0,1953.6
2025-07-25T08:38:32.385921,bitmex,111.48,111.53,3.0,3.0
2025-07-25T08:38:32.390526,bitmex,111.48,111.54,3.0,214.0
2025-07-25T08:38:32.396699,bitmex,111.48,111.6,3.0,4.0
2025-07-25T08:38:32.400210,bitmex,111.48,111.53,3.0,3.0
2025-07-25T08:38:32.402586,bitmex,111.48,111.6,3.0,4.0
2025-07-25T08:38:32.402775,bitmex,111.48,111.57,3.0,213.0
2025-07-25T08:38:32.406548,bitmex,111.48,111.56,3.0,64.0
2025-07-25T08:38:32.406558,bitmex,111.48,111.56,3.0,67.0
2025-07-25T08:38:32.411730,bitmex,111.48,111.55,3.0,3.0
2025-07-25T08:38:32.648894,blofin,111.2,111.21,9.0,1953.6
2025-07-25T08:38:33.077081,bitmart,111.29,111.3,55273.0,70776.0
2025-07-25T08:38:33.192455,blofin,111.2,111.21,9.0,1953.6
2025-07-25T08:38:33.213995,bitrue,111.26,111.32,124.562,31.367
2025-07-25T08:38:33.662176,blofin,111.2,111.21,9.0,1953.6
2025-07-25T08:38:34.092166,bitmart,111.29,111.3,131496.0,139900.0
2025-07-25T08:38:34.187549,bitmex,111.48,111.6,3.0,2.0
2025-07-25T08:38:34.211161,blofin,111.2,111.21,5.0,1953.6
2025-07-25T08:38:34.406206,bitmex,111.48,111.59,3.0,213.0
2025-07-25T08:38:34.409450,bitmex,111.48,111.58,3.0,3.0
2025-07-25T08:38:34.655501,blofin,111.2,111.21,5.0,1953.6
2025-07-25T08:38:35.060826,bitmart,111.33,111.35,89876.0,6017.0
2025-07-25T08:38:35.191621,blofin,111.19,111.2,201.0,1953.6
2025-07-25T08:38:35.311630,bitrue,111.32,111.36,115.921,28.965
2025-07-25T08:38:35.435021,bitmex,111.48,111.58,7.0,3.0
2025-07-25T08:38:35.437249,bitmex,111.49,111.58,3.0,3.0
2025-07-25T08:38:35.443282,bitmex,111.49,111.58,7.0,3.0
2025-07-25T08:38:35.447403,bitmex,111.5,111.58,3.0,3.0
2025-07-25T08:38:35.466635,bitmex,111.5,111.59,3.0,213.0
2025-07-25T08:38:35.482691,bitmex,111.5,111.62,3.0,3.0
2025-07-25T08:38:35.488218,bitmex,111.5,111.62,3.0,216.0
2025-07-25T08:38:35.537966,bitmex,111.5,111.61,3.0,65.0
2025-07-25T08:38:35.537981,bitmex,111.5,111.61,3.0,68.0
2025-07-25T08:38:35.537987,bitmex,111.5,111.6,3.0,3.0
2025-07-25T08:38:35.649710,blofin,111.26,111.27,239.0,168.0
2025-07-25T08:38:36.109595,bitmart,111.35,111.37,79436.0,7945.0
2025-07-25T08:38:36.234961,blofin,111.26,111.27,239.0,168.0
2025-07-25T08:38:36.359194,bitrue,111.34,111.38,109.088,23.569
2025-07-25T08:38:36.653504,blofin,111.29,111.3,1.0,143.0
2025-07-25T08:38:37.057029,bitmart,111.35,111.36,39680.0,35619.0
2025-07-25T08:38:37.231145,blofin,111.28,111.3,94.0,144.0
2025-07-25T08:38:37.345028,bitmex,111.5,111.62,3.0,213.0
2025-07-25T08:38:37.347389,bitmex,111.5,111.61,3.0,2.0
2025-07-25T08:38:37.565097,bitmex,111.5,111.62,3.0,213.0
2025-07-25T08:38:37.589129,bitmex,111.5,111.64,3.0,2.0
2025-07-25T08:38:37.652508,blofin,111.28,111.3,94.0,144.0
2025-07-25T08:38:37.704051,bitmex,111.5,111.64,3.0,52.0
2025-07-25T08:38:37.704065,bitmex,111.5,111.63,3.0,2.0
2025-07-25T08:38:38.088254,bitmart,111.38,111.39,46991.0,47389.0
2025-07-25T08:38:38.164894,blofin,111.29,111.3,241.0,143.0
2025-07-25T08:38:38.399623,bitmex,111.5,111.63,7.0,2.0
2025-07-25T08:38:38.412219,bitmex,111.51,111.63,2.0,2.0
2025-07-25T08:38:38.412234,bitmex,111.51,111.63,6.0,2.0
2025-07-25T08:38:38.417509,bitmex,111.52,111.63,2.0,2.0
2025-07-25T08:38:38.453207,bitrue,111.34,111.39,109.088,31.143
2025-07-25T08:38:38.632520,bitmex,111.59,111.63,8.0,2.0
2025-07-25T08:38:38.662006,blofin,111.3,111.33,91.0,12.0
2025-07-25T08:38:39.053088,bitmart,111.38,111.39,46991.0,4984.0
2025-07-25T08:38:39.175323,blofin,111.31,111.33,81.0,5.0
2025-07-25T08:38:39.652709,blofin,111.31,111.33,81.0,5.0
2025-07-25T08:38:40.046665,bitmart,111.39,111.41,28039.0,119102.0
2025-07-25T08:38:40.190168,blofin,111.31,111.33,81.0,5.0
2025-07-25T08:38:40.546219,bitrue,111.38,111.41,123.818,25.149
2025-07-25T08:38:40.649198,blofin,111.31,111.33,10.0,5.0
2025-07-25T08:38:41.056577,bitmart,111.38,111.39,97806.0,2171.0
2025-07-25T08:38:41.094248,bitmex,111.6,111.63,8.0,2.0
2025-07-25T08:38:41.211098,blofin,111.31,111.33,10.0,5.0
2025-07-25T08:38:41.593004,bitrue,111.37,111.43,60.963,93.69
2025-07-25T08:38:41.621562,bitmex,111.6,111.63,16.0,2.0
2025-07-25T08:38:41.658670,blofin,111.33,111.36,88.0,4.0
2025-07-25T08:38:42.050757,bitmart,111.38,111.4,238005.0,23004.0
2025-07-25T08:38:42.197585,blofin,111.33,111.35,4.0,30.0
2025-07-25T08:38:42.235092,bitmex,111.52,111.63,2.0,2.0
2025-07-25T08:38:42.638244,bitrue,111.37,111.4,60.963,95.829
2025-07-25T08:38:42.662421,blofin,111.32,111.33,5.0,89.0
2025-07-25T08:38:42.757214,bitmex,111.57,111.63,8.0,2.0
2025-07-25T08:38:43.100986,bitmart,111.36,111.37,61979.0,2027.0
2025-07-25T08:38:43.205009,blofin,111.32,111.33,5.0,89.0
2025-07-25T08:38:43.231974,bitmex,111.57,111.63,16.0,2.0
2025-07-25T08:38:44.247307,bitmex,111.58,111.63,2.0,2.0
2025-07-25T08:38:44.247317,bitmex,111.57,111.63,16.0,2.0
2025-07-25T08:38:44.247493,bitmex,111.58,111.63,2.0,2.0
2025-07-25T08:38:44.248077,bitmart,111.37,111.39,82009.0,150678.0
2025-07-25T08:38:44.248123,blofin,111.3,111.33,30.0,16.0
2025-07-25T08:38:44.248171,blofin,111.31,111.33,103.0,5.0
2025-07-25T08:38:44.248187,bitrue,111.36,111.4,41.204,95.829
2025-07-25T08:38:44.251455,bitmex,111.58,111.63,10.0,2.0
2025-07-25T08:38:44.386609,bitmex,111.58,111.63,8.0,2.0
2025-07-25T08:38:44.387833,bitmex,111.59,111.63,2.0,2.0
2025-07-25T08:38:44.650953,blofin,111.31,111.33,103.0,5.0
2025-07-25T08:38:44.659303,bitmex,111.58,111.63,8.0,2.0
2025-07-25T08:38:44.759625,bitmex,111.59,111.63,2.0,2.0
2025-07-25T08:38:45.117550,bitmart,111.39,111.4,102359.0,355.0
2025-07-25T08:38:45.208339,bitmex,111.59,111.65,2.0,214.0
2025-07-25T08:38:45.213002,bitmex,111.59,111.64,2.0,2.0
2025-07-25T08:38:45.242664,blofin,111.3,111.33,268.0,5.0
2025-07-25T08:38:45.428458,bitmex,111.59,111.65,2.0,214.0
2025-07-25T08:38:45.612580,bitmex,111.59,111.65,2.0,1.0
2025-07-25T08:38:45.653937,blofin,111.33,111.34,134.0,1.0
2025-07-25T08:38:45.781431,bitrue,111.39,111.43,111.996,93.69
2025-07-25T08:38:46.092011,bitmart,111.42,111.43,20863.0,10307.0
2025-07-25T08:38:46.214216,blofin,111.33,111.34,134.0,1.0
2025-07-25T08:38:46.653417,blofin,111.35,111.37,260.0,249.0
2025-07-25T08:38:46.832517,bitrue,111.39,111.44,111.996,31.086
2025-07-25T08:38:47.109479,bitmart,111.42,111.45,52436.0,9476.0
2025-07-25T08:38:47.203199,blofin,111.36,111.37,130.0,249.0
2025-07-25T08:38:47.661731,blofin,111.36,111.38,130.0,5.0
2025-07-25T08:38:47.876483,bitrue,111.43,111.46,111.301,74.723
2025-07-25T08:38:48.056548,bitmart,111.43,111.44,39296.0,422.0
2025-07-25T08:38:48.206592,blofin,111.36,111.38,130.0,5.0
2025-07-25T08:38:48.648237,blofin,111.36,111.39,91.0,10.0
2025-07-25T08:38:48.916685,bitmex,111.59,111.65,2.0,3.0
2025-07-25T08:38:48.916697,bitmex,111.59,111.65,2.0,1.0
2025-07-25T08:38:48.917569,bitrue,111.43,111.46,111.301,74.723
2025-07-25T08:38:49.099700,bitmart,111.43,111.45,46286.0,3671.0
2025-07-25T08:38:49.205818,blofin,111.36,111.39,91.0,9.0
2025-07-25T08:38:49.401171,bitmex,111.59,111.65,2.0,3.0
2025-07-25T08:38:49.401184,bitmex,111.59,111.65,2.0,1.0
2025-07-25T08:38:49.566967,bitmex,111.59,111.65,2.0,3.0
2025-07-25T08:38:49.654933,blofin,111.37,111.38,2.0,56.0
2025-07-25T08:38:49.949877,bitmex,111.59,111.65,2.0,1.0
2025-07-25T08:38:50.087937,bitmart,111.42,111.43,29019.0,3245.0
2025-07-25T08:38:50.209949,blofin,111.37,111.38,2.0,56.0
2025-07-25T08:38:50.649114,blofin,111.37,111.39,10.0,2.0
2025-07-25T08:38:51.100867,bitmart,111.42,111.43,29019.0,3245.0
2025-07-25T08:38:51.177439,blofin,111.37,111.4,10.0,51.0
2025-07-25T08:38:51.653235,blofin,111.37,111.4,10.0,51.0
2025-07-25T08:38:52.050084,bitmart,111.43,111.44,80640.0,166.0
2025-07-25T08:38:52.193742,blofin,111.37,111.39,10.0,51.0
2025-07-25T08:38:52.543995,bitmex,111.59,111.7,2.0,66.0
2025-07-25T08:38:52.551495,bitmex,111.59,111.7,2.0,2.0
2025-07-25T08:38:52.551505,bitmex,111.59,111.69,2.0,2.0
2025-07-25T08:38:52.573225,bitmex,111.59,111.71,2.0,212.0
2025-07-25T08:38:52.573243,bitmex,111.59,111.7,2.0,2.0
2025-07-25T08:38:52.652692,blofin,111.37,111.39,10.0,51.0
2025-07-25T08:38:53.110316,bitrue,111.43,111.47,111.301,31.756
2025-07-25T08:38:53.119070,bitmart,111.44,111.46,4019.0,29332.0
2025-07-25T08:38:53.204207,blofin,111.37,111.39,1.0,20.0
2025-07-25T08:38:53.542049,bitmex,111.59,111.74,2.0,2.0
2025-07-25T08:38:53.634335,bitmex,111.59,111.73,2.0,212.0
2025-07-25T08:38:53.639535,bitmex,111.59,111.72,2.0,2.0
2025-07-25T08:38:53.640403,bitmex,111.59,111.72,2.0,66.0
2025-07-25T08:38:53.645354,bitmex,111.59,111.71,2.0,2.0
2025-07-25T08:38:53.652755,blofin,111.39,111.41,69.0,8.0
2025-07-25T08:38:54.116203,bitmart,111.45,111.46,61666.0,29332.0
2025-07-25T08:38:54.155014,bitrue,111.43,111.49,111.301,20.324
2025-07-25T08:38:54.164186,blofin,111.39,111.41,69.0,8.0
2025-07-25T08:38:54.221750,bitmex,111.59,111.71,6.0,2.0
2025-07-25T08:38:54.227058,bitmex,111.6,111.71,2.0,2.0
2025-07-25T08:38:54.233408,bitmex,111.6,111.71,6.0,2.0
2025-07-25T08:38:54.238051,bitmex,111.61,111.71,2.0,2.0
2025-07-25T08:38:54.664172,blofin,111.38,111.41,103.0,41.0
2025-07-25T08:38:55.131050,bitmart,111.45,111.46,69352.0,1221.0
2025-07-25T08:38:55.182075,blofin,111.38,111.41,105.0,41.0
2025-07-25T08:38:55.664677,blofin,111.38,111.41,105.0,41.0
2025-07-25T08:38:56.088464,bitmart,111.45,111.46,69352.0,1221.0
2025-07-25T08:38:56.185721,blofin,111.39,111.42,80.0,207.0
2025-07-25T08:38:56.245407,bitrue,111.46,111.49,99.348,20.324
2025-07-25T08:38:56.651945,blofin,111.39,111.42,80.0,207.0
2025-07-25T08:38:57.111845,bitmart,111.43,111.46,210150.0,31622.0
2025-07-25T08:38:57.214528,blofin,111.39,111.41,8.0,7.0
2025-07-25T08:38:57.660217,blofin,111.39,111.41,8.0,7.0
2025-07-25T08:38:58.047666,bitmart,111.43,111.44,79250.0,72.0
2025-07-25T08:38:58.171550,blofin,111.36,111.37,5.0,67.0
2025-07-25T08:38:58.342516,bitrue,111.42,111.46,41.731,106.767
2025-07-25T08:38:58.687751,blofin,111.36,111.39,63.0,1.0
2025-07-25T08:38:59.139843,bitmart,111.43,111.44,5447.0,61089.0
2025-07-25T08:38:59.165596,bitmex,111.61,111.71,2.0,6.0
2025-07-25T08:38:59.170846,bitmex,111.61,111.7,2.0,2.0
2025-07-25T08:38:59.175090,blofin,111.36,111.39,63.0,1.0
2025-07-25T08:38:59.175623,bitmex,111.61,111.7,2.0,6.0
2025-07-25T08:38:59.181289,bitmex,111.61,111.7,2.0,4.0
2025-07-25T08:38:59.181300,bitmex,111.61,111.69,2.0,2.0
2025-07-25T08:38:59.684572,blofin,111.36,111.39,63.0,2.0
2025-07-25T08:39:00.113871,bitmex,111.61,111.7,2.0,4.0
2025-07-25T08:39:00.117945,bitmex,111.61,111.7,2.0,6.0
2025-07-25T08:39:00.126460,bitmex,111.61,111.69,2.0,2.0
2025-07-25T08:39:00.144149,bitmart,111.44,111.46,87665.0,110569.0
2025-07-25T08:39:00.293146,blofin,111.36,111.39,106.0,4.0
2025-07-25T08:39:00.652915,blofin,111.37,111.4,103.0,2.0
2025-07-25T08:39:01.067490,bitmex,111.59,111.69,4.0,2.0
2025-07-25T08:39:01.079648,bitmex,111.6,111.69,2.0,2.0
2025-07-25T08:39:01.099956,bitmart,111.41,111.43,69554.0,35477.0
2025-07-25T08:39:01.182219,blofin,111.37,111.4,103.0,2.0
2025-07-25T08:39:01.481994,bitrue,111.42,111.47,41.731,38.573
2025-07-25T08:39:01.641599,blofin,111.36,111.38,21.0,47.0
2025-07-25T08:39:02.104715,bitmart,111.41,111.42,26077.0,46687.0
2025-07-25T08:39:02.131656,bitmex,111.6,111.69,2.0,6.0
2025-07-25T08:39:02.138400,bitmex,111.6,111.69,2.0,4.0
2025-07-25T08:39:02.139518,bitmex,111.6,111.68,2.0,2.0
2025-07-25T08:39:02.219331,blofin,111.36,111.38,7.0,5.0
2025-07-25T08:39:02.366429,bitmex,111.6,111.67,2.0,211.0
2025-07-25T08:39:02.370943,bitmex,111.6,111.66,2.0,63.0
2025-07-25T08:39:02.371649,bitmex,111.6,111.66,2.0,65.0
2025-07-25T08:39:02.377962,bitmex,111.6,111.65,2.0,2.0
2025-07-25T08:39:02.527246,bitrue,111.41,111.44,52.207,61.503
2025-07-25T08:39:02.597585,bitmex,111.59,111.65,4.0,2.0
2025-07-25T08:39:02.599480,bitmex,111.59,111.65,6.0,2.0
2025-07-25T08:39:02.614105,bitmex,111.6,111.65,2.0,2.0
2025-07-25T08:39:02.665665,blofin,111.36,111.38,7.0,5.0
2025-07-25T08:39:02.677450,bitmex,111.59,111.65,4.0,2.0
2025-07-25T08:39:02.686167,bitmex,111.58,111.65,12.0,2.0
2025-07-25T08:39:02.706457,bitmex,111.59,111.65,2.0,2.0
2025-07-25T08:39:02.709062,bitmex,111.58,111.65,12.0,2.0
2025-07-25T08:39:02.734096,bitmex,111.59,111.65,2.0,2.0
2025-07-25T08:39:02.755014,bitmex,111.58,111.65,12.0,2.0
2025-07-25T08:39:02.881597,bitmex,111.58,111.65,8.0,2.0
2025-07-25T08:39:03.064958,bitmart,111.39,111.41,199.0,48880.0
2025-07-25T08:39:03.092132,bitmex,111.57,111.65,8.0,2.0
2025-07-25T08:39:03.211581,blofin,111.34,111.37,161.0,83.0
2025-07-25T08:39:03.297858,bitmex,111.57,111.65,16.0,2.0
2025-07-25T08:39:03.571159,bitrue,111.36,111.41,48.054,118.624
2025-07-25T08:39:03.653486,blofin,111.32,111.33,3.0,83.0
2025-07-25T08:39:03.800859,bitmex,111.58,111.65,2.0,2.0
2025-07-25T08:39:03.805661,bitmex,111.57,111.65,16.0,2.0
2025-07-25T08:39:03.815867,bitmex,111.58,111.65,2.0,2.0
2025-07-25T08:39:03.821939,bitmex,111.57,111.65,16.0,2.0
2025-07-25T08:39:03.832720,bitmex,111.58,111.65,2.0,2.0
2025-07-25T08:39:03.838225,bitmex,111.57,111.65,16.0,2.0
2025-07-25T08:39:03.861185,bitmex,111.58,111.65,2.0,2.0
2025-07-25T08:39:03.865394,bitmex,111.57,111.65,16.0,2.0
2025-07-25T08:39:04.100589,bitmart,111.36,111.37,48741.0,5326.0
2025-07-25T08:39:04.197526,blofin,111.32,111.33,3.0,83.0
2025-07-25T08:39:04.213241,bitmex,111.58,111.65,2.0,2.0
2025-07-25T08:39:04.410681,bitmex,111.57,111.65,16.0,2.0
2025-07-25T08:39:04.618489,bitrue,111.36,111.41,48.054,118.624
2025-07-25T08:39:04.666947,blofin,111.31,111.34,14.0,23.0
2025-07-25T08:39:04.828847,bitmex,111.58,111.65,2.0,2.0
2025-07-25T08:39:04.851248,bitmex,111.57,111.65,16.0,2.0
2025-07-25T08:39:04.858775,bitmex,111.58,111.65,2.0,2.0
2025-07-25T08:39:04.864343,bitmex,111.57,111.65,16.0,2.0
2025-07-25T08:39:05.092864,bitmart,111.37,111.38,13315.0,37654.0
2025-07-25T08:39:05.172891,blofin,111.31,111.34,14.0,23.0
2025-07-25T08:39:05.655764,blofin,111.31,111.34,14.0,23.0
2025-07-25T08:39:05.690698,bitmex,111.58,111.65,2.0,2.0
2025-07-25T08:39:05.846640,bitmex,111.57,111.65,16.0,2.0
2025-07-25T08:39:06.043138,bitmart,111.37,111.38,7853.0,37654.0
2025-07-25T08:39:06.080600,bitmex,111.58,111.65,2.0,2.0
2025-07-25T08:39:06.180105,blofin,111.3,111.33,32.0,56.0
2025-07-25T08:39:06.313246,bitmex,111.57,111.65,16.0,2.0
2025-07-25T08:39:06.660094,blofin,111.3,111.33,36.0,25.0
2025-07-25T08:39:07.031338,bitmart,111.37,111.38,9226.0,35047.0
2025-07-25T08:39:07.191813,blofin,111.3,111.33,36.0,25.0
2025-07-25T08:39:07.655273,blofin,111.31,111.33,27.0,4.0
2025-07-25T08:39:07.930680,bitmex,111.58,111.65,2.0,2.0
2025-07-25T08:39:08.104040,bitmart,111.37,111.38,23838.0,35047.0
2025-07-25T08:39:08.164269,blofin,111.31,111.34,27.0,27.0
2025-07-25T08:39:08.396201,bitmex,111.57,111.65,16.0,2.0
2025-07-25T08:39:08.455847,bitmex,111.58,111.65,2.0,2.0
2025-07-25T08:39:08.515272,bitmex,111.57,111.65,16.0,2.0
2025-07-25T08:39:08.539002,bitmex,111.58,111.65,2.0,2.0
2025-07-25T08:39:08.663168,blofin,111.3,111.33,79.0,12.0
2025-07-25T08:39:09.063066,bitmart,111.37,111.38,28375.0,44029.0
2025-07-25T08:39:09.156952,blofin,111.3,111.33,79.0,12.0
2025-07-25T08:39:09.650110,blofin,111.31,111.33,37.0,20.0
2025-07-25T08:39:10.112191,bitmart,111.38,111.39,33674.0,27854.0
2025-07-25T08:39:10.179973,blofin,111.31,111.33,39.0,20.0
2025-07-25T08:39:10.654312,blofin,111.31,111.34,84.0,15.0
2025-07-25T08:39:11.101050,bitmart,111.38,111.39,55823.0,4752.0
2025-07-25T08:39:11.162857,bitmex,111.57,111.65,16.0,2.0
2025-07-25T08:39:11.178045,bitmex,111.58,111.65,2.0,2.0
2025-07-25T08:39:11.211292,blofin,111.31,111.34,84.0,15.0
2025-07-25T08:39:11.362315,bitmex,111.57,111.65,16.0,2.0
2025-07-25T08:39:11.377779,bitmex,111.58,111.65,2.0,2.0
2025-07-25T08:39:11.392371,bitmex,111.57,111.65,16.0,2.0
2025-07-25T08:39:11.652453,blofin,111.31,111.34,84.0,14.0
2025-07-25T08:39:12.099845,bitmart,111.36,111.37,36792.0,4285.0
2025-07-25T08:39:12.233016,blofin,111.31,111.34,83.0,19.0
2025-07-25T08:39:12.303539,bitmex,111.58,111.65,2.0,2.0
2025-07-25T08:39:12.565358,bitmex,111.57,111.65,8.0,2.0
2025-07-25T08:39:12.649975,blofin,111.31,111.34,83.0,19.0
2025-07-25T08:39:12.776717,bitmex,111.57,111.65,16.0,2.0
2025-07-25T08:39:12.777777,bitmex,111.58,111.65,2.0,2.0
2025-07-25T08:39:12.822604,bitmex,111.57,111.65,16.0,2.0
2025-07-25T08:39:12.872202,bitmex,111.58,111.65,2.0,2.0
2025-07-25T08:39:13.087138,bitmex,111.57,111.65,8.0,2.0
2025-07-25T08:39:13.099411,bitmart,111.36,111.37,36792.0,4285.0
2025-07-25T08:39:13.146210,bitmex,111.58,111.65,2.0,2.0
2025-07-25T08:39:13.194987,blofin,111.3,111.33,8.0,57.0
2025-07-25T08:39:13.205977,bitmex,111.57,111.65,8.0,2.0
2025-07-25T08:39:13.253079,bitmex,111.57,111.65,16.0,2.0
2025-07-25T08:39:13.659016,blofin,111.31,111.33,33.0,23.0
2025-07-25T08:39:14.101100,bitmart,111.35,111.37,63091.0,42538.0
2025-07-25T08:39:14.159524,blofin,111.31,111.33,33.0,23.0
2025-07-25T08:39:14.200870,bitmex,111.57,111.65,8.0,2.0
2025-07-25T08:39:14.660508,blofin,111.31,111.32,3.0,78.0
2025-07-25T08:39:15.055061,bitmart,111.35,111.36,63091.0,29049.0
2025-07-25T08:39:15.211839,blofin,111.31,111.32,3.0,79.0
2025-07-25T08:39:15.327938,bitmex,111.55,111.65,6.0,2.0
2025-07-25T08:39:15.334233,bitmex,111.56,111.65,2.0,2.0
2025-07-25T08:39:15.479899,bitmex,111.56,111.65,10.0,2.0
2025-07-25T08:39:15.650197,blofin,111.31,111.32,3.0,79.0
2025-07-25T08:39:15.781252,bitmex,111.57,111.65,2.0,2.0
2025-07-25T08:39:15.877919,bitmex,111.56,111.65,8.0,2.0
2025-07-25T08:39:16.087107,bitmex,111.56,111.65,16.0,2.0
2025-07-25T08:39:16.103213,bitmart,111.35,111.36,90329.0,33106.0
2025-07-25T08:39:16.179090,bitmex,111.57,111.65,3.0,2.0
2025-07-25T08:39:16.225236,blofin,111.29,111.31,163.0,59.0
2025-07-25T08:39:16.551637,bitmex,111.55,111.65,4.0,2.0
2025-07-25T08:39:16.555506,bitmex,111.55,111.65,7.0,2.0
2025-07-25T08:39:16.555933,bitmex,111.56,111.65,3.0,2.0
2025-07-25T08:39:16.659216,blofin,111.29,111.31,225.0,5.0
2025-07-25T08:39:16.709448,bitmex,111.56,111.65,11.0,2.0
2025-07-25T08:39:16.818625,bitmex,111.56,111.65,19.0,2.0
2025-07-25T08:39:16.945727,bitmex,111.57,111.65,3.0,2.0
2025-07-25T08:39:17.049593,bitmex,111.56,111.65,8.0,2.0
2025-07-25T08:39:17.056936,bitmart,111.35,111.36,33388.0,33106.0
2025-07-25T08:39:17.173194,blofin,111.29,111.31,225.0,5.0
2025-07-25T08:39:17.295071,bitmex,111.56,111.65,16.0,2.0
2025-07-25T08:39:17.409090,bitmex,111.57,111.65,3.0,2.0
2025-07-25T08:39:17.650069,blofin,111.29,111.31,165.0,13.0
2025-07-25T08:39:17.667630,bitmex,111.55,111.65,4.0,2.0
2025-07-25T08:39:17.672427,bitmex,111.56,111.65,3.0,2.0
2025-07-25T08:39:17.783516,bitmex,111.56,111.65,11.0,2.0
2025-07-25T08:39:17.785223,bitmex,111.57,111.65,3.0,2.0
2025-07-25T08:39:17.843725,bitmex,111.56,111.65,8.0,2.0
2025-07-25T08:39:17.936499,bitmex,111.56,111.65,16.0,2.0
2025-07-25T08:39:17.953763,bitmex,111.56,111.65,16.0,6.0
2025-07-25T08:39:17.963519,bitmex,111.56,111.65,16.0,4.0
2025-07-25T08:39:17.963533,bitmex,111.56,111.64,16.0,3.0
2025-07-25T08:39:18.100641,bitmart,111.35,111.36,56357.0,47377.0
2025-07-25T08:39:18.111885,bitmex,111.57,111.64,3.0,3.0
2025-07-25T08:39:18.179718,blofin,111.29,111.31,165.0,12.0
2025-07-25T08:39:18.307932,bitmex,111.55,111.64,4.0,3.0
2025-07-25T08:39:18.321372,bitmex,111.56,111.64,3.0,3.0
2025-07-25T08:39:18.412679,bitmex,111.55,111.64,4.0,3.0
2025-07-25T08:39:18.416217,bitmex,111.56,111.64,8.0,3.0
2025-07-25T08:39:18.512905,bitmex,111.56,111.64,16.0,3.0
2025-07-25T08:39:18.654850,blofin,111.29,111.31,165.0,12.0
2025-07-25T08:39:19.096555,bitmart,111.35,111.36,25864.0,11678.0
2025-07-25T08:39:19.209326,blofin,111.29,111.31,165.0,23.0
2025-07-25T08:39:19.649678,blofin,111.29,111.31,177.0,50.0
2025-07-25T08:39:20.119021,bitmart,111.35,111.36,64181.0,316.0
2025-07-25T08:39:20.179028,blofin,111.29,111.31,177.0,50.0
2025-07-25T08:39:20.630702,bitmex,111.56,111.64,8.0,3.0
2025-07-25T08:39:20.654763,blofin,111.29,111.31,184.0,4.0
2025-07-25T08:39:20.881015,bitmex,111.52,111.64,3.0,3.0
2025-07-25T08:39:20.914209,bitmex,111.53,111.64,8.0,3.0
2025-07-25T08:39:20.927657,bitmex,111.53,111.64,8.0,7.0
2025-07-25T08:39:20.931937,bitmex,111.53,111.63,8.0,3.0
2025-07-25T08:39:20.966459,bitmex,111.53,111.63,16.0,3.0
2025-07-25T08:39:21.057922,bitmart,111.32,111.35,4145.0,61981.0
2025-07-25T08:39:21.154383,blofin,111.29,111.31,168.0,97.0
2025-07-25T08:39:21.158245,bitmex,111.54,111.63,3.0,3.0
2025-07-25T08:39:21.349347,bitrue,111.32,111.35,115.921,78.928
2025-07-25T08:39:21.374387,bitmex,111.53,111.63,8.0,3.0
2025-07-25T08:39:21.644194,bitmex,111.53,111.63,16.0,3.0
2025-07-25T08:39:21.648234,blofin,111.29,111.31,168.0,97.0
2025-07-25T08:39:21.911992,bitmex,111.53,111.63,16.0,7.0
2025-07-25T08:39:21.914131,bitmex,111.53,111.62,16.0,3.0
2025-07-25T08:39:21.919659,bitmex,111.53,111.62,16.0,7.0
2025-07-25T08:39:21.925951,bitmex,111.53,111.61,16.0,3.0
2025-07-25T08:39:21.937443,bitmex,111.53,111.6,16.0,211.0
2025-07-25T08:39:21.943686,bitmex,111.53,111.59,16.0,63.0
2025-07-25T08:39:21.943699,bitmex,111.53,111.59,16.0,66.0
2025-07-25T08:39:21.948269,bitmex,111.53,111.58,16.0,3.0
2025-07-25T08:39:22.043959,bitmart,111.32,111.33,4178.0,50451.0
2025-07-25T08:39:22.175027,blofin,111.28,111.29,7.0,132.0
2025-07-25T08:39:22.361187,bitmex,111.53,111.58,8.0,3.0
2025-07-25T08:39:22.395424,bitrue,111.32,111.35,115.921,78.928
2025-07-25T08:39:22.442598,bitmex,111.49,111.58,3.0,3.0
2025-07-25T08:39:22.473983,bitmex,111.51,111.58,8.0,3.0
2025-07-25T08:39:22.631946,bitmex,111.52,111.58,8.0,3.0
2025-07-25T08:39:22.648868,blofin,111.28,111.29,7.0,132.0
2025-07-25T08:39:23.100429,bitmart,111.31,111.32,10909.0,61155.0
2025-07-25T08:39:23.163105,blofin,111.26,111.27,1.0,170.0
2025-07-25T08:39:23.447076,bitrue,111.29,111.35,39.01,78.928
2025-07-25T08:39:23.666099,blofin,111.26,111.27,1.0,71.0
2025-07-25T08:39:23.666378,bitmex,111.53,111.58,3.0,3.0
2025-07-25T08:39:23.671625,bitmex,111.52,111.58,8.0,3.0
2025-07-25T08:39:23.684432,bitmex,111.53,111.58,3.0,3.0
2025-07-25T08:39:23.688130,bitmex,111.52,111.58,8.0,3.0
2025-07-25T08:39:23.722753,bitmex,111.53,111.58,3.0,3.0
2025-07-25T08:39:23.728561,bitmex,111.52,111.58,8.0,3.0
2025-07-25T08:39:23.734142,bitmex,111.53,111.58,3.0,3.0
2025-07-25T08:39:23.810082,bitmex,111.52,111.58,8.0,3.0
2025-07-25T08:39:23.811902,bitmex,111.53,111.58,3.0,3.0
2025-07-25T08:39:23.843232,bitmex,111.49,111.58,3.0,3.0
2025-07-25T08:39:23.966945,bitmex,111.51,111.58,8.0,3.0
2025-07-25T08:39:23.972065,bitmex,111.52,111.58,3.0,3.0
2025-07-25T08:39:24.058475,bitmart,111.31,111.32,49290.0,2721.0
2025-07-25T08:39:24.101837,bitmex,111.52,111.58,11.0,3.0
2025-07-25T08:39:24.106904,bitmex,111.53,111.58,3.0,3.0
2025-07-25T08:39:24.227380,blofin,111.26,111.27,1.0,71.0
2025-07-25T08:39:24.275854,bitmex,111.52,111.58,8.0,3.0
2025-07-25T08:39:24.416264,bitmex,111.53,111.58,3.0,3.0
2025-07-25T08:39:24.420595,bitmex,111.52,111.58,8.0,3.0
2025-07-25T08:39:24.432757,bitmex,111.53,111.58,3.0,3.0
2025-07-25T08:39:24.437481,bitmex,111.52,111.58,8.0,3.0
2025-07-25T08:39:24.445226,bitmex,111.53,111.58,3.0,3.0
2025-07-25T08:39:24.491717,bitmex,111.52,111.58,8.0,3.0
2025-07-25T08:39:24.651113,blofin,111.24,111.26,80.0,16.0
2025-07-25T08:39:25.109244,bitmart,111.31,111.32,9982.0,34757.0
2025-07-25T08:39:25.169810,blofin,111.24,111.26,80.0,21.0
2025-07-25T08:39:25.649235,blofin,111.24,111.26,31.0,34.0
2025-07-25T08:39:26.094200,bitmart,111.31,111.32,9982.0,34757.0
2025-07-25T08:39:26.231430,blofin,111.24,111.26,31.0,34.0
2025-07-25T08:39:26.653941,blofin,111.24,111.26,35.0,38.0
2025-07-25T08:39:27.122176,bitmart,111.31,111.32,3596.0,37588.0
2025-07-25T08:39:27.199349,blofin,111.24,111.26,54.0,35.0
2025-07-25T08:39:27.561690,bitmex,111.49,111.58,3.0,3.0
2025-07-25T08:39:27.603860,bitmex,111.51,111.58,8.0,3.0
2025-07-25T08:39:27.629084,bitrue,111.29,111.32,39.01,89.095
2025-07-25T08:39:27.668336,blofin,111.24,111.26,6.0,38.0
2025-07-25T08:39:28.109397,bitmart,111.28,111.31,207827.0,82817.0
2025-07-25T08:39:28.199470,blofin,111.24,111.26,6.0,38.0
2025-07-25T08:39:28.300539,bitmex,111.49,111.58,3.0,3.0
2025-07-25T08:39:28.348193,bitmex,111.49,111.58,11.0,3.0
2025-07-25T08:39:28.382910,bitmex,111.5,111.58,2.0,3.0
2025-07-25T08:39:28.387322,bitmex,111.49,111.58,8.0,3.0
2025-07-25T08:39:28.486715,bitmex,111.5,111.58,8.0,3.0
2025-07-25T08:39:28.652419,blofin,111.24,111.25,6.0,58.0
2025-07-25T08:39:28.671770,bitrue,111.28,111.32,54.303,89.095
2025-07-25T08:39:29.127677,bitmart,111.28,111.29,18617.0,52971.0
2025-07-25T08:39:29.197516,blofin,111.24,111.26,6.0,106.0
2025-07-25T08:39:29.264291,bitmex,111.51,111.58,2.0,3.0
2025-07-25T08:39:29.269051,bitmex,111.5,111.58,8.0,3.0
2025-07-25T08:39:29.338014,bitmex,111.51,111.58,2.0,3.0
2025-07-25T08:39:29.340739,bitmex,111.5,111.58,8.0,3.0
2025-07-25T08:39:29.433924,bitmex,111.51,111.58,2.0,3.0
2025-07-25T08:39:29.439620,bitmex,111.5,111.58,8.0,3.0
2025-07-25T08:39:29.457825,bitmex,111.51,111.58,2.0,3.0
2025-07-25T08:39:29.557034,bitmex,111.51,111.6,2.0,211.0
2025-07-25T08:39:29.576525,bitmex,111.51,111.59,2.0,2.0
2025-07-25T08:39:29.649033,blofin,111.24,111.26,6.0,124.0
2025-07-25T08:39:29.719865,bitrue,111.26,111.32,124.562,89.095
2025-07-25T08:39:29.742630,bitmex,111.51,111.61,2.0,3.0
2025-07-25T08:39:30.010238,bitmex,111.51,111.61,2.0,67.0
2025-07-25T08:39:30.017957,bitmex,111.51,111.6,2.0,2.0
2025-07-25T08:39:30.090301,bitmart,111.34,111.35,81854.0,20440.0
2025-07-25T08:39:30.094422,bitmex,111.55,111.6,8.0,2.0
2025-07-25T08:39:30.168937,blofin,111.24,111.26,6.0,124.0
2025-07-25T08:39:30.599539,bitmex,111.56,111.6,2.0,2.0
2025-07-25T08:39:30.624324,bitmex,111.55,111.6,8.0,2.0
2025-07-25T08:39:30.661978,blofin,111.27,111.3,10.0,63.0
2025-07-25T08:39:30.742154,bitmex,111.55,111.6,16.0,2.0
2025-07-25T08:39:30.769082,bitrue,111.34,111.37,39.301,100.916
2025-07-25T08:39:30.806906,bitmex,111.55,111.6,8.0,2.0
2025-07-25T08:39:30.956335,bitmex,111.51,111.6,2.0,2.0
2025-07-25T08:39:30.959278,bitmex,111.48,111.6,2.0,2.0
2025-07-25T08:39:30.984313,bitmex,111.54,111.6,8.0,2.0
2025-07-25T08:39:31.058198,bitmex,111.55,111.6,8.0,2.0
2025-07-25T08:39:31.100505,bitmart,111.34,111.35,35030.0,43256.0
2025-07-25T08:39:31.195215,blofin,111.27,111.3,49.0,12.0
2025-07-25T08:39:31.429216,bitmex,111.56,111.6,2.0,2.0
2025-07-25T08:39:31.435018,bitmex,111.55,111.6,8.0,2.0
2025-07-25T08:39:31.454093,bitmex,111.56,111.6,2.0,2.0
2025-07-25T08:39:31.460269,bitmex,111.55,111.6,8.0,2.0
2025-07-25T08:39:31.471287,bitmex,111.55,111.6,16.0,2.0
2025-07-25T08:39:31.661905,blofin,111.27,111.3,49.0,12.0
2025-07-25T08:39:31.812893,bitrue,111.34,111.37,39.301,100.916
2025-07-25T08:39:32.045673,bitmart,111.34,111.35,35030.0,6998.0
2025-07-25T08:39:32.210447,blofin,111.27,111.29,21.0,2.0
2025-07-25T08:39:32.651774,blofin,111.28,111.3,23.0,30.0
2025-07-25T08:39:33.051066,bitmart,111.34,111.35,35030.0,4815.0
2025-07-25T08:39:33.166166,blofin,111.28,111.3,23.0,30.0
2025-07-25T08:39:33.650989,blofin,111.27,111.3,14.0,26.0
2025-07-25T08:39:34.099332,bitmart,111.34,111.35,35030.0,4815.0
2025-07-25T08:39:34.159271,blofin,111.27,111.3,14.0,27.0
2025-07-25T08:39:34.346104,bitmex,111.56,111.6,2.0,2.0
2025-07-25T08:39:34.648357,blofin,111.27,111.3,49.0,7.0
2025-07-25T08:39:34.897290,bitmex,111.55,111.6,8.0,2.0
2025-07-25T08:39:34.947859,bitrue,111.34,111.38,39.301,35.167
2025-07-25T08:39:34.987341,bitmex,111.55,111.6,16.0,2.0
2025-07-25T08:39:35.081728,bitmex,111.56,111.6,2.0,2.0
2025-07-25T08:39:35.084605,bitmex,111.55,111.6,16.0,2.0
2025-07-25T08:39:35.120574,bitmex,111.56,111.6,2.0,2.0
2025-07-25T08:39:35.136928,bitmart,111.35,111.36,3692.0,35728.0
2025-07-25T08:39:35.186731,blofin,111.27,111.3,49.0,7.0
2025-07-25T08:39:35.471297,bitmex,111.55,111.6,8.0,2.0
2025-07-25T08:39:35.648644,blofin,111.27,111.3,36.0,9.0
2025-07-25T08:39:35.731891,bitmex,111.55,111.6,16.0,2.0
2025-07-25T08:39:35.962290,bitmex,111.56,111.6,2.0,2.0
2025-07-25T08:39:35.966370,bitmex,111.55,111.6,16.0,2.0
2025-07-25T08:39:35.989991,bitrue,111.34,111.38,39.301,35.167
2025-07-25T08:39:36.092635,bitmart,111.35,111.36,19596.0,76194.0
2025-07-25T08:39:36.202116,blofin,111.27,111.3,36.0,11.0
2025-07-25T08:39:36.655622,blofin,111.27,111.3,36.0,11.0
2025-07-25T08:39:37.134373,bitmart,111.35,111.36,2308.0,76194.0
2025-07-25T08:39:37.172067,blofin,111.27,111.3,35.0,15.0
2025-07-25T08:39:37.453425,bitmex,111.55,111.6,8.0,2.0
2025-07-25T08:39:37.649969,blofin,111.27,111.3,28.0,47.0
2025-07-25T08:39:38.078989,bitrue,111.33,111.38,16.594,35.167
2025-07-25T08:39:38.093675,bitmart,111.34,111.35,4387.0,49869.0
2025-07-25T08:39:38.161554,blofin,111.27,111.3,28.0,47.0
2025-07-25T08:39:38.664671,blofin,111.27,111.29,5.0,45.0
2025-07-25T08:39:38.775564,bitmex,111.48,111.6,2.0,2.0
2025-07-25T08:39:38.783648,bitmex,111.46,111.6,2.0,2.0
2025-07-25T08:39:38.809499,bitmex,111.53,111.6,8.0,2.0
2025-07-25T08:39:38.988170,bitmex,111.54,111.6,8.0,2.0
2025-07-25T08:39:39.097846,bitmart,111.32,111.33,56066.0,4962.0
2025-07-25T08:39:39.122260,bitrue,111.32,111.38,13.354,35.167
2025-07-25T08:39:39.166262,blofin,111.27,111.29,5.0,45.0
2025-07-25T08:39:39.652420,blofin,111.27,111.29,5.0,45.0
2025-07-25T08:39:40.099019,bitmart,111.32,111.33,56066.0,4962.0
2025-07-25T08:39:40.167635,bitrue,111.32,111.35,13.354,89.729
2025-07-25T08:39:40.188628,blofin,111.27,111.3,19.0,84.0
2025-07-25T08:39:40.653994,blofin,111.27,111.29,4.0,128.0
2025-07-25T08:39:41.117748,bitmart,111.32,111.33,80038.0,7225.0
2025-07-25T08:39:41.163121,blofin,111.27,111.29,4.0,128.0
2025-07-25T08:39:41.210558,bitrue,111.32,111.35,13.354,89.729
2025-07-25T08:39:41.651043,blofin,111.27,111.29,5.0,125.0
2025-07-25T08:39:41.714967,bitmex,111.55,111.6,3.0,2.0
2025-07-25T08:39:41.715406,bitmex,111.54,111.6,8.0,2.0
2025-07-25T08:39:42.052014,bitmart,111.32,111.33,80057.0,10549.0
2025-07-25T08:39:42.198661,blofin,111.26,111.29,3.0,125.0
2025-07-25T08:39:42.651087,blofin,111.26,111.29,3.0,125.0
2025-07-25T08:39:42.758197,bitmex,111.55,111.6,3.0,2.0
2025-07-25T08:39:42.762644,bitmex,111.54,111.6,8.0,2.0
2025-07-25T08:39:42.771374,bitmex,111.55,111.6,3.0,2.0
2025-07-25T08:39:42.775954,bitmex,111.54,111.6,8.0,2.0
2025-07-25T08:39:42.801813,bitmex,111.55,111.6,3.0,2.0
2025-07-25T08:39:42.809655,bitmex,111.54,111.6,8.0,2.0
2025-07-25T08:39:42.830659,bitmex,111.55,111.6,3.0,2.0
2025-07-25T08:39:42.847562,bitmex,111.54,111.6,8.0,2.0
2025-07-25T08:39:42.912384,bitmex,111.55,111.6,3.0,2.0
2025-07-25T08:39:42.917447,bitmex,111.54,111.6,8.0,2.0
2025-07-25T08:39:42.928718,bitmex,111.55,111.6,3.0,2.0
2025-07-25T08:39:42.934433,bitmex,111.54,111.6,8.0,2.0
2025-07-25T08:39:43.009475,bitmex,111.55,111.6,3.0,2.0
2025-07-25T08:39:43.009488,bitmex,111.54,111.6,8.0,2.0
2025-07-25T08:39:43.020407,bitmex,111.55,111.6,3.0,2.0
2025-07-25T08:39:43.056166,bitmart,111.32,111.35,80057.0,5648.0
2025-07-25T08:39:43.194838,blofin,111.26,111.29,11.0,60.0
2025-07-25T08:39:43.296754,bitmex,111.55,111.6,11.0,2.0
2025-07-25T08:39:43.302746,bitmex,111.56,111.6,3.0,2.0
2025-07-25T08:39:43.359502,bitmex,111.56,111.62,3.0,214.0
2025-07-25T08:39:43.364881,bitmex,111.56,111.61,3.0,3.0
2025-07-25T08:39:43.653137,blofin,111.27,111.3,89.0,846.16
2025-07-25T08:39:44.074227,bitmart,111.36,111.37,127746.0,1758.0
2025-07-25T08:39:44.190072,blofin,111.27,111.3,89.0,846.16
2025-07-25T08:39:45.042830,bitrue,111.34,111.39,92.447,31.715
2025-07-25T08:39:45.042878,bitmex,111.55,111.61,8.0,3.0
2025-07-25T08:39:45.042898,bitmex,111.56,111.61,3.0,3.0
2025-07-25T08:39:45.042903,bitmex,111.56,111.61,3.0,67.0
2025-07-25T08:39:45.042907,bitmex,111.55,111.61,8.0,67.0
2025-07-25T08:39:45.042912,bitmex,111.55,111.6,8.0,3.0
2025-07-25T08:39:45.042926,bitmex,111.56,111.6,3.0,3.0
2025-07-25T08:39:45.042945,blofin,111.29,111.3,4.0,832.16
2025-07-25T08:39:45.046404,bitmart,111.35,111.37,60133.0,27846.0
2025-07-25T08:39:45.183050,blofin,111.29,111.3,4.0,831.16
2025-07-25T08:39:45.660256,blofin,111.29,111.3,4.0,831.16
2025-07-25T08:39:45.729617,bitmex,111.56,111.62,3.0,214.0
2025-07-25T08:39:45.738566,bitmex,111.56,111.61,3.0,3.0
2025-07-25T08:39:46.038310,bitmart,111.35,111.36,60133.0,2135.0
2025-07-25T08:39:46.179664,blofin,111.29,111.3,16.0,831.16
2025-07-25T08:39:46.653869,blofin,111.28,111.3,32.0,831.16
2025-07-25T08:39:47.096693,bitmart,111.36,111.37,25798.0,83.0
2025-07-25T08:39:47.149462,blofin,111.28,111.3,32.0,831.16
2025-07-25T08:39:47.341299,bitmex,111.56,111.62,3.0,214.0
2025-07-25T08:39:47.656461,blofin,111.29,111.3,118.0,831.16
2025-07-25T08:39:47.863540,bitmex,111.56,111.66,3.0,3.0
2025-07-25T08:39:47.952329,bitmex,111.56,111.65,3.0,212.0
2025-07-25T08:39:48.076288,bitmex,111.56,111.64,3.0,3.0
2025-07-25T08:39:48.086094,bitmart,111.39,111.41,8748.0,25268.0
2025-07-25T08:39:48.194477,blofin,111.29,111.3,118.0,831.16
2025-07-25T08:39:48.263594,bitmex,111.56,111.65,3.0,212.0
2025-07-25T08:39:48.539393,bitrue,111.38,111.41,110.923,37.429
2025-07-25T08:39:48.650103,blofin,111.29,111.3,877.0,831.16
2025-07-25T08:39:49.056252,bitmart,111.4,111.42,48068.0,4923.0
2025-07-25T08:39:49.211321,blofin,111.34,111.36,83.0,3.0
2025-07-25T08:39:49.440517,bitmex,111.56,111.64,3.0,3.0
2025-07-25T08:39:49.455976,bitmex,111.56,111.65,3.0,212.0
2025-07-25T08:39:49.514760,bitmex,111.56,111.64,3.0,3.0
2025-07-25T08:39:49.651658,blofin,111.34,111.36,83.0,3.0
2025-07-25T08:39:49.674298,bitrue,111.4,111.44,112.621,61.503
2025-07-25T08:39:50.086643,bitmex,111.56,111.65,3.0,212.0
2025-07-25T08:39:50.092253,bitmart,111.4,111.41,4849.0,61260.0
2025-07-25T08:39:50.191013,blofin,111.31,111.34,16.0,62.0
2025-07-25T08:39:50.649160,blofin,111.31,111.34,16.0,62.0
2025-07-25T08:39:50.729518,bitrue,111.38,111.44,110.923,61.503
2025-07-25T08:39:51.112032,bitmart,111.4,111.41,27183.0,1010.0
2025-07-25T08:39:51.196213,blofin,111.34,111.35,105.0,13.0
2025-07-25T08:39:51.611755,bitmex,111.56,111.64,3.0,3.0
2025-07-25T08:39:51.663586,blofin,111.33,111.36,87.0,39.0
2025-07-25T08:39:51.773880,bitrue,111.4,111.44,117.682,61.503
2025-07-25T08:39:52.122745,bitmart,111.4,111.41,4042.0,22730.0
2025-07-25T08:39:52.186397,blofin,111.32,111.36,17.0,23.0
2025-07-25T08:39:52.654966,blofin,111.32,111.36,17.0,23.0
2025-07-25T08:39:53.128777,bitmart,111.4,111.41,4042.0,22730.0
2025-07-25T08:39:53.175269,blofin,111.31,111.34,47.0,13.0
2025-07-25T08:39:53.327948,bitmex,111.56,111.65,3.0,212.0
2025-07-25T08:39:53.650484,blofin,111.31,111.34,48.0,8.0
2025-07-25T08:39:53.981642,bitmex,111.56,111.67,3.0,4.0
2025-07-25T08:39:53.986991,bitmex,111.56,111.67,3.0,7.0
2025-07-25T08:39:53.992774,bitmex,111.56,111.66,3.0,3.0
2025-07-25T08:39:54.003632,bitmex,111.56,111.67,3.0,4.0
2025-07-25T08:39:54.086995,bitmart,111.41,111.42,103679.0,229.0
2025-07-25T08:39:54.142741,bitmex,111.56,111.67,3.0,7.0
2025-07-25T08:39:54.175057,blofin,111.31,111.34,48.0,8.0
2025-07-25T08:39:54.567460,bitmex,111.56,111.66,3.0,3.0
2025-07-25T08:39:54.654737,blofin,111.34,111.36,166.0,5.0
2025-07-25T08:39:55.121491,bitmart,111.41,111.42,103679.0,46895.0
2025-07-25T08:39:55.183580,blofin,111.34,111.36,206.0,5.0
2025-07-25T08:39:55.676600,blofin,111.34,111.37,160.0,4.0
2025-07-25T08:39:56.087461,bitmart,111.41,111.42,17797.0,46895.0
2025-07-25T08:39:56.167583,blofin,111.34,111.37,160.0,4.0
2025-07-25T08:39:56.657887,blofin,111.34,111.37,162.0,8.0
2025-07-25T08:39:57.098897,bitmart,111.41,111.42,19371.0,46895.0
2025-07-25T08:39:57.193157,blofin,111.34,111.36,2.0,1.0
2025-07-25T08:39:57.648214,blofin,111.34,111.36,2.0,1.0
2025-07-25T08:39:58.060569,bitmart,111.41,111.42,19371.0,46895.0
2025-07-25T08:39:58.195543,blofin,111.34,111.36,2.0,23.0
2025-07-25T08:39:58.651403,blofin,111.34,111.36,2.0,30.0
2025-07-25T08:39:58.764480,bitmex,111.56,111.67,3.0,4.0
2025-07-25T08:39:58.775380,bitmex,111.56,111.67,3.0,6.0
2025-07-25T08:39:58.775392,bitmex,111.56,111.66,3.0,2.0
2025-07-25T08:39:58.777545,bitmex,111.56,111.67,3.0,4.0
2025-07-25T08:39:58.922651,bitmex,111.56,111.66,3.0,2.0
2025-07-25T08:39:59.100566,bitrue,111.4,111.45,117.682,26.253
2025-07-25T08:39:59.121043,bitmart,111.41,111.42,43031.0,1347.0
2025-07-25T08:39:59.216189,blofin,111.34,111.36,2.0,30.0
2025-07-25T08:39:59.485026,bitmex,111.56,111.66,7.0,2.0
2025-07-25T08:39:59.489582,bitmex,111.57,111.66,2.0,2.0
2025-07-25T08:39:59.494929,bitmex,111.57,111.67,2.0,4.0
2025-07-25T08:39:59.500473,bitmex,111.57,111.67,2.0,6.0
2025-07-25T08:39:59.514385,bitmex,111.57,111.66,2.0,2.0
2025-07-25T08:39:59.650178,blofin,111.34,111.36,2.0,30.0
2025-07-25T08:40:00.101309,bitmart,111.36,111.4,188470.0,23134.0
2025-07-25T08:40:00.147212,bitrue,111.4,111.45,117.682,26.253
2025-07-25T08:40:00.152983,bitmex,111.56,111.66,4.0,2.0
2025-07-25T08:40:00.158555,bitmex,111.56,111.66,6.0,2.0
2025-07-25T08:40:00.181858,blofin,111.34,111.36,2.0,2.0
2025-07-25T08:40:00.228379,bitmex,111.56,111.66,4.0,2.0
2025-07-25T08:40:00.228394,bitmex,111.57,111.66,2.0,2.0
2025-07-25T08:40:00.233475,bitmex,111.56,111.66,4.0,2.0
2025-07-25T08:40:00.395395,bitmex,111.56,111.66,6.0,2.0
2025-07-25T08:40:00.501880,bitmex,111.57,111.66,2.0,2.0
2025-07-25T08:40:00.506082,bitmex,111.56,111.66,4.0,2.0
2025-07-25T08:40:00.658990,bitmex,111.57,111.66,2.0,2.0
2025-07-25T08:40:00.665406,blofin,111.33,111.34,1.0,60.0
2025-07-25T08:40:01.061861,bitmex,111.56,111.66,4.0,2.0
2025-07-25T08:40:01.066443,bitmex,111.56,111.66,6.0,2.0
2025-07-25T08:40:01.069741,bitmart,111.36,111.38,24191.0,74868.0
2025-07-25T08:40:01.080246,bitmex,111.57,111.66,2.0,2.0
2025-07-25T08:40:01.192732,bitrue,111.34,111.38,54.992,67.789
2025-07-25T08:40:01.210874,blofin,111.33,111.34,1.0,60.0
2025-07-25T08:40:01.211612,bitmex,111.56,111.66,4.0,2.0
2025-07-25T08:40:01.235204,bitmex,111.56,111.66,6.0,2.0
2025-07-25T08:40:01.249954,bitmex,111.57,111.66,2.0,2.0
2025-07-25T08:40:01.369654,bitmex,111.56,111.66,4.0,2.0
2025-07-25T08:40:01.396315,bitmex,111.56,111.66,6.0,2.0
2025-07-25T08:40:01.415429,bitmex,111.56,111.66,4.0,2.0
2025-07-25T08:40:01.415443,bitmex,111.57,111.66,2.0,2.0
2025-07-25T08:40:01.467042,bitmex,111.57,111.66,2.0,6.0
2025-07-25T08:40:01.468882,bitmex,111.57,111.65,2.0,2.0
2025-07-25T08:40:01.478006,bitmex,111.57,111.65,2.0,6.0
2025-07-25T08:40:01.483104,bitmex,111.57,111.65,2.0,4.0
2025-07-25T08:40:01.483356,bitmex,111.57,111.64,2.0,2.0
2025-07-25T08:40:01.552414,bitmex,111.56,111.64,4.0,2.0
2025-07-25T08:40:01.565854,bitmex,111.57,111.64,2.0,2.0
2025-07-25T08:40:01.655882,blofin,111.3,111.32,2.0,65.0
2025-07-25T08:40:02.095189,bitmart,111.37,111.38,30558.0,26563.0
2025-07-25T08:40:02.217049,blofin,111.3,111.32,4.0,20.0
2025-07-25T08:40:02.248617,bitrue,111.34,111.38,54.992,67.789
2025-07-25T08:40:02.349157,bitmex,111.56,111.64,4.0,2.0
2025-07-25T08:40:02.360145,bitmex,111.56,111.64,6.0,2.0
2025-07-25T08:40:02.366388,bitmex,111.57,111.64,2.0,2.0
2025-07-25T08:40:02.392220,bitmex,111.56,111.64,4.0,2.0
2025-07-25T08:40:02.515646,bitmex,111.56,111.64,6.0,2.0
2025-07-25T08:40:02.515890,bitmex,111.56,111.64,4.0,2.0
2025-07-25T08:40:02.516148,bitmex,111.57,111.64,2.0,2.0
2025-07-25T08:40:02.662946,blofin,111.3,111.32,85.0,4.0
2025-07-25T08:40:02.876596,bitmex,111.56,111.64,4.0,2.0
2025-07-25T08:40:02.883543,bitmex,111.56,111.64,6.0,2.0
2025-07-25T08:40:02.924147,bitmex,111.57,111.64,2.0,2.0
2025-07-25T08:40:03.101007,bitmart,111.36,111.37,1353.0,50703.0
2025-07-25T08:40:03.178572,blofin,111.3,111.32,85.0,4.0
2025-07-25T08:40:03.295320,bitrue,111.34,111.39,54.992,24.064
2025-07-25T08:40:03.353997,bitmex,111.56,111.64,4.0,2.0
2025-07-25T08:40:03.359345,bitmex,111.56,111.64,6.0,2.0
2025-07-25T08:40:03.401871,bitmex,111.57,111.64,8.0,2.0
2025-07-25T08:40:03.650425,blofin,111.3,111.32,4.0,67.0
2025-07-25T08:40:03.872551,bitmex,111.56,111.64,6.0,2.0
2025-07-25T08:40:03.878863,bitmex,111.57,111.64,2.0,2.0
2025-07-25T08:40:03.904101,bitmex,111.57,111.64,10.0,2.0
2025-07-25T08:40:03.913880,bitmex,111.58,111.64,2.0,2.0
2025-07-25T08:40:03.918088,bitmex,111.57,111.64,8.0,2.0
2025-07-25T08:40:04.157814,bitmart,111.36,111.37,53767.0,913.0
2025-07-25T08:40:04.173835,blofin,111.3,111.32,5.0,67.0
2025-07-25T08:40:04.225214,bitmex,111.58,111.64,2.0,2.0
2025-07-25T08:40:04.434608,bitmex,111.53,111.64,3.0,2.0
2025-07-25T08:40:04.569729,bitmex,111.57,111.64,8.0,2.0
2025-07-25T08:40:04.579943,bitmex,111.58,111.64,2.0,2.0
2025-07-25T08:40:04.582959,bitmex,111.57,111.64,8.0,2.0
2025-07-25T08:40:04.652731,bitmex,111.57,111.64,16.0,2.0
2025-07-25T08:40:04.655183,blofin,111.3,111.32,5.0,67.0
2025-07-25T08:40:04.658189,bitmex,111.58,111.64,2.0,2.0
2025-07-25T08:40:04.876614,bitmex,111.53,111.64,3.0,2.0
2025-07-25T08:40:05.059934,bitmex,111.57,111.64,8.0,2.0
2025-07-25T08:40:05.069281,bitmex,111.58,111.64,2.0,2.0
2025-07-25T08:40:05.094986,bitmart,111.36,111.37,53767.0,913.0
2025-07-25T08:40:05.215295,blofin,111.3,111.32,70.0,32.0
2025-07-25T08:40:05.270203,bitmex,111.53,111.64,3.0,2.0
2025-07-25T08:40:05.400037,bitmex,111.57,111.64,8.0,2.0
2025-07-25T08:40:05.405455,bitmex,111.58,111.64,2.0,2.0
2025-07-25T08:40:05.623382,bitmex,111.53,111.64,3.0,2.0
2025-07-25T08:40:05.673353,blofin,111.3,111.32,85.0,2.0
2025-07-25T08:40:05.798601,bitmex,111.59,111.64,8.0,2.0
2025-07-25T08:40:06.028649,bitmex,111.6,111.64,3.0,2.0
2025-07-25T08:40:06.098048,bitmart,111.38,111.39,54213.0,8255.0
2025-07-25T08:40:06.139642,bitmex,111.6,111.66,3.0,4.0
2025-07-25T08:40:06.150013,bitmex,111.6,111.65,3.0,3.0
2025-07-25T08:40:06.181612,blofin,111.3,111.33,127.0,4.0
2025-07-25T08:40:06.267280,bitmex,111.53,111.65,3.0,3.0
2025-07-25T08:40:06.400446,bitmex,111.58,111.65,8.0,3.0
2025-07-25T08:40:06.406732,bitmex,111.59,111.65,3.0,3.0
2025-07-25T08:40:06.539996,bitmex,111.6,111.65,8.0,3.0
2025-07-25T08:40:06.667385,blofin,111.3,111.33,127.0,4.0
2025-07-25T08:40:07.119890,bitmart,111.39,111.4,41282.0,24537.0
2025-07-25T08:40:07.209816,blofin,111.3,111.33,131.0,2.0
2025-07-25T08:40:07.478706,bitrue,111.37,111.42,117.157,56.811
2025-07-25T08:40:07.662426,blofin,111.31,111.33,116.0,2.0
2025-07-25T08:40:07.915385,bitmex,111.61,111.65,3.0,3.0
2025-07-25T08:40:07.919272,bitmex,111.6,111.65,8.0,3.0
2025-07-25T08:40:07.928304,bitmex,111.61,111.65,3.0,3.0
2025-07-25T08:40:08.092066,bitmex,111.59,111.65,3.0,3.0
2025-07-25T08:40:08.093648,bitmex,111.53,111.65,3.0,3.0
2025-07-25T08:40:08.095387,bitmart,111.39,111.41,47623.0,138138.0
2025-07-25T08:40:08.170143,bitmex,111.59,111.65,8.0,3.0
2025-07-25T08:40:08.234912,blofin,111.32,111.33,210.0,1.0
2025-07-25T08:40:08.242986,bitmex,111.6,111.65,3.0,3.0
2025-07-25T08:40:08.280755,bitmex,111.61,111.65,8.0,3.0
2025-07-25T08:40:08.287144,bitmex,111.62,111.65,3.0,3.0
2025-07-25T08:40:08.287155,bitmex,111.62,111.66,3.0,4.0
2025-07-25T08:40:08.292122,bitmex,111.62,111.66,3.0,7.0
2025-07-25T08:40:08.298430,bitmex,111.62,111.65,3.0,3.0
2025-07-25T08:40:08.305690,bitmex,111.61,111.65,8.0,3.0
2025-07-25T08:40:08.311342,bitmex,111.62,111.65,3.0,3.0
2025-07-25T08:40:08.316290,bitmex,111.62,111.66,3.0,4.0
2025-07-25T08:40:08.497556,bitmex,111.6,111.66,3.0,4.0
2025-07-25T08:40:08.500493,bitmex,111.6,111.66,3.0,7.0
2025-07-25T08:40:08.500504,bitmex,111.53,111.66,3.0,7.0
2025-07-25T08:40:08.568005,bitmex,111.53,111.66,3.0,4.0
2025-07-25T08:40:08.568017,bitmex,111.53,111.65,3.0,3.0
2025-07-25T08:40:08.571455,bitmex,111.53,111.66,3.0,4.0
2025-07-25T08:40:08.657999,blofin,111.32,111.33,210.0,1.0
2025-07-25T08:40:08.661141,bitmex,111.61,111.66,8.0,4.0
2025-07-25T08:40:08.666666,bitmex,111.62,111.66,3.0,4.0
2025-07-25T08:40:08.717441,bitmex,111.62,111.66,3.0,7.0
2025-07-25T08:40:08.768457,bitmex,111.62,111.66,11.0,7.0
2025-07-25T08:40:09.126537,bitmart,111.41,111.42,126908.0,8708.0
2025-07-25T08:40:09.139266,bitmex,111.62,111.65,11.0,3.0
2025-07-25T08:40:09.139280,bitmex,111.62,111.65,8.0,3.0
2025-07-25T08:40:09.168539,blofin,111.34,111.35,211.0,1.0
2025-07-25T08:40:09.668144,blofin,111.33,111.36,224.0,5.0
2025-07-25T08:40:09.910061,bitmex,111.62,111.66,8.0,4.0
2025-07-25T08:40:09.912862,bitmex,111.62,111.66,8.0,7.0
2025-07-25T08:40:09.931480,bitmex,111.63,111.66,3.0,7.0
2025-07-25T08:40:09.936216,bitmex,111.62,111.66,8.0,7.0
2025-07-25T08:40:09.941073,bitmex,111.62,111.66,8.0,4.0
2025-07-25T08:40:09.944649,bitmex,111.63,111.66,3.0,4.0
2025-07-25T08:40:09.973475,bitmex,111.63,111.66,3.0,7.0
2025-07-25T08:40:09.980320,bitmex,111.62,111.66,8.0,7.0
2025-07-25T08:40:09.986374,bitmex,111.53,111.66,3.0,7.0
2025-07-25T08:40:10.011435,bitmex,111.62,111.66,8.0,7.0
2025-07-25T08:40:10.111460,bitmart,111.41,111.42,56544.0,6150.0
2025-07-25T08:40:10.168958,blofin,111.33,111.36,224.0,5.0
2025-07-25T08:40:10.261418,bitmex,111.62,111.65,8.0,3.0
2025-07-25T08:40:10.428311,bitmex,111.62,111.66,8.0,4.0
2025-07-25T08:40:10.440330,bitmex,111.62,111.66,8.0,7.0
2025-07-25T08:40:10.531140,bitmex,111.63,111.66,3.0,7.0
2025-07-25T08:40:10.538905,bitmex,111.63,111.66,3.0,4.0
2025-07-25T08:40:10.612443,bitrue,111.4,111.43,99.699,32.424
2025-07-25T08:40:10.664736,blofin,111.33,111.36,227.0,5.0
2025-07-25T08:40:10.671910,bitmex,111.63,111.66,3.0,7.0
2025-07-25T08:40:10.687523,bitmex,111.62,111.66,8.0,7.0
2025-07-25T08:40:10.776614,bitmex,111.62,111.66,8.0,4.0
2025-07-25T08:40:10.776631,bitmex,111.63,111.66,3.0,4.0
2025-07-25T08:40:10.946066,bitmex,111.63,111.66,3.0,7.0
2025-07-25T08:40:10.958318,bitmex,111.62,111.66,8.0,7.0
2025-07-25T08:40:10.983270,bitmex,111.62,111.65,8.0,3.0
2025-07-25T08:40:11.110834,bitmart,111.42,111.43,595.0,33333.0
2025-07-25T08:40:11.194483,blofin,111.34,111.36,100.0,5.0
2025-07-25T08:40:11.239910,bitmex,111.62,111.66,8.0,4.0
2025-07-25T08:40:11.245647,bitmex,111.62,111.66,8.0,7.0
2025-07-25T08:40:11.247922,bitmex,111.62,111.65,8.0,3.0
2025-07-25T08:40:11.253859,bitmex,111.62,111.66,8.0,4.0
2025-07-25T08:40:11.400255,bitmex,111.62,111.66,8.0,7.0
2025-07-25T08:40:11.431212,bitmex,111.62,111.65,8.0,3.0
2025-07-25T08:40:11.434437,bitmex,111.62,111.66,8.0,4.0
2025-07-25T08:40:11.581048,bitmex,111.62,111.65,8.0,3.0
2025-07-25T08:40:11.652749,blofin,111.34,111.37,51.0,17.0
2025-07-25T08:40:11.656672,bitrue,111.4,111.44,99.699,24.108
2025-07-25T08:40:11.974039,bitmex,111.54,111.65,4.0,3.0
2025-07-25T08:40:11.978149,bitmex,111.55,111.65,3.0,3.0
2025-07-25T08:40:12.051705,bitmex,111.59,111.65,8.0,3.0
2025-07-25T08:40:12.106056,bitmart,111.38,111.41,56630.0,8341.0
2025-07-25T08:40:12.156962,blofin,111.34,111.37,51.0,17.0
2025-07-25T08:40:12.220158,bitmex,111.6,111.65,3.0,3.0
2025-07-25T08:40:12.227701,bitmex,111.59,111.65,8.0,3.0
2025-07-25T08:40:12.254098,bitmex,111.55,111.65,3.0,3.0
2025-07-25T08:40:12.388347,bitmex,111.58,111.65,8.0,3.0
2025-07-25T08:40:12.400085,bitmex,111.59,111.65,3.0,3.0
2025-07-25T08:40:12.421044,bitmex,111.59,111.65,11.0,3.0
2025-07-25T08:40:12.489532,bitmex,111.6,111.65,3.0,3.0
2025-07-25T08:40:12.491905,bitmex,111.59,111.65,8.0,3.0
2025-07-25T08:40:12.648753,blofin,111.32,111.34,24.0,25.0
2025-07-25T08:40:12.703841,bitrue,111.37,111.41,117.157,90.332
2025-07-25T08:40:12.880969,bitmex,111.58,111.65,8.0,3.0
2025-07-25T08:40:12.908022,bitmex,111.58,111.65,16.0,3.0
2025-07-25T08:40:12.912849,bitmex,111.59,111.65,3.0,3.0
2025-07-25T08:40:13.100439,bitmart,111.38,111.39,13622.0,20475.0
2025-07-25T08:40:13.228553,blofin,111.32,111.34,28.0,25.0
2025-07-25T08:40:13.399152,bitmex,111.59,111.65,11.0,3.0
2025-07-25T08:40:13.620523,bitmex,111.59,111.65,3.0,3.0
2025-07-25T08:40:13.657186,blofin,111.32,111.34,28.0,25.0
2025-07-25T08:40:13.756104,bitrue,111.37,111.41,117.157,90.332
2025-07-25T08:40:14.068219,bitmart,111.38,111.39,13622.0,20475.0
2025-07-25T08:40:14.163730,bitmex,111.59,111.65,11.0,3.0
2025-07-25T08:40:14.168466,bitmex,111.6,111.65,3.0,3.0
2025-07-25T08:40:14.191507,blofin,111.32,111.34,24.0,100.0
2025-07-25T08:40:14.404170,bitmex,111.55,111.65,3.0,3.0
2025-07-25T08:40:14.613911,bitmex,111.59,111.65,8.0,3.0
2025-07-25T08:40:14.619295,bitmex,111.6,111.65,3.0,3.0
2025-07-25T08:40:14.660379,blofin,111.32,111.34,27.0,40.0
2025-07-25T08:40:14.663285,bitmex,111.6,111.65,11.0,3.0
2025-07-25T08:40:15.120446,bitmart,111.38,111.39,45252.0,3069.0
2025-07-25T08:40:15.203642,blofin,111.32,111.34,27.0,40.0
2025-07-25T08:40:15.420155,bitmex,111.6,111.65,8.0,3.0
2025-07-25T08:40:15.648367,blofin,111.33,111.36,41.0,26.0
2025-07-25T08:40:15.667194,bitmex,111.55,111.65,3.0,3.0
2025-07-25T08:40:15.667798,bitmex,111.59,111.65,8.0,3.0
2025-07-25T08:40:15.816999,bitmex,111.6,111.65,3.0,3.0
2025-07-25T08:40:15.848907,bitrue,111.37,111.42,117.157,47.494
2025-07-25T08:40:15.880337,bitmex,111.55,111.65,3.0,3.0
2025-07-25T08:40:16.048154,bitmart,111.38,111.39,39063.0,4078.0
2025-07-25T08:40:16.090404,bitmex,111.59,111.65,8.0,3.0
2025-07-25T08:40:16.096455,bitmex,111.6,111.65,3.0,3.0
2025-07-25T08:40:16.155692,bitmex,111.6,111.65,11.0,3.0
2025-07-25T08:40:16.170836,blofin,111.33,111.36,41.0,30.0
2025-07-25T08:40:16.338912,bitmex,111.61,111.65,3.0,3.0
2025-07-25T08:40:16.343586,bitmex,111.6,111.65,8.0,3.0
2025-07-25T08:40:16.368853,bitmex,111.55,111.65,3.0,3.0
2025-07-25T08:40:16.405507,bitmex,111.6,111.65,8.0,3.0
2025-07-25T08:40:16.493584,bitmex,111.61,111.65,3.0,3.0
2025-07-25T08:40:16.531952,bitmex,111.61,111.66,3.0,4.0
2025-07-25T08:40:16.537766,bitmex,111.61,111.66,3.0,7.0
2025-07-25T08:40:16.545326,bitmex,111.61,111.65,3.0,3.0
2025-07-25T08:40:16.562991,bitmex,111.61,111.65,11.0,3.0
2025-07-25T08:40:16.652271,blofin,111.33,111.36,41.0,30.0
2025-07-25T08:40:16.672107,bitmex,111.62,111.65,3.0,3.0
2025-07-25T08:40:16.680988,bitmex,111.61,111.65,8.0,3.0
2025-07-25T08:40:16.895702,bitrue,111.4,111.44,70.919,23.962
2025-07-25T08:40:17.100175,bitmart,111.4,111.41,63927.0,164.0
2025-07-25T08:40:17.199973,bitmex,111.62,111.65,3.0,3.0
2025-07-25T08:40:17.201540,bitmex,111.61,111.65,8.0,3.0
2025-07-25T08:40:17.207612,bitmex,111.62,111.65,3.0,3.0
2025-07-25T08:40:17.213777,bitmex,111.62,111.66,3.0,4.0
2025-07-25T08:40:17.221738,bitmex,111.62,111.66,3.0,7.0
2025-07-25T08:40:17.234544,blofin,111.33,111.36,17.0,42.0
2025-07-25T08:40:17.264889,bitmex,111.62,111.65,3.0,3.0
2025-07-25T08:40:17.266988,bitmex,111.55,111.65,3.0,3.0
2025-07-25T08:40:17.284371,bitmex,111.55,111.65,7.0,3.0
2025-07-25T08:40:17.288816,bitmex,111.56,111.65,3.0,3.0
2025-07-25T08:40:17.406342,bitmex,111.6,111.65,8.0,3.0
2025-07-25T08:40:17.412326,bitmex,111.61,111.65,3.0,3.0
2025-07-25T08:40:17.537575,bitmex,111.61,111.65,11.0,3.0
2025-07-25T08:40:17.543325,bitmex,111.62,111.65,3.0,3.0
2025-07-25T08:40:17.551987,bitmex,111.62,111.66,3.0,4.0
2025-07-25T08:40:17.553909,bitmex,111.62,111.66,3.0,7.0
2025-07-25T08:40:17.614564,bitmex,111.62,111.66,3.0,4.0
2025-07-25T08:40:17.614577,bitmex,111.62,111.65,3.0,3.0
2025-07-25T08:40:17.618360,bitmex,111.61,111.65,8.0,3.0
2025-07-25T08:40:17.636298,bitmex,111.61,111.66,8.0,4.0
2025-07-25T08:40:17.657526,blofin,111.33,111.35,3.0,7.0
2025-07-25T08:40:17.697589,bitmex,111.62,111.66,3.0,4.0
2025-07-25T08:40:17.813414,bitmex,111.62,111.66,3.0,7.0
2025-07-25T08:40:17.820965,bitmex,111.62,111.66,3.0,4.0
2025-07-25T08:40:17.893281,bitmex,111.56,111.66,3.0,4.0
2025-07-25T08:40:17.940650,bitrue,111.4,111.44,70.919,23.962
2025-07-25T08:40:18.071413,bitmex,111.63,111.66,8.0,4.0
2025-07-25T08:40:18.071439,bitmex,111.64,111.66,3.0,4.0
2025-07-25T08:40:18.083017,bitmart,111.41,111.43,120238.0,770.0
2025-07-25T08:40:18.140126,bitmex,111.63,111.66,8.0,4.0
2025-07-25T08:40:18.182241,bitmex,111.64,111.66,3.0,4.0
2025-07-25T08:40:18.184328,blofin,111.33,111.35,3.0,7.0
2025-07-25T08:40:18.277072,bitmex,111.64,111.67,3.0,4.0
2025-07-25T08:40:18.542176,bitmex,111.64,111.67,11.0,4.0
2025-07-25T08:40:18.543899,bitmex,111.65,111.67,3.0,4.0
2025-07-25T08:40:18.553169,bitmex,111.64,111.67,8.0,4.0
2025-07-25T08:40:18.649404,blofin,111.33,111.35,231.0,1.0
2025-07-25T08:40:18.712986,bitmex,111.64,111.67,8.0,7.0
2025-07-25T08:40:18.815141,bitmex,111.64,111.67,8.0,4.0
2025-07-25T08:40:18.868340,bitmex,111.64,111.67,8.0,7.0
2025-07-25T08:40:18.992054,bitrue,111.4,111.44,70.919,23.962
2025-07-25T08:40:19.147692,bitmart,111.43,111.44,4573.0,44432.0
2025-07-25T08:40:19.161990,blofin,111.36,111.37,147.0,4.0
2025-07-25T08:40:19.661344,blofin,111.35,111.37,25.0,4.0
2025-07-25T08:40:19.871010,bitmex,111.64,111.67,8.0,4.0
2025-07-25T08:40:19.881032,bitmex,111.65,111.67,3.0,4.0
2025-07-25T08:40:20.015060,bitmex,111.57,111.67,4.0,4.0
2025-07-25T08:40:20.015082,bitmex,111.58,111.67,3.0,4.0
2025-07-25T08:40:20.038019,bitmex,111.58,111.67,3.0,7.0
2025-07-25T08:40:20.041294,bitrue,111.4,111.45,70.919,26.253
2025-07-25T08:40:20.041852,bitmart,111.43,111.44,39167.0,4064.0
2025-07-25T08:40:20.168613,blofin,111.35,111.37,25.0,4.0
2025-07-25T08:40:20.170742,bitmex,111.63,111.67,8.0,7.0
2025-07-25T08:40:20.170752,bitmex,111.63,111.67,8.0,4.0
2025-07-25T08:40:20.170758,bitmex,111.64,111.67,3.0,4.0
2025-07-25T08:40:20.276071,bitmex,111.64,111.67,11.0,4.0
2025-07-25T08:40:20.419264,bitmex,111.64,111.67,11.0,7.0
2025-07-25T08:40:20.422676,bitmex,111.64,111.67,8.0,7.0
2025-07-25T08:40:20.575396,bitmex,111.64,111.66,8.0,3.0
2025-07-25T08:40:20.648521,blofin,111.35,111.37,84.0,4.0
2025-07-25T08:40:20.759430,bitmex,111.58,111.66,3.0,3.0
2025-07-25T08:40:20.794412,bitmex,111.62,111.66,8.0,3.0
2025-07-25T08:40:20.999462,bitmex,111.58,111.66,3.0,3.0
2025-07-25T08:40:21.025284,bitmex,111.6,111.66,8.0,3.0
2025-07-25T08:40:21.033880,bitmex,111.61,111.66,3.0,3.0
2025-07-25T08:40:21.053608,bitmart,111.39,111.44,50836.0,105.0
2025-07-25T08:40:21.059448,bitmex,111.6,111.66,8.0,3.0
2025-07-25T08:40:21.074655,bitmex,111.61,111.66,3.0,3.0
2025-07-25T08:40:21.192059,blofin,111.35,111.37,84.0,4.0
2025-07-25T08:40:21.239380,bitmex,111.58,111.66,3.0,3.0
2025-07-25T08:40:21.421328,bitmex,111.6,111.66,8.0,3.0
2025-07-25T08:40:21.514600,bitmex,111.6,111.66,16.0,3.0
2025-07-25T08:40:21.598752,bitmex,111.61,111.66,3.0,3.0
2025-07-25T08:40:21.598771,bitmex,111.6,111.66,16.0,3.0
2025-07-25T08:40:21.634993,bitmex,111.6,111.66,8.0,3.0
2025-07-25T08:40:21.646247,blofin,111.34,111.36,30.0,43.0
2025-07-25T08:40:21.715446,bitmex,111.58,111.66,3.0,3.0
2025-07-25T08:40:21.746157,bitmex,111.59,111.66,8.0,3.0
2025-07-25T08:40:21.750928,bitmex,111.6,111.66,3.0,3.0
2025-07-25T08:40:21.951642,bitmex,111.58,111.66,3.0,3.0
2025-07-25T08:40:22.098858,bitmart,111.38,111.39,19722.0,30052.0
2025-07-25T08:40:22.154619,blofin,111.34,111.35,4.0,94.0
2025-07-25T08:40:22.165419,bitmex,111.59,111.66,8.0,3.0
2025-07-25T08:40:22.174570,bitmex,111.6,111.66,3.0,3.0
2025-07-25T08:40:22.391189,bitmex,111.58,111.66,3.0,3.0
2025-07-25T08:40:22.476396,bitmex,111.59,111.66,8.0,3.0
2025-07-25T08:40:22.480912,bitmex,111.6,111.66,3.0,3.0
2025-07-25T08:40:22.646950,blofin,111.34,111.35,4.0,94.0
2025-07-25T08:40:22.681557,bitmex,111.58,111.66,3.0,3.0
2025-07-25T08:40:22.917591,bitmex,111.59,111.66,8.0,3.0
2025-07-25T08:40:22.920632,bitmex,111.6,111.66,3.0,3.0
2025-07-25T08:40:23.114875,bitmart,111.38,111.39,19722.0,11620.0
2025-07-25T08:40:23.135812,bitmex,111.58,111.66,3.0,3.0
2025-07-25T08:40:23.175862,bitrue,111.37,111.42,36.336,87.562
2025-07-25T08:40:23.197439,blofin,111.31,111.34,12.0,43.0
2025-07-25T08:40:23.204689,bitmex,111.59,111.66,8.0,3.0
2025-07-25T08:40:23.211245,bitmex,111.6,111.66,3.0,3.0
2025-07-25T08:40:23.651472,blofin,111.31,111.34,29.0,41.0
2025-07-25T08:40:23.660325,bitmex,111.6,111.67,3.0,4.0
2025-07-25T08:40:23.672913,bitmex,111.6,111.67,3.0,7.0
2025-07-25T08:40:23.678313,bitmex,111.6,111.67,3.0,4.0
2025-07-25T08:40:23.678333,bitmex,111.6,111.66,3.0,3.0
2025-07-25T08:40:23.779977,bitmex,111.6,111.67,3.0,4.0
2025-07-25T08:40:23.827763,bitmex,111.6,111.66,3.0,3.0
2025-07-25T08:40:23.911871,bitmex,111.61,111.66,8.0,3.0
2025-07-25T08:40:23.919098,bitmex,111.62,111.66,3.0,3.0
2025-07-25T08:40:24.007239,bitmex,111.62,111.67,3.0,68.0
2025-07-25T08:40:24.010337,bitmex,111.62,111.66,3.0,3.0
2025-07-25T08:40:24.059134,bitmart,111.4,111.41,181676.0,205.0
2025-07-25T08:40:24.128114,bitmex,111.6,111.66,3.0,3.0
2025-07-25T08:40:24.174436,blofin,111.31,111.34,29.0,41.0
2025-07-25T08:40:24.397511,bitmex,111.61,111.66,8.0,3.0
2025-07-25T08:40:24.402708,bitmex,111.62,111.66,3.0,3.0
2025-07-25T08:40:24.624459,bitmex,111.6,111.66,3.0,3.0
2025-07-25T08:40:24.662875,blofin,111.33,111.34,43.0,3.0
2025-07-25T08:40:24.902198,bitmex,111.61,111.66,8.0,3.0
2025-07-25T08:40:24.906452,bitmex,111.62,111.66,3.0,3.0
2025-07-25T08:40:24.965859,bitmex,111.62,111.67,3.0,68.0
2025-07-25T08:40:25.030418,bitmex,111.62,111.66,3.0,3.0
2025-07-25T08:40:25.121374,bitmex,111.6,111.66,3.0,3.0
2025-07-25T08:40:25.134057,bitmart,111.4,111.41,60185.0,190.0
2025-07-25T08:40:25.149442,bitmex,111.6,111.67,3.0,68.0
2025-07-25T08:40:25.182915,blofin,111.33,111.36,95.0,14.0
2025-07-25T08:40:25.261358,bitmex,111.6,111.66,3.0,3.0
2025-07-25T08:40:25.267300,bitrue,111.4,111.43,87.481,38.532
2025-07-25T08:40:25.392242,bitmex,111.61,111.66,8.0,3.0
2025-07-25T08:40:25.397325,bitmex,111.62,111.66,3.0,3.0
2025-07-25T08:40:25.585543,bitmex,111.61,111.66,8.0,3.0
2025-07-25T08:40:25.585961,bitmex,111.62,111.66,3.0,3.0
2025-07-25T08:40:25.602217,bitmex,111.61,111.66,8.0,3.0
2025-07-25T08:40:25.651078,blofin,111.34,111.36,78.0,1.0
2025-07-25T08:40:25.681468,bitmex,111.62,111.66,3.0,3.0
2025-07-25T08:40:25.685130,bitmex,111.61,111.66,8.0,3.0
2025-07-25T08:40:25.836057,bitmex,111.62,111.66,3.0,3.0
2025-07-25T08:40:25.983225,bitmex,111.6,111.66,3.0,3.0
2025-07-25T08:40:25.987752,bitmex,111.58,111.66,3.0,3.0
2025-07-25T08:40:26.048055,bitmart,111.41,111.42,42130.0,6367.0
2025-07-25T08:40:26.140114,bitmex,111.61,111.66,8.0,3.0
2025-07-25T08:40:26.142677,bitmex,111.62,111.66,3.0,3.0
2025-07-25T08:40:26.173560,blofin,111.34,111.36,78.0,1.0
2025-07-25T08:40:26.191726,bitmex,111.62,111.66,11.0,3.0
2025-07-25T08:40:26.230589,bitmex,111.62,111.66,8.0,3.0
2025-07-25T08:40:26.313646,bitrue,111.4,111.45,87.481,26.253
2025-07-25T08:40:26.654336,blofin,111.34,111.36,83.0,1.0
2025-07-25T08:40:27.124237,bitmart,111.41,111.42,1571.0,57233.0
2025-07-25T08:40:27.180690,blofin,111.34,111.36,7.0,27.0
2025-07-25T08:40:27.660231,blofin,111.34,111.36,30.0,5.0
2025-07-25T08:40:27.905880,bitmex,111.58,111.66,3.0,3.0
2025-07-25T08:40:27.923495,bitmex,111.6,111.66,8.0,3.0
2025-07-25T08:40:28.049521,bitmart,111.39,111.41,57537.0,663.0
2025-07-25T08:40:28.143064,bitmex,111.61,111.66,8.0,3.0
2025-07-25T08:40:28.193847,blofin,111.34,111.36,30.0,5.0
2025-07-25T08:40:28.405166,bitrue,111.39,111.42,53.456,68.237
2025-07-25T08:40:28.613651,bitmex,111.58,111.66,3.0,3.0
2025-07-25T08:40:28.639297,bitmex,111.58,111.66,11.0,3.0
2025-07-25T08:40:28.643991,bitmex,111.59,111.66,3.0,3.0
2025-07-25T08:40:28.653014,blofin,111.34,111.36,30.0,5.0
2025-07-25T08:40:28.674154,bitmex,111.59,111.66,11.0,3.0
2025-07-25T08:40:28.701015,bitmex,111.6,111.66,3.0,3.0
2025-07-25T08:40:28.704002,bitmex,111.59,111.66,8.0,3.0
2025-07-25T08:40:28.849647,bitmex,111.6,111.66,3.0,3.0
2025-07-25T08:40:28.930468,bitmex,111.6,111.66,11.0,3.0
2025-07-25T08:40:28.993747,bitmex,111.6,111.66,8.0,3.0
2025-07-25T08:40:29.060698,bitmart,111.38,111.4,142898.0,13270.0
2025-07-25T08:40:29.228522,blofin,111.34,111.35,4.0,56.0
2025-07-25T08:40:29.283010,bitmex,111.61,111.66,3.0,3.0
2025-07-25T08:40:29.287831,bitmex,111.6,111.66,8.0,3.0
2025-07-25T08:40:29.452496,bitrue,111.39,111.42,53.456,68.237
2025-07-25T08:40:29.646735,bitmex,111.6,111.66,16.0,3.0
2025-07-25T08:40:29.663002,blofin,111.34,111.35,4.0,56.0
2025-07-25T08:40:30.048386,bitmart,111.39,111.4,513.0,28510.0
2025-07-25T08:40:30.117456,bitmex,111.6,111.66,8.0,3.0
2025-07-25T08:40:30.143225,bitmex,111.57,111.66,4.0,3.0
2025-07-25T08:40:30.147928,bitmex,111.58,111.66,3.0,3.0
2025-07-25T08:40:30.166700,bitmex,111.59,111.66,8.0,3.0
2025-07-25T08:40:30.226915,blofin,111.33,111.35,1.0,24.0
2025-07-25T08:40:30.401480,bitmex,111.59,111.66,16.0,3.0
2025-07-25T08:40:30.497974,bitrue,111.37,111.42,42.324,68.237
2025-07-25T08:40:30.622684,bitmex,111.59,111.66,8.0,3.0
2025-07-25T08:40:30.651870,blofin,111.32,111.34,3.0,88.0
2025-07-25T08:40:31.114907,bitmart,111.37,111.4,14525.0,55096.0
2025-07-25T08:40:31.130253,bitmex,111.57,111.66,4.0,3.0
2025-07-25T08:40:31.162751,bitmex,111.57,111.66,7.0,3.0
2025-07-25T08:40:31.191475,bitmex,111.57,111.66,4.0,3.0
2025-07-25T08:40:31.196380,blofin,111.32,111.34,3.0,88.0
2025-07-25T08:40:31.199896,bitmex,111.54,111.66,4.0,3.0
2025-07-25T08:40:31.202621,bitmex,111.58,111.66,8.0,3.0
2025-07-25T08:40:31.408279,bitmex,111.55,111.66,3.0,3.0
2025-07-25T08:40:31.534611,bitmex,111.56,111.66,8.0,3.0
2025-07-25T08:40:31.550547,bitmex,111.56,111.62,8.0,210.0
2025-07-25T08:40:31.557149,bitmex,111.56,111.61,8.0,3.0
2025-07-25T08:40:31.557161,bitmex,111.56,111.61,8.0,66.0
2025-07-25T08:40:31.573202,bitmex,111.56,111.6,8.0,3.0
2025-07-25T08:40:31.657092,blofin,111.31,111.33,103.0,114.0
2025-07-25T08:40:31.908765,bitmex,111.56,111.6,16.0,3.0
2025-07-25T08:40:32.038219,bitmart,111.37,111.38,14525.0,31767.0
2025-07-25T08:40:32.125023,bitmex,111.56,111.6,8.0,3.0
2025-07-25T08:40:32.191572,blofin,111.3,111.31,10.0,126.0
2025-07-25T08:40:32.595742,bitrue,111.34,111.39,35.934,98.287
2025-07-25T08:40:32.657421,blofin,111.3,111.31,10.0,126.0
2025-07-25T08:40:33.060099,bitmart,111.37,111.38,14525.0,31767.0
2025-07-25T08:40:33.186312,blofin,111.3,111.32,10.0,125.0
2025-07-25T08:40:33.495595,bitmex,111.52,111.6,4.0,3.0
2025-07-25T08:40:33.501362,bitmex,111.52,111.6,7.0,3.0
2025-07-25T08:40:33.501373,bitmex,111.53,111.6,3.0,3.0
2025-07-25T08:40:33.553995,bitmex,111.53,111.6,11.0,3.0
2025-07-25T08:40:33.560214,bitmex,111.54,111.6,3.0,3.0
2025-07-25T08:40:33.567547,bitmex,111.53,111.6,8.0,3.0
2025-07-25T08:40:33.654315,blofin,111.29,111.31,1.0,172.0
2025-07-25T08:40:33.667195,bitmex,111.53,111.6,16.0,3.0
2025-07-25T08:40:33.709655,bitmex,111.54,111.6,3.0,3.0
2025-07-25T08:40:33.890553,bitmex,111.52,111.6,4.0,3.0
2025-07-25T08:40:33.900893,bitmex,111.53,111.6,3.0,3.0
2025-07-25T08:40:34.035164,bitmex,111.53,111.6,11.0,3.0
2025-07-25T08:40:34.040080,bitmex,111.54,111.6,3.0,3.0
2025-07-25T08:40:34.099960,bitmart,111.32,111.33,40196.0,52947.0
2025-07-25T08:40:34.158659,blofin,111.29,111.31,1.0,172.0
2025-07-25T08:40:34.199409,bitmex,111.53,111.6,8.0,3.0
2025-07-25T08:40:34.412384,bitmex,111.53,111.6,16.0,3.0
2025-07-25T08:40:34.473695,bitmex,111.54,111.6,3.0,3.0
2025-07-25T08:40:34.652901,blofin,111.25,111.28,2.0,163.0
2025-07-25T08:40:34.682131,bitrue,111.32,111.35,13.354,98.671
2025-07-25T08:40:35.046128,bitmart,111.32,111.33,40196.0,24873.0
2025-07-25T08:40:35.196391,blofin,111.26,111.28,13.0,78.0
2025-07-25T08:40:35.570376,bitmex,111.52,111.6,4.0,3.0
2025-07-25T08:40:35.580886,bitmex,111.53,111.6,3.0,3.0
2025-07-25T08:40:35.653507,blofin,111.26,111.28,13.0,78.0
2025-07-25T08:40:35.658950,bitmex,111.53,111.6,11.0,3.0
2025-07-25T08:40:35.662219,bitmex,111.54,111.6,3.0,3.0
2025-07-25T08:40:35.731616,bitrue,111.32,111.35,13.354,98.671
2025-07-25T08:40:35.865597,bitmex,111.53,111.6,8.0,3.0
2025-07-25T08:40:35.872625,bitmex,111.52,111.6,4.0,3.0
2025-07-25T08:40:35.877310,bitmex,111.53,111.6,3.0,3.0
2025-07-25T08:40:35.898952,bitmex,111.53,111.6,11.0,3.0
2025-07-25T08:40:35.937211,bitmex,111.54,111.6,3.0,3.0
2025-07-25T08:40:35.970669,bitmex,111.53,111.6,8.0,3.0
2025-07-25T08:40:36.015566,bitmex,111.53,111.6,16.0,3.0
2025-07-25T08:40:36.078271,bitmex,111.53,111.6,16.0,7.0
2025-07-25T08:40:36.082406,bitmex,111.53,111.59,16.0,2.0
2025-07-25T08:40:36.096837,bitmart,111.31,111.33,273737.0,30565.0
2025-07-25T08:40:36.114397,bitmex,111.53,111.59,8.0,2.0
2025-07-25T08:40:36.182354,blofin,111.25,111.28,32.0,14.0
2025-07-25T08:40:36.219207,bitmex,111.51,111.59,3.0,2.0
2025-07-25T08:40:36.223746,bitmex,111.45,111.59,4.0,2.0
2025-07-25T08:40:36.228315,bitmex,111.46,111.59,2.0,2.0
2025-07-25T08:40:36.233442,bitmex,111.46,111.59,6.0,2.0
2025-07-25T08:40:36.238312,bitmex,111.47,111.59,2.0,2.0
2025-07-25T08:40:36.243602,bitmex,111.47,111.59,6.0,2.0
2025-07-25T08:40:36.249272,bitmex,111.48,111.59,2.0,2.0
2025-07-25T08:40:36.254232,bitmex,111.52,111.59,8.0,2.0
2025-07-25T08:40:36.453952,bitmex,111.48,111.59,2.0,2.0
2025-07-25T08:40:36.490517,bitmex,111.5,111.59,8.0,2.0
2025-07-25T08:40:36.650731,blofin,111.25,111.27,1.0,82.0
2025-07-25T08:40:36.843739,bitmex,111.5,111.56,8.0,210.0
2025-07-25T08:40:36.848473,bitmex,111.5,111.55,8.0,63.0
2025-07-25T08:40:36.848850,bitmex,111.5,111.55,8.0,65.0
2025-07-25T08:40:36.852664,bitmex,111.5,111.54,8.0,2.0
2025-07-25T08:40:36.916596,bitrue,111.28,111.32,31.926,102.594
2025-07-25T08:40:37.054582,bitmart,111.29,111.3,4600.0,58060.0
2025-07-25T08:40:37.178698,blofin,111.25,111.27,1.0,82.0
2025-07-25T08:40:37.655109,blofin,111.23,111.26,155.0,108.0
2025-07-25T08:40:37.955655,bitmex,111.45,111.54,4.0,2.0
2025-07-25T08:40:37.961908,bitrue,111.28,111.32,31.926,102.594
2025-07-25T08:40:37.962483,bitmex,111.46,111.54,2.0,2.0
2025-07-25T08:40:37.987350,bitmex,111.48,111.54,8.0,2.0
2025-07-25T08:40:38.109305,bitmart,111.26,111.3,149546.0,43045.0
2025-07-25T08:40:38.208214,bitmex,111.46,111.54,2.0,2.0
2025-07-25T08:40:38.237032,bitmex,111.47,111.54,8.0,2.0
2025-07-25T08:40:38.237847,blofin,111.23,111.24,155.0,155.0
2025-07-25T08:40:38.248576,bitmex,111.48,111.54,2.0,2.0
2025-07-25T08:40:38.446278,bitmex,111.46,111.54,2.0,2.0
2025-07-25T08:40:38.651116,blofin,111.23,111.24,155.0,155.0
2025-07-25T08:40:38.657629,bitmex,111.47,111.54,8.0,2.0
2025-07-25T08:40:38.670184,bitmex,111.48,111.54,2.0,2.0
2025-07-25T08:40:38.884092,bitmex,111.46,111.54,2.0,2.0
2025-07-25T08:40:38.965689,bitmex,111.47,111.54,8.0,2.0
2025-07-25T08:40:39.005236,bitrue,111.26,111.29,124.562,98.194
2025-07-25T08:40:39.019039,bitmex,111.48,111.54,2.0,2.0
2025-07-25T08:40:39.019053,bitmex,111.47,111.54,8.0,2.0
2025-07-25T08:40:39.028608,bitmex,111.48,111.54,2.0,2.0
2025-07-25T08:40:39.069127,bitmart,111.26,111.27,34134.0,20326.0
2025-07-25T08:40:39.185227,bitmex,111.46,111.54,2.0,2.0
2025-07-25T08:40:39.191516,blofin,111.22,111.23,2.0,111.0
2025-07-25T08:40:39.409661,bitmex,111.47,111.54,8.0,2.0
2025-07-25T08:40:39.422534,bitmex,111.48,111.54,2.0,2.0
2025-07-25T08:40:39.642752,bitmex,111.47,111.54,8.0,2.0
2025-07-25T08:40:39.646845,bitmex,111.46,111.54,2.0,2.0
2025-07-25T08:40:39.655229,blofin,111.22,111.23,2.0,133.0
2025-07-25T08:40:39.672484,bitmex,111.47,111.54,8.0,2.0
2025-07-25T08:40:40.054905,bitrue,111.26,111.29,124.562,98.194
2025-07-25T08:40:40.130254,bitmart,111.26,111.27,12875.0,101128.0
2025-07-25T08:40:40.208704,blofin,111.22,111.23,2.0,133.0
2025-07-25T08:40:40.648151,blofin,111.19,111.21,88.0,166.0
2025-07-25T08:40:41.051570,bitmart,111.26,111.27,12875.0,101128.0
2025-07-25T08:40:41.109194,bitrue,111.24,111.29,97.833,98.194
2025-07-25T08:40:41.143434,bitmex,111.48,111.54,2.0,2.0
2025-07-25T08:40:41.149880,bitmex,111.47,111.54,8.0,2.0
2025-07-25T08:40:41.170295,bitmex,111.48,111.54,2.0,2.0
2025-07-25T08:40:41.174335,bitmex,111.47,111.54,8.0,2.0
2025-07-25T08:40:41.175534,blofin,111.19,111.21,31.0,103.0
2025-07-25T08:40:41.202039,bitmex,111.48,111.54,2.0,2.0
2025-07-25T08:40:41.210735,bitmex,111.47,111.54,8.0,2.0
2025-07-25T08:40:41.227354,bitmex,111.48,111.54,2.0,2.0
2025-07-25T08:40:41.232639,bitmex,111.47,111.54,8.0,2.0
2025-07-25T08:40:41.238649,bitmex,111.48,111.54,2.0,2.0
2025-07-25T08:40:41.396528,bitmex,111.46,111.54,2.0,2.0
2025-07-25T08:40:41.650856,blofin,111.19,111.21,28.0,94.0
2025-07-25T08:40:41.658146,bitmex,111.47,111.54,8.0,2.0
2025-07-25T08:40:42.087580,bitmart,111.26,111.27,11148.0,66785.0
2025-07-25T08:40:42.230206,blofin,111.19,111.21,28.0,94.0
2025-07-25T08:40:42.615984,bitmex,111.46,111.54,2.0,2.0
2025-07-25T08:40:42.657373,blofin,111.19,111.21,79.0,71.0
2025-07-25T08:40:42.819116,bitmex,111.45,111.54,4.0,2.0
2025-07-25T08:40:42.824940,bitmex,111.45,111.54,6.0,2.0
2025-07-25T08:40:42.911129,bitmex,111.45,111.54,14.0,2.0
2025-07-25T08:40:42.920354,bitmex,111.45,111.54,10.0,2.0
2025-07-25T08:40:42.926916,bitmex,111.45,111.54,18.0,2.0
2025-07-25T08:40:42.926926,bitmex,111.45,111.54,16.0,2.0
2025-07-25T08:40:42.995039,bitmex,111.45,111.54,16.0,6.0
2025-07-25T08:40:43.002700,bitmex,111.45,111.54,16.0,4.0
2025-07-25T08:40:43.002716,bitmex,111.45,111.53,16.0,2.0
2025-07-25T08:40:43.047373,bitmex,111.45,111.53,16.0,6.0
2025-07-25T08:40:43.047386,bitmex,111.45,111.52,16.0,2.0
2025-07-25T08:40:43.096631,bitmart,111.23,111.25,9031.0,33488.0
2025-07-25T08:40:43.139764,bitmex,111.45,111.52,8.0,2.0
2025-07-25T08:40:43.167858,blofin,111.19,111.21,80.0,71.0
2025-07-25T08:40:43.199189,bitrue,111.23,111.27,62.49,89.596
2025-07-25T08:40:43.363394,bitmex,111.43,111.52,4.0,2.0
2025-07-25T08:40:43.375214,bitmex,111.44,111.52,2.0,2.0
2025-07-25T08:40:43.411573,bitmex,111.44,111.52,10.0,2.0
2025-07-25T08:40:43.411585,bitmex,111.45,111.52,2.0,2.0
2025-07-25T08:40:43.646597,blofin,111.19,111.21,80.0,71.0
2025-07-25T08:40:43.873914,bitmex,111.45,111.52,10.0,2.0
2025-07-25T08:40:43.879274,bitmex,111.45,111.52,8.0,2.0
2025-07-25T08:40:43.885097,bitmex,111.46,111.52,2.0,2.0
2025-07-25T08:40:44.085605,bitmart,111.24,111.25,77568.0,76.0
2025-07-25T08:40:44.231243,blofin,111.19,111.2,75.0,153.0
2025-07-25T08:40:44.247834,bitrue,111.23,111.27,62.49,89.596
2025-07-25T08:40:44.604046,bitmex,111.46,111.52,10.0,2.0
2025-07-25T08:40:44.609641,bitmex,111.47,111.52,2.0,2.0
2025-07-25T08:40:44.648879,blofin,111.19,111.2,75.0,153.0
2025-07-25T08:40:45.915760,bitmex,111.43,111.52,4.0,2.0
2025-07-25T08:40:45.915799,bitmex,111.44,111.52,2.0,2.0
2025-07-25T08:40:45.915818,bitmex,111.46,111.52,8.0,2.0
2025-07-25T08:40:45.915826,bitmex,111.47,111.52,2.0,2.0
2025-07-25T08:40:45.915843,bitmex,111.46,111.52,8.0,2.0
2025-07-25T08:40:45.915851,bitmex,111.44,111.52,2.0,2.0
2025-07-25T08:40:45.915859,bitmex,111.45,111.52,8.0,2.0
2025-07-25T08:40:45.915867,bitmex,111.46,111.52,2.0,2.0
2025-07-25T08:40:45.915882,bitmex,111.45,111.52,8.0,2.0
2025-07-25T08:40:45.915890,bitmex,111.46,111.52,2.0,2.0
2025-07-25T08:40:45.915899,bitmex,111.45,111.52,8.0,2.0
2025-07-25T08:40:45.915907,bitmex,111.46,111.52,2.0,2.0
2025-07-25T08:40:45.915925,bitmex,111.45,111.52,8.0,2.0
2025-07-25T08:40:45.915955,bitmex,111.44,111.52,2.0,2.0
2025-07-25T08:40:45.915968,bitmex,111.45,111.52,8.0,2.0
2025-07-25T08:40:45.916041,bitmex,111.46,111.52,2.0,2.0
2025-07-25T08:40:45.916072,bitmex,111.44,111.52,2.0,2.0
2025-07-25T08:40:45.916087,bitmart,111.25,111.26,207.0,36463.0
2025-07-25T08:40:45.916122,blofin,111.18,111.21,140.0,30.0
2025-07-25T08:40:45.916150,blofin,111.18,111.21,142.0,32.0
2025-07-25T08:40:45.916159,bitrue,111.23,111.29,62.49,98.194
2025-07-25T08:40:45.944851,bitmex,111.44,111.52,10.0,2.0
2025-07-25T08:40:45.971045,bitmex,111.45,111.52,2.0,2.0
2025-07-25T08:40:46.024798,bitmex,111.45,111.52,10.0,2.0
2025-07-25T08:40:46.104612,bitmart,111.24,111.25,2668.0,17267.0
2025-07-25T08:40:46.214957,blofin,111.18,111.21,142.0,32.0
2025-07-25T08:40:46.343489,bitrue,111.23,111.27,62.49,105.112
2025-07-25T08:40:46.380572,bitmex,111.46,111.52,2.0,2.0
2025-07-25T08:40:46.652620,blofin,111.18,111.21,146.0,30.0
2025-07-25T08:40:47.106856,bitmart,111.24,111.25,44666.0,808.0
2025-07-25T08:40:47.149170,blofin,111.18,111.2,5.0,84.0
2025-07-25T08:40:47.391741,bitrue,111.23,111.29,62.49,98.194
2025-07-25T08:40:47.646236,blofin,111.18,111.2,5.0,84.0
2025-07-25T08:40:48.131675,bitmart,111.24,111.25,39551.0,629.0
2025-07-25T08:40:48.202064,blofin,111.18,111.2,5.0,40.0
2025-07-25T08:40:48.412260,bitmex,111.43,111.52,4.0,2.0
2025-07-25T08:40:48.417100,bitmex,111.44,111.52,2.0,2.0
2025-07-25T08:40:48.458009,bitmex,111.44,111.52,10.0,2.0
2025-07-25T08:40:48.464027,bitmex,111.45,111.52,2.0,2.0
2025-07-25T08:40:48.513579,bitmex,111.45,111.52,10.0,2.0
2025-07-25T08:40:48.519158,bitmex,111.46,111.52,2.0,2.0
2025-07-25T08:40:48.661322,blofin,111.18,111.2,5.0,37.0
2025-07-25T08:40:48.727691,bitmex,111.44,111.52,2.0,2.0
2025-07-25T08:40:48.942656,bitmex,111.44,111.52,10.0,2.0
2025-07-25T08:40:48.944067,bitmex,111.45,111.52,2.0,2.0
2025-07-25T08:40:48.998490,bitmex,111.45,111.52,10.0,2.0
2025-07-25T08:40:49.003271,bitmex,111.45,111.52,8.0,2.0
2025-07-25T08:40:49.003284,bitmex,111.46,111.52,2.0,2.0
2025-07-25T08:40:49.041050,bitmart,111.24,111.25,23618.0,21745.0
2025-07-25T08:40:49.213462,bitmex,111.44,111.52,2.0,2.0
2025-07-25T08:40:49.215726,blofin,111.18,111.2,5.0,37.0
2025-07-25T08:40:49.420129,bitmex,111.44,111.52,10.0,2.0
2025-07-25T08:40:49.427078,bitmex,111.45,111.52,2.0,2.0
2025-07-25T08:40:49.476616,bitrue,111.23,111.27,62.49,74.014
2025-07-25T08:40:49.481181,bitmex,111.45,111.52,10.0,2.0
2025-07-25T08:40:49.486153,bitmex,111.46,111.52,2.0,2.0
2025-07-25T08:40:49.659329,blofin,111.18,111.21,88.0,34.0
2025-07-25T08:40:49.694526,bitmex,111.44,111.52,2.0,2.0
2025-07-25T08:40:49.900835,bitmex,111.44,111.52,10.0,2.0
2025-07-25T08:40:49.904979,bitmex,111.44,111.52,8.0,2.0
2025-07-25T08:40:49.905918,bitmex,111.45,111.52,2.0,2.0
2025-07-25T08:40:49.964130,bitmex,111.45,111.52,10.0,2.0
2025-07-25T08:40:49.968583,bitmex,111.46,111.52,2.0,2.0
2025-07-25T08:40:50.049969,bitmart,111.24,111.25,3389.0,48438.0
2025-07-25T08:40:50.163989,blofin,111.18,111.21,32.0,46.0
2025-07-25T08:40:50.173175,bitmex,111.44,111.52,2.0,2.0
2025-07-25T08:40:50.381951,bitmex,111.44,111.52,10.0,2.0
2025-07-25T08:40:50.387096,bitmex,111.45,111.52,2.0,2.0
2025-07-25T08:40:50.499381,bitmex,111.44,111.52,8.0,2.0
2025-07-25T08:40:50.657873,blofin,111.18,111.21,32.0,46.0
2025-07-25T08:40:50.757715,bitmex,111.45,111.52,2.0,2.0
2025-07-25T08:40:50.764900,bitmex,111.44,111.52,8.0,2.0
2025-07-25T08:40:50.773534,bitmex,111.45,111.52,2.0,2.0
2025-07-25T08:40:51.047369,bitmart,111.23,111.24,62708.0,2329.0
2025-07-25T08:40:51.176661,blofin,111.18,111.2,29.0,93.0
2025-07-25T08:40:51.275943,bitmex,111.43,111.52,4.0,2.0
2025-07-25T08:40:51.294089,bitmex,111.44,111.52,2.0,2.0
2025-07-25T08:40:51.304215,bitmex,111.43,111.52,4.0,2.0
2025-07-25T08:40:51.363215,bitmex,111.44,111.52,2.0,2.0
2025-07-25T08:40:51.474573,bitmex,111.44,111.5,2.0,211.0
2025-07-25T08:40:51.479628,bitmex,111.43,111.5,12.0,211.0
2025-07-25T08:40:51.479639,bitmex,111.43,111.49,12.0,2.0
2025-07-25T08:40:51.504366,bitmex,111.43,111.49,12.0,65.0
2025-07-25T08:40:51.517740,bitmex,111.43,111.48,12.0,2.0
2025-07-25T08:40:51.565242,bitrue,111.22,111.27,63.193,74.014
2025-07-25T08:40:51.572957,bitmex,111.43,111.48,8.0,2.0
2025-07-25T08:40:51.592578,bitmex,111.44,111.48,2.0,2.0
2025-07-25T08:40:51.597542,bitmex,111.43,111.48,8.0,2.0
2025-07-25T08:40:51.655635,blofin,111.17,111.19,186.0,113.0
2025-07-25T08:40:51.677007,bitmex,111.42,111.48,6.0,2.0
2025-07-25T08:40:51.689184,bitmex,111.43,111.48,2.0,2.0
2025-07-25T08:40:51.960511,bitmex,111.43,111.49,2.0,63.0
2025-07-25T08:40:51.987221,bitmex,111.43,111.5,2.0,211.0
2025-07-25T08:40:52.112251,bitmart,111.22,111.23,91664.0,7233.0
2025-07-25T08:40:52.130196,bitmex,111.43,111.5,10.0,211.0
2025-07-25T08:40:52.130734,bitmex,111.44,111.5,2.0,211.0
2025-07-25T08:40:52.205110,blofin,111.14,111.17,120.0,21.0
2025-07-25T08:40:52.290453,bitmex,111.45,111.5,8.0,211.0
2025-07-25T08:40:52.294502,bitmex,111.46,111.5,2.0,211.0
2025-07-25T08:40:52.347364,bitmex,111.46,111.52,2.0,2.0
2025-07-25T08:40:52.359516,bitmex,111.46,111.52,2.0,65.0
2025-07-25T08:40:52.368138,bitmex,111.46,111.51,2.0,2.0
2025-07-25T08:40:52.607730,bitmex,111.45,111.51,8.0,2.0
2025-07-25T08:40:52.619416,bitrue,111.21,111.27,45.303,74.014
2025-07-25T08:40:52.646538,blofin,111.14,111.17,120.0,21.0
2025-07-25T08:40:52.994123,bitmex,111.44,111.51,2.0,2.0
2025-07-25T08:40:53.019935,bitmex,111.44,111.51,10.0,2.0
2025-07-25T08:40:53.057950,bitmart,111.24,111.25,487.0,82063.0
2025-07-25T08:40:53.104620,bitmex,111.45,111.51,2.0,2.0
2025-07-25T08:40:53.184691,blofin,111.18,111.2,165.0,57.0
2025-07-25T08:40:53.250723,bitmex,111.42,111.51,4.0,2.0
2025-07-25T08:40:53.255415,bitmex,111.43,111.51,2.0,2.0
2025-07-25T08:40:53.467946,bitmex,111.43,111.51,10.0,2.0
2025-07-25T08:40:53.467958,bitmex,111.44,111.51,2.0,2.0
2025-07-25T08:40:53.655867,blofin,111.17,111.19,6.0,66.0
2025-07-25T08:40:53.667740,bitrue,111.23,111.27,23.303,97.583
2025-07-25T08:40:53.777395,bitmex,111.42,111.51,4.0,2.0
2025-07-25T08:40:53.782685,bitmex,111.43,111.51,2.0,2.0
2025-07-25T08:40:53.876635,bitmex,111.43,111.51,2.0,6.0
2025-07-25T08:40:53.880778,bitmex,111.43,111.5,2.0,2.0
2025-07-25T08:40:54.011509,bitmex,111.43,111.5,10.0,2.0
2025-07-25T08:40:54.040660,bitmex,111.44,111.5,2.0,2.0
2025-07-25T08:40:54.065715,bitmart,111.22,111.24,36195.0,16911.0
2025-07-25T08:40:54.164945,blofin,111.17,111.19,6.0,66.0
2025-07-25T08:40:54.529181,bitmex,111.42,111.5,4.0,2.0
2025-07-25T08:40:54.536269,bitmex,111.43,111.5,2.0,2.0
2025-07-25T08:40:54.649581,blofin,111.17,111.19,6.0,69.0
2025-07-25T08:40:54.721582,bitrue,111.21,111.27,45.303,97.583
2025-07-25T08:40:54.741769,bitmex,111.43,111.5,10.0,2.0
2025-07-25T08:40:54.944255,bitmex,111.43,111.5,2.0,2.0
2025-07-25T08:40:55.021084,bitmex,111.42,111.5,4.0,2.0
2025-07-25T08:40:55.021098,bitmex,111.42,111.5,6.0,2.0
2025-07-25T08:40:55.066008,bitmart,111.22,111.23,562.0,47047.0
2025-07-25T08:40:55.197331,blofin,111.17,111.19,3.0,72.0
2025-07-25T08:40:55.229106,bitmex,111.42,111.5,14.0,2.0
2025-07-25T08:40:55.286619,bitmex,111.43,111.5,2.0,2.0
2025-07-25T08:40:55.290528,bitmex,111.42,111.5,12.0,2.0
2025-07-25T08:40:55.436873,bitmex,111.43,111.5,2.0,2.0
2025-07-25T08:40:55.575393,bitmex,111.42,111.5,12.0,2.0
2025-07-25T08:40:55.602332,bitmex,111.43,111.5,2.0,2.0
2025-07-25T08:40:55.650335,blofin,111.16,111.18,4.0,127.0
2025-07-25T08:40:55.767336,bitrue,111.21,111.24,45.303,105.273
2025-07-25T08:40:56.105335,bitmart,111.21,111.22,1936.0,23266.0
2025-07-25T08:40:56.226418,blofin,111.16,111.18,4.0,127.0
2025-07-25T08:40:56.384222,bitmex,111.42,111.5,4.0,2.0
