timestamp,exchange,bid,ask,bid_vol,ask_vol
2025-07-25T08:37:43.983873,bitrue,177.65,177.68,123.727,130.366
2025-07-25T08:37:43.983887,bitrue,177.65,177.68,123.727,130.366
2025-07-25T08:37:44.145585,bitmex,177.81,178.0,62.0,23.0
2025-07-25T08:37:44.213746,blofin,177.49,177.5,1397.0,3.0
2025-07-25T08:37:44.660532,blofin,177.49,177.5,1397.0,3.0
2025-07-25T08:37:44.684824,bitmart,177.56,177.57,509.0,4.0
2025-07-25T08:37:45.144710,blofin,177.5,177.51,1527.0,3.0
2025-07-25T08:37:45.661154,bitmex,177.81,178.02,62.0,23.0
2025-07-25T08:37:45.662221,blofin,177.52,177.54,469.0,377.0
2025-07-25T08:37:45.671163,bitmex,177.81,178.04,62.0,23.0
2025-07-25T08:37:45.675724,bitmart,177.56,177.57,509.0,4.0
2025-07-25T08:37:46.163090,blofin,177.52,177.54,469.0,377.0
2025-07-25T08:37:46.208187,bitmex,177.81,178.04,357.0,23.0
2025-07-25T08:37:46.413698,bitmex,177.81,178.04,62.0,23.0
2025-07-25T08:37:46.512462,bitmex,177.81,178.04,357.0,23.0
2025-07-25T08:37:46.650880,blofin,177.53,177.54,1252.0,152.0
2025-07-25T08:37:46.683524,bitmart,177.56,177.57,357.0,4.0
2025-07-25T08:37:47.018661,bitrue,177.65,177.7,123.727,91.015
2025-07-25T08:37:47.187406,blofin,177.52,177.53,399.0,80.0
2025-07-25T08:37:47.652188,blofin,177.52,177.53,399.0,80.0
2025-07-25T08:37:47.671621,bitmart,177.56,177.57,264.0,4.0
2025-07-25T08:37:48.060658,bitrue,177.68,177.73,115.568,116.942
2025-07-25T08:37:48.157439,blofin,177.52,177.53,399.0,80.0
2025-07-25T08:37:48.646526,blofin,177.55,177.56,1158.0,65.0
2025-07-25T08:37:48.667868,bitmart,177.56,177.57,578.0,4.0
2025-07-25T08:37:49.111045,bitrue,177.68,177.73,115.568,116.942
2025-07-25T08:37:49.196592,blofin,177.55,177.56,1158.0,65.0
2025-07-25T08:37:49.434488,bitmex,177.83,178.04,2050.0,23.0
2025-07-25T08:37:49.438563,bitmex,177.84,178.04,19.0,23.0
2025-07-25T08:37:49.440203,bitmex,177.84,178.04,615.0,23.0
2025-07-25T08:37:49.444550,bitmex,177.84,178.04,639.0,23.0
2025-07-25T08:37:49.652266,blofin,177.56,177.57,414.0,153.0
2025-07-25T08:37:49.679683,bitmart,177.62,177.65,468.0,1.0
2025-07-25T08:37:50.160185,bitmex,177.84,178.04,738.0,23.0
2025-07-25T08:37:50.164972,bitmex,177.85,178.04,19.0,23.0
2025-07-25T08:37:50.164978,bitmex,177.85,178.04,37.0,23.0
2025-07-25T08:37:50.172263,bitmex,177.85,178.04,61.0,23.0
2025-07-25T08:37:50.226142,blofin,177.56,177.57,409.0,124.0
2025-07-25T08:37:50.582014,bitmex,177.85,178.04,1015.0,23.0
2025-07-25T08:37:50.587034,bitmex,177.86,178.04,19.0,23.0
2025-07-25T08:37:50.587984,bitmex,177.86,178.04,293.0,23.0
2025-07-25T08:37:50.592861,bitmex,177.86,178.04,317.0,23.0
2025-07-25T08:37:50.647263,blofin,177.56,177.57,409.0,124.0
2025-07-25T08:37:50.680330,bitmart,177.63,177.65,128.0,491.0
2025-07-25T08:37:51.164551,blofin,177.56,177.57,409.0,124.0
2025-07-25T08:37:51.204993,bitrue,177.71,177.75,106.825,124.329
2025-07-25T08:37:51.653098,blofin,177.56,177.57,29.0,662.0
2025-07-25T08:37:51.671866,bitmart,177.63,177.64,128.0,491.0
2025-07-25T08:37:51.797398,bitmex,177.86,178.04,24.0,23.0
2025-07-25T08:37:51.898005,bitmex,177.86,178.04,43.0,23.0
2025-07-25T08:37:51.899451,bitmex,177.86,178.04,310.0,23.0
2025-07-25T08:37:52.152374,blofin,177.56,177.57,29.0,662.0
2025-07-25T08:37:52.253281,bitrue,177.69,177.75,41.423,124.329
2025-07-25T08:37:52.650820,blofin,177.55,177.56,84.0,429.0
2025-07-25T08:37:52.715211,bitmart,177.63,177.64,128.0,244.0
2025-07-25T08:37:53.210257,blofin,177.55,177.56,129.0,422.0
2025-07-25T08:37:53.259861,bitmex,177.86,178.04,24.0,23.0
2025-07-25T08:37:53.618101,bitmex,177.86,178.02,24.0,952.0
2025-07-25T08:37:53.624239,bitmex,177.86,178.01,24.0,19.0
2025-07-25T08:37:53.624252,bitmex,177.86,178.01,24.0,43.0
2025-07-25T08:37:53.624259,bitmex,177.86,178.01,24.0,310.0
2025-07-25T08:37:53.627937,bitmex,177.86,178.0,24.0,24.0
2025-07-25T08:37:53.653586,blofin,177.55,177.56,129.0,422.0
2025-07-25T08:37:53.675297,bitmart,177.61,177.63,33.0,601.0
2025-07-25T08:37:54.198980,blofin,177.52,177.53,5.0,251.62
2025-07-25T08:37:54.347055,bitrue,177.66,177.7,129.166,114.788
2025-07-25T08:37:54.653692,blofin,177.52,177.53,5.0,251.62
2025-07-25T08:37:54.681250,bitmart,177.61,177.62,123.0,263.0
2025-07-25T08:37:55.207464,blofin,177.52,177.53,51.0,784.0
2025-07-25T08:37:55.399150,bitrue,177.66,177.71,129.166,108.341
2025-07-25T08:37:55.648043,blofin,177.52,177.53,119.0,252.0
2025-07-25T08:37:55.668032,bitmart,177.61,177.62,383.0,262.0
2025-07-25T08:37:56.229105,blofin,177.52,177.53,119.0,252.0
2025-07-25T08:37:56.658338,blofin,177.52,177.53,438.0,83.0
2025-07-25T08:37:56.696314,bitmart,177.61,177.62,29.0,480.0
2025-07-25T08:37:57.184137,blofin,177.52,177.53,438.0,83.0
2025-07-25T08:37:57.338255,bitmex,177.85,178.0,37.0,24.0
2025-07-25T08:37:57.343863,bitmex,177.85,178.0,60.0,24.0
2025-07-25T08:37:57.398688,bitmex,177.85,178.0,23.0,24.0
2025-07-25T08:37:57.422757,bitmex,177.84,178.0,99.0,24.0
2025-07-25T08:37:57.430542,bitmex,177.83,178.0,24.0,24.0
2025-07-25T08:37:57.434658,bitmex,177.83,178.0,24.0,43.0
2025-07-25T08:37:57.442450,bitmex,177.83,178.0,24.0,19.0
2025-07-25T08:37:57.442462,bitmex,177.83,177.99,24.0,23.0
2025-07-25T08:37:57.655667,blofin,177.52,177.53,438.0,83.0
2025-07-25T08:37:57.693650,bitmart,177.58,177.61,61.0,625.0
2025-07-25T08:37:58.164913,bitmex,177.81,177.99,355.0,23.0
2025-07-25T08:37:58.167847,blofin,177.51,177.52,8.0,598.0
2025-07-25T08:37:58.199983,bitmex,177.81,177.99,62.0,23.0
2025-07-25T08:37:58.276185,bitmex,177.81,177.99,43.0,23.0
2025-07-25T08:37:58.354020,bitmex,177.81,177.99,20.0,23.0
2025-07-25T08:37:58.491200,bitmex,177.81,177.99,43.0,23.0
2025-07-25T08:37:58.541346,bitrue,177.62,177.67,121.784,121.497
2025-07-25T08:37:58.609487,bitmex,177.81,177.95,43.0,951.0
2025-07-25T08:37:58.614906,bitmex,177.81,177.95,20.0,951.0
2025-07-25T08:37:58.616709,bitmex,177.81,177.94,20.0,23.0
2025-07-25T08:37:58.617004,bitmex,177.81,177.94,20.0,289.0
2025-07-25T08:37:58.617012,bitmex,177.81,177.94,20.0,308.0
2025-07-25T08:37:58.622390,bitmex,177.81,177.93,20.0,23.0
2025-07-25T08:37:58.652435,blofin,177.51,177.52,8.0,598.0
2025-07-25T08:37:58.700583,bitmart,177.52,177.55,215.0,1.0
2025-07-25T08:37:58.848763,bitmex,177.81,177.93,43.0,23.0
2025-07-25T08:37:58.973493,bitmex,177.81,177.93,20.0,23.0
2025-07-25T08:37:59.022052,bitmex,177.81,177.93,43.0,23.0
2025-07-25T08:37:59.191157,blofin,177.48,177.49,13.0,1149.0
2025-07-25T08:37:59.300063,bitmex,177.81,177.93,20.0,23.0
2025-07-25T08:37:59.392779,bitmex,177.81,177.93,43.0,23.0
2025-07-25T08:37:59.588632,bitrue,177.6,177.63,134.634,106.652
2025-07-25T08:37:59.653113,blofin,177.46,177.47,356.0,144.0
2025-07-25T08:37:59.675026,bitmart,177.52,177.55,147.0,306.0
2025-07-25T08:38:00.188909,blofin,177.46,177.47,356.0,144.0
2025-07-25T08:38:00.633883,bitrue,177.6,177.63,134.634,106.652
2025-07-25T08:38:00.650148,blofin,177.45,177.46,379.0,92.0
2025-07-25T08:38:00.688115,bitmart,177.54,177.55,129.0,306.0
2025-07-25T08:38:01.187281,blofin,177.45,177.46,379.0,92.0
2025-07-25T08:38:01.650348,bitmex,177.81,177.93,20.0,23.0
2025-07-25T08:38:01.666073,blofin,177.45,177.46,408.0,311.0
2025-07-25T08:38:01.681612,bitmart,177.54,177.55,469.0,224.0
2025-07-25T08:38:01.793546,bitmex,177.81,177.93,43.0,23.0
2025-07-25T08:38:02.251261,blofin,177.45,177.46,222.0,308.0
2025-07-25T08:38:02.419536,bitmex,177.81,177.93,20.0,23.0
2025-07-25T08:38:02.457588,bitmex,177.81,177.93,20.0,467.0
2025-07-25T08:38:02.460181,bitmex,177.81,177.92,20.0,23.0
2025-07-25T08:38:02.461214,bitmex,177.81,177.92,20.0,42.0
2025-07-25T08:38:02.461224,bitmex,177.81,177.92,20.0,163.0
2025-07-25T08:38:02.468593,bitmex,177.81,177.91,20.0,23.0
2025-07-25T08:38:02.658648,blofin,177.45,177.46,222.0,308.0
2025-07-25T08:38:02.676043,bitmart,177.51,177.55,46.0,526.0
2025-07-25T08:38:02.777218,bitmex,177.81,177.91,20.0,467.0
2025-07-25T08:38:02.781432,bitmex,177.81,177.9,20.0,23.0
2025-07-25T08:38:02.781445,bitmex,177.81,177.9,20.0,144.0
2025-07-25T08:38:02.781451,bitmex,177.81,177.9,20.0,163.0
2025-07-25T08:38:02.788539,bitmex,177.81,177.89,20.0,23.0
2025-07-25T08:38:02.978583,bitmex,177.81,177.89,10.0,23.0
2025-07-25T08:38:03.214953,blofin,177.45,177.46,222.0,308.0
2025-07-25T08:38:03.252496,bitmex,177.74,177.89,24.0,23.0
2025-07-25T08:38:03.260713,bitmex,177.74,177.89,24.0,467.0
2025-07-25T08:38:03.265105,bitmex,177.74,177.88,24.0,19.0
2025-07-25T08:38:03.265124,bitmex,177.74,177.88,24.0,140.0
2025-07-25T08:38:03.265134,bitmex,177.74,177.88,24.0,163.0
2025-07-25T08:38:03.269384,bitmex,177.74,177.87,24.0,23.0
2025-07-25T08:38:03.280585,bitmex,177.8,177.87,10.0,23.0
2025-07-25T08:38:03.506162,bitmex,177.8,177.87,20.0,23.0
2025-07-25T08:38:03.655543,blofin,177.45,177.46,222.0,308.0
2025-07-25T08:38:03.658944,bitmart,177.48,177.49,191.0,360.0
2025-07-25T08:38:03.893611,bitrue,177.55,177.59,111.123,130.984
2025-07-25T08:38:04.184188,blofin,177.43,177.44,8.0,866.0
2025-07-25T08:38:04.653984,blofin,177.4,177.41,23.0,705.0
2025-07-25T08:38:04.673533,bitmart,177.48,177.49,328.0,360.0
2025-07-25T08:38:04.938650,bitrue,177.55,177.59,111.123,130.984
2025-07-25T08:38:05.202188,blofin,177.4,177.41,347.78,384.0
2025-07-25T08:38:05.650691,blofin,177.4,177.41,347.78,384.0
2025-07-25T08:38:05.671045,bitmart,177.48,177.49,164.0,360.0
2025-07-25T08:38:06.157170,blofin,177.4,177.41,347.78,383.99
2025-07-25T08:38:06.573760,bitmex,177.8,177.88,20.0,140.0
2025-07-25T08:38:06.578743,bitmex,177.8,177.89,20.0,444.0
2025-07-25T08:38:06.579963,bitmex,177.8,177.91,20.0,23.0
2025-07-25T08:38:06.579973,bitmex,177.8,177.93,20.0,803.0
2025-07-25T08:38:06.579980,bitmex,177.8,177.93,20.0,780.0
2025-07-25T08:38:06.583355,bitmex,177.81,177.93,20.0,780.0
2025-07-25T08:38:06.597589,bitmex,177.81,177.97,20.0,23.0
2025-07-25T08:38:06.610651,bitmex,177.81,177.99,20.0,23.0
2025-07-25T08:38:06.610667,bitmex,177.82,177.99,23.0,23.0
2025-07-25T08:38:06.615169,bitmex,177.82,178.01,23.0,23.0
2025-07-25T08:38:06.623063,bitmex,177.82,178.01,43.0,23.0
2025-07-25T08:38:06.626024,bitmex,177.82,178.04,43.0,23.0
2025-07-25T08:38:06.626037,bitmex,177.82,178.04,20.0,23.0
2025-07-25T08:38:06.626050,bitmex,177.83,178.04,23.0,23.0
2025-07-25T08:38:06.651922,blofin,177.4,177.41,347.78,383.99
2025-07-25T08:38:06.656033,bitmex,177.83,178.04,43.0,23.0
2025-07-25T08:38:06.659262,bitmex,177.84,178.04,23.0,23.0
2025-07-25T08:38:06.659275,bitmex,177.84,178.04,43.0,23.0
2025-07-25T08:38:06.660907,bitmex,177.84,178.04,20.0,23.0
2025-07-25T08:38:06.660918,bitmex,177.85,178.04,23.0,23.0
2025-07-25T08:38:06.674498,bitmart,177.48,177.63,178.0,2.0
2025-07-25T08:38:06.891990,bitmex,177.85,178.04,23.0,42.0
2025-07-25T08:38:06.892006,bitmex,177.85,178.04,23.0,308.0
2025-07-25T08:38:06.897124,bitmex,177.85,178.03,23.0,23.0
2025-07-25T08:38:07.115257,bitmex,177.93,178.03,10.0,23.0
2025-07-25T08:38:07.176037,blofin,177.4,177.41,129.0,367.0
2025-07-25T08:38:07.545486,bitmex,177.86,178.03,99.0,23.0
2025-07-25T08:38:07.651251,blofin,177.4,177.41,129.0,367.0
2025-07-25T08:38:07.670803,bitmart,177.5,177.6,2.0,2.0
2025-07-25T08:38:07.760858,bitmex,177.88,178.03,10.0,23.0
2025-07-25T08:38:08.119729,bitrue,177.63,177.68,133.816,107.701
2025-07-25T08:38:08.161945,blofin,177.51,177.52,151.0,322.0
2025-07-25T08:38:08.336613,bitmex,177.89,178.03,10.0,23.0
2025-07-25T08:38:08.645413,blofin,177.48,177.49,96.0,441.0
2025-07-25T08:38:08.695227,bitmart,177.57,177.58,5.0,165.0
2025-07-25T08:38:09.196239,blofin,177.48,177.49,96.0,441.0
2025-07-25T08:38:09.258244,bitmex,177.89,178.03,33.0,23.0
2025-07-25T08:38:09.336523,bitmex,177.9,178.03,23.0,23.0
2025-07-25T08:38:09.502805,bitmex,177.93,178.03,10.0,23.0
2025-07-25T08:38:09.663519,blofin,177.48,177.49,33.0,445.0
2025-07-25T08:38:09.671705,bitmart,177.59,177.62,150.0,85.0
2025-07-25T08:38:10.213185,bitrue,177.66,177.7,111.002,93.223
2025-07-25T08:38:10.216072,blofin,177.48,177.49,33.0,445.0
2025-07-25T08:38:10.598750,bitmex,177.93,178.03,33.0,23.0
2025-07-25T08:38:10.652970,blofin,177.53,177.54,606.0,137.0
2025-07-25T08:38:10.685169,bitmart,177.62,177.63,150.0,78.0
2025-07-25T08:38:10.906461,bitmex,177.93,178.03,53.0,23.0
2025-07-25T08:38:10.906473,bitmex,177.94,178.03,20.0,23.0
2025-07-25T08:38:11.182906,blofin,177.53,177.54,606.0,137.0
2025-07-25T08:38:11.259968,bitrue,177.69,177.72,120.858,99.837
2025-07-25T08:38:11.648741,blofin,177.53,177.54,731.0,81.0
2025-07-25T08:38:11.703879,bitmart,177.63,177.64,156.0,151.0
2025-07-25T08:38:11.754072,bitmex,177.94,178.03,43.0,23.0
2025-07-25T08:38:11.913439,bitmex,177.94,178.03,23.0,23.0
2025-07-25T08:38:12.164544,bitmex,177.93,178.03,20.0,23.0
2025-07-25T08:38:12.169581,bitmex,177.93,178.03,43.0,23.0
2025-07-25T08:38:12.209159,bitmex,177.93,178.03,20.0,23.0
2025-07-25T08:38:12.214240,blofin,177.53,177.54,559.0,274.0
2025-07-25T08:38:12.255852,bitmex,177.95,178.03,10.0,23.0
2025-07-25T08:38:12.308124,bitrue,177.69,177.72,120.858,99.837
2025-07-25T08:38:12.444362,bitmex,177.93,178.03,20.0,23.0
2025-07-25T08:38:12.471351,bitmex,177.94,178.03,10.0,23.0
2025-07-25T08:38:12.476202,bitmex,177.94,178.03,30.0,23.0
2025-07-25T08:38:12.647421,blofin,177.53,177.54,559.0,274.0
2025-07-25T08:38:12.690660,bitmart,177.63,177.64,156.0,161.0
2025-07-25T08:38:13.123253,bitmex,177.94,178.03,53.0,23.0
2025-07-25T08:38:13.140166,bitmex,177.94,178.03,30.0,23.0
2025-07-25T08:38:13.203867,blofin,177.54,177.55,891.0,9.0
2025-07-25T08:38:13.250884,bitmex,177.94,178.03,53.0,23.0
2025-07-25T08:38:13.355936,bitrue,177.69,177.74,120.858,112.898
2025-07-25T08:38:13.497524,bitmex,177.94,178.03,30.0,23.0
2025-07-25T08:38:13.497806,bitmex,177.95,178.03,23.0,23.0
2025-07-25T08:38:13.626727,bitmex,177.95,178.05,23.0,950.0
2025-07-25T08:38:13.626739,bitmex,177.95,178.05,122.0,950.0
2025-07-25T08:38:13.631954,bitmex,177.96,178.05,23.0,950.0
2025-07-25T08:38:13.631967,bitmex,177.96,178.05,42.0,950.0
2025-07-25T08:38:13.632353,bitmex,177.96,178.05,60.0,950.0
2025-07-25T08:38:13.637176,bitmex,177.96,178.05,80.0,950.0
2025-07-25T08:38:13.642667,bitmex,177.97,178.05,23.0,950.0
2025-07-25T08:38:13.649053,bitmex,177.97,178.05,43.0,950.0
2025-07-25T08:38:13.652190,blofin,177.54,177.55,109.0,399.0
2025-07-25T08:38:13.656576,bitmex,177.97,178.08,43.0,23.0
2025-07-25T08:38:13.721299,bitmart,177.66,177.69,115.0,11.0
2025-07-25T08:38:13.799168,bitmex,177.98,178.08,23.0,23.0
2025-07-25T08:38:13.799188,bitmex,177.98,178.08,23.0,143.0
2025-07-25T08:38:13.799194,bitmex,177.98,178.08,23.0,162.0
2025-07-25T08:38:13.801126,bitmex,177.98,178.08,23.0,23.0
2025-07-25T08:38:13.802012,bitmex,177.98,178.07,23.0,23.0
2025-07-25T08:38:13.813232,bitmex,177.97,178.07,20.0,23.0
2025-07-25T08:38:13.946385,bitmex,177.98,178.07,23.0,23.0
2025-07-25T08:38:14.090769,bitmex,178.01,178.07,10.0,23.0
2025-07-25T08:38:14.230041,blofin,177.54,177.55,109.0,399.0
2025-07-25T08:38:14.400688,bitrue,177.72,177.75,120.922,124.329
2025-07-25T08:38:14.497997,bitmex,178.01,178.09,10.0,972.0
2025-07-25T08:38:14.527467,bitmex,178.01,178.08,10.0,23.0
2025-07-25T08:38:14.596855,bitmex,178.01,178.08,33.0,23.0
2025-07-25T08:38:14.599461,bitmex,178.01,178.11,33.0,23.0
2025-07-25T08:38:14.608541,bitmex,178.01,178.13,33.0,23.0
2025-07-25T08:38:14.659480,blofin,177.57,177.58,954.0,80.0
2025-07-25T08:38:14.674264,bitmart,177.69,177.73,129.0,13.0
2025-07-25T08:38:14.720658,bitmex,178.02,178.13,10.0,23.0
2025-07-25T08:38:14.759117,bitmex,178.02,178.13,10.0,972.0
2025-07-25T08:38:14.763654,bitmex,178.02,178.12,10.0,19.0
2025-07-25T08:38:14.764384,bitmex,178.02,178.12,10.0,42.0
2025-07-25T08:38:14.764395,bitmex,178.02,178.12,10.0,315.0
2025-07-25T08:38:14.770246,bitmex,178.02,178.11,10.0,23.0
2025-07-25T08:38:15.174932,blofin,177.6,177.61,605.0,178.0
2025-07-25T08:38:15.175877,bitmex,178.01,178.11,10.0,23.0
2025-07-25T08:38:15.453219,bitrue,177.75,177.81,126.534,130.122
2025-07-25T08:38:15.456622,bitmex,178.01,178.11,20.0,23.0
2025-07-25T08:38:15.549881,bitmex,178.01,178.11,43.0,23.0
2025-07-25T08:38:15.549938,bitmex,178.01,178.11,20.0,23.0
2025-07-25T08:38:15.648282,blofin,177.6,177.61,605.0,178.0
2025-07-25T08:38:15.684683,bitmart,177.71,177.73,13.0,167.0
2025-07-25T08:38:15.986136,bitmex,178.01,178.11,20.0,122.0
2025-07-25T08:38:15.994333,bitmex,178.01,178.1,20.0,23.0
2025-07-25T08:38:15.999396,bitmex,178.01,178.1,20.0,42.0
2025-07-25T08:38:15.999639,bitmex,178.01,178.1,20.0,60.0
2025-07-25T08:38:16.000267,bitmex,178.01,178.09,20.0,23.0
2025-07-25T08:38:16.055345,bitmex,178.01,178.09,20.0,467.0
2025-07-25T08:38:16.059306,bitmex,178.01,178.08,20.0,19.0
2025-07-25T08:38:16.059319,bitmex,178.01,178.08,20.0,140.0
2025-07-25T08:38:16.059326,bitmex,178.01,178.08,20.0,163.0
2025-07-25T08:38:16.068314,bitmex,178.01,178.07,20.0,23.0
2025-07-25T08:38:16.164303,bitmex,178.01,178.07,10.0,23.0
2025-07-25T08:38:16.203142,blofin,177.6,177.61,45.0,165.0
2025-07-25T08:38:16.328485,bitmex,177.96,178.07,20.0,23.0
2025-07-25T08:38:16.372745,bitmex,177.99,178.07,10.0,23.0
2025-07-25T08:38:16.474044,bitmex,177.99,178.06,10.0,950.0
2025-07-25T08:38:16.478328,bitmex,177.99,178.05,10.0,266.0
2025-07-25T08:38:16.478733,bitmex,177.99,178.05,10.0,285.0
2025-07-25T08:38:16.478923,bitmex,177.99,178.05,10.0,308.0
2025-07-25T08:38:16.483590,bitmex,177.99,178.05,10.0,285.0
2025-07-25T08:38:16.483604,bitmex,177.99,178.04,10.0,23.0
2025-07-25T08:38:16.499199,bitrue,177.74,177.81,104.063,130.122
2025-07-25T08:38:16.649051,blofin,177.6,177.61,226.0,295.0
2025-07-25T08:38:16.667383,bitmart,177.66,177.68,11.0,156.0
2025-07-25T08:38:16.838696,bitmex,177.93,178.04,20.0,23.0
2025-07-25T08:38:16.847153,bitmex,177.93,178.04,43.0,23.0
2025-07-25T08:38:16.975910,bitmex,177.97,178.04,10.0,23.0
2025-07-25T08:38:17.126318,bitmex,177.98,178.04,10.0,23.0
2025-07-25T08:38:17.162185,blofin,177.6,177.61,226.0,295.0
2025-07-25T08:38:17.334597,bitmex,177.93,178.04,20.0,23.0
2025-07-25T08:38:17.399488,bitmex,177.95,178.04,10.0,23.0
2025-07-25T08:38:17.544432,bitrue,177.72,177.77,120.922,114.363
2025-07-25T08:38:17.646905,blofin,177.57,177.58,45.0,259.0
2025-07-25T08:38:17.671569,bitmart,177.62,177.63,168.0,131.0
2025-07-25T08:38:17.862976,bitmex,177.9,178.04,23.0,23.0
2025-07-25T08:38:17.868980,bitmex,177.88,178.04,23.0,23.0
2025-07-25T08:38:17.899353,bitmex,177.94,178.04,10.0,23.0
2025-07-25T08:38:17.904975,bitmex,177.94,178.04,33.0,23.0
2025-07-25T08:38:17.904987,bitmex,177.94,178.04,10.0,23.0
2025-07-25T08:38:17.980325,bitmex,177.95,178.04,10.0,23.0
2025-07-25T08:38:18.168446,bitmex,177.97,178.04,10.0,23.0
2025-07-25T08:38:18.186981,blofin,177.53,177.54,1013.0,1173.0
2025-07-25T08:38:18.593867,bitrue,177.69,177.74,83.161,126.068
2025-07-25T08:38:18.645978,blofin,177.53,177.54,1013.0,1173.0
2025-07-25T08:38:18.675072,bitmart,177.65,177.66,147.0,171.0
2025-07-25T08:38:19.233242,blofin,177.55,177.56,324.0,410.0
2025-07-25T08:38:19.650558,blofin,177.55,177.56,718.0,153.0
2025-07-25T08:38:19.669679,bitmart,177.65,177.66,67.0,171.0
2025-07-25T08:38:20.219504,blofin,177.55,177.56,718.0,153.0
2025-07-25T08:38:20.654090,blofin,177.55,177.56,431.0,111.0
2025-07-25T08:38:20.675890,bitmart,177.65,177.66,133.0,27.0
2025-07-25T08:38:20.985499,bitmex,177.97,178.04,20.0,23.0
2025-07-25T08:38:21.081761,bitmex,177.97,178.04,20.0,467.0
2025-07-25T08:38:21.089216,bitmex,177.97,178.03,20.0,23.0
2025-07-25T08:38:21.189715,blofin,177.56,177.57,606.0,142.0
2025-07-25T08:38:21.294023,bitmex,177.97,178.04,20.0,444.0
2025-07-25T08:38:21.431492,bitmex,177.97,178.05,20.0,23.0
2025-07-25T08:38:21.433726,bitmex,177.97,178.05,43.0,23.0
2025-07-25T08:38:21.479330,bitmex,177.98,178.05,23.0,23.0
2025-07-25T08:38:21.479352,bitmex,177.98,178.06,23.0,950.0
2025-07-25T08:38:21.512111,bitmex,177.98,178.07,23.0,23.0
2025-07-25T08:38:21.517107,bitmex,177.98,178.11,23.0,23.0
2025-07-25T08:38:21.523351,bitmex,177.98,178.14,23.0,23.0
2025-07-25T08:38:21.650649,blofin,177.56,177.57,305.0,346.0
2025-07-25T08:38:21.668526,bitmart,177.67,177.7,157.0,77.0
2025-07-25T08:38:21.728139,bitrue,177.76,177.8,134.106,116.446
2025-07-25T08:38:21.870323,bitmex,177.98,178.13,23.0,948.0
2025-07-25T08:38:21.875323,bitmex,177.98,178.12,23.0,19.0
2025-07-25T08:38:21.875337,bitmex,177.98,178.12,23.0,42.0
2025-07-25T08:38:21.875773,bitmex,177.98,178.12,23.0,307.0
2025-07-25T08:38:21.882598,bitmex,177.98,178.11,23.0,23.0
2025-07-25T08:38:22.154837,blofin,177.61,177.62,730.0,47.0
2025-07-25T08:38:22.650711,blofin,177.61,177.62,730.0,47.0
2025-07-25T08:38:22.702968,bitmart,177.72,177.73,169.0,310.0
2025-07-25T08:38:22.773842,bitrue,177.76,177.81,134.106,130.122
2025-07-25T08:38:22.994649,bitmex,177.97,178.11,20.0,23.0
2025-07-25T08:38:23.014427,bitmex,177.97,178.11,43.0,23.0
2025-07-25T08:38:23.145891,bitmex,177.97,178.11,20.0,23.0
2025-07-25T08:38:23.168181,blofin,177.61,177.62,730.0,47.0
2025-07-25T08:38:23.188847,bitmex,177.97,178.11,43.0,23.0
2025-07-25T08:38:23.420599,bitmex,177.97,178.11,20.0,23.0
2025-07-25T08:38:23.551418,bitmex,177.97,178.11,20.0,42.0
2025-07-25T08:38:23.554022,bitmex,177.97,178.11,20.0,19.0
2025-07-25T08:38:23.554953,bitmex,177.97,178.1,20.0,23.0
2025-07-25T08:38:23.669982,blofin,177.6,177.61,270.0,266.0
2025-07-25T08:38:23.710083,bitmart,177.66,177.67,375.0,559.0
2025-07-25T08:38:23.756138,bitmex,177.97,178.1,40.0,23.0
2025-07-25T08:38:23.820139,bitrue,177.76,177.81,134.106,130.122
2025-07-25T08:38:24.163487,blofin,177.6,177.61,270.0,266.0
2025-07-25T08:38:24.646769,blofin,177.58,177.59,177.0,613.0
2025-07-25T08:38:24.676882,bitmart,177.66,177.67,375.0,309.0
2025-07-25T08:38:24.867605,bitrue,177.73,177.76,107.438,120.712
2025-07-25T08:38:25.228832,blofin,177.58,177.59,177.0,613.0
2025-07-25T08:38:25.643909,blofin,177.58,177.59,445.0,379.0
2025-07-25T08:38:25.679113,bitmart,177.66,177.67,190.0,443.0
2025-07-25T08:38:26.200071,blofin,177.58,177.59,546.0,435.0
2025-07-25T08:38:26.654582,blofin,177.58,177.59,546.0,435.0
2025-07-25T08:38:26.698003,bitmart,177.66,177.67,357.0,560.0
2025-07-25T08:38:27.173156,blofin,177.58,177.59,546.0,435.0
2025-07-25T08:38:27.648581,blofin,177.58,177.59,473.0,273.0
2025-07-25T08:38:27.692022,bitmart,177.66,177.67,148.0,327.0
2025-07-25T08:38:28.156633,blofin,177.58,177.59,219.0,645.0
2025-07-25T08:38:28.569864,bitmex,177.97,178.1,63.0,23.0
2025-07-25T08:38:28.609766,bitmex,177.98,178.1,23.0,23.0
2025-07-25T08:38:28.646390,blofin,177.58,177.59,219.0,645.0
2025-07-25T08:38:28.675609,bitmart,177.66,177.7,151.0,51.0
2025-07-25T08:38:28.803547,bitmex,177.98,178.03,23.0,5.0
2025-07-25T08:38:29.045404,bitrue,177.73,177.78,107.438,95.503
2025-07-25T08:38:29.177014,blofin,177.58,177.59,219.0,645.0
2025-07-25T08:38:29.652013,blofin,177.6,177.61,602.0,27.0
2025-07-25T08:38:29.673753,bitmart,177.69,177.7,576.0,45.0
2025-07-25T08:38:29.691842,bitmex,177.98,178.03,43.0,5.0
2025-07-25T08:38:29.730860,bitmex,177.99,178.03,23.0,5.0
2025-07-25T08:38:29.824854,bitmex,177.98,178.03,20.0,5.0
2025-07-25T08:38:29.862719,bitmex,177.98,178.03,43.0,5.0
2025-07-25T08:38:30.183215,blofin,177.6,177.61,635.0,370.0
2025-07-25T08:38:30.648868,blofin,177.6,177.61,635.0,370.0
2025-07-25T08:38:30.682156,bitmart,177.69,177.7,258.0,121.0
2025-07-25T08:38:30.690046,bitmex,177.98,178.03,20.0,5.0
2025-07-25T08:38:30.992646,bitmex,177.98,178.03,20.0,28.0
2025-07-25T08:38:30.997173,bitmex,177.98,178.03,20.0,5.0
2025-07-25T08:38:31.211119,blofin,177.6,177.61,635.0,370.0
2025-07-25T08:38:31.254695,bitmex,177.98,178.03,43.0,5.0
2025-07-25T08:38:31.640526,bitmart,177.68,177.69,308.0,14.0
2025-07-25T08:38:31.653570,blofin,177.6,177.61,258.0,524.0
2025-07-25T08:38:31.665741,bitmex,177.98,178.03,20.0,5.0
2025-07-25T08:38:31.670500,bitmex,177.99,178.03,23.0,5.0
2025-07-25T08:38:32.091352,bitmex,177.99,178.1,23.0,23.0
2025-07-25T08:38:32.190175,bitrue,177.76,177.8,109.395,120.004
2025-07-25T08:38:32.211533,blofin,177.6,177.61,218.0,457.0
2025-07-25T08:38:32.292950,bitmex,177.99,178.1,122.0,23.0
2025-07-25T08:38:32.298527,bitmex,178.0,178.1,23.0,23.0
2025-07-25T08:38:32.300169,bitmex,178.0,178.1,42.0,23.0
2025-07-25T08:38:32.300185,bitmex,178.0,178.1,60.0,23.0
2025-07-25T08:38:32.305335,bitmex,178.01,178.1,23.0,23.0
2025-07-25T08:38:32.369759,bitmex,178.0,178.1,37.0,23.0
2025-07-25T08:38:32.475541,bitmex,178.0,178.1,60.0,23.0
2025-07-25T08:38:32.647606,blofin,177.6,177.61,218.0,457.0
2025-07-25T08:38:32.671682,bitmart,177.73,177.74,132.0,299.0
2025-07-25T08:38:32.870867,bitmex,178.01,178.1,23.0,23.0
2025-07-25T08:38:33.192427,blofin,177.64,177.65,1191.0,260.0
2025-07-25T08:38:33.239773,bitrue,177.76,177.81,109.395,130.122
2025-07-25T08:38:33.283447,bitmex,178.01,178.12,23.0,23.0
2025-07-25T08:38:33.660262,blofin,177.64,177.65,91.0,333.0
2025-07-25T08:38:33.672289,bitmart,177.73,177.74,272.0,22.0
2025-07-25T08:38:34.202420,bitmex,178.01,178.14,23.0,23.0
2025-07-25T08:38:34.208375,blofin,177.64,177.65,91.0,333.0
2025-07-25T08:38:34.288488,bitrue,177.79,177.82,122.285,109.491
2025-07-25T08:38:34.634023,bitmex,178.02,178.14,20.0,23.0
2025-07-25T08:38:34.640078,bitmex,178.03,178.14,23.0,23.0
2025-07-25T08:38:34.647098,bitmex,178.03,178.14,43.0,23.0
2025-07-25T08:38:34.650741,blofin,177.64,177.65,276.0,274.0
2025-07-25T08:38:34.653143,bitmex,178.03,178.14,20.0,23.0
2025-07-25T08:38:34.654458,bitmex,178.04,178.14,23.0,23.0
2025-07-25T08:38:34.661259,bitmex,178.04,178.14,43.0,23.0
2025-07-25T08:38:34.667949,bitmex,178.05,178.14,23.0,23.0
2025-07-25T08:38:34.678223,bitmex,178.05,178.14,122.0,23.0
2025-07-25T08:38:34.685716,bitmex,178.06,178.14,19.0,23.0
2025-07-25T08:38:34.685729,bitmex,178.06,178.14,37.0,23.0
2025-07-25T08:38:34.701665,bitmart,177.76,177.77,641.0,3.0
2025-07-25T08:38:34.783984,bitmex,178.07,178.14,10.0,23.0
2025-07-25T08:38:34.950165,bitmex,178.09,178.14,10.0,23.0
2025-07-25T08:38:35.183007,blofin,177.67,177.68,830.0,1.0
2025-07-25T08:38:35.336960,bitrue,177.83,177.86,101.115,97.979
2025-07-25T08:38:35.646832,blofin,177.67,177.68,804.0,168.0
2025-07-25T08:38:35.660404,bitmex,178.05,178.14,99.0,23.0
2025-07-25T08:38:35.661084,bitmart,177.76,177.77,229.0,67.0
2025-07-25T08:38:35.731833,bitmex,178.08,178.14,10.0,23.0
2025-07-25T08:38:35.955428,bitmex,178.08,178.17,10.0,24.0
2025-07-25T08:38:36.073460,bitmex,178.08,178.17,10.0,43.0
2025-07-25T08:38:36.077748,bitmex,178.08,178.17,10.0,307.0
2025-07-25T08:38:36.080321,bitmex,178.08,178.17,10.0,283.0
2025-07-25T08:38:36.080331,bitmex,178.08,178.16,10.0,24.0
2025-07-25T08:38:36.233249,blofin,177.67,177.68,804.0,168.0
2025-07-25T08:38:36.381246,bitrue,177.83,177.86,101.115,97.979
2025-07-25T08:38:36.611575,bitmex,178.08,178.16,30.0,24.0
2025-07-25T08:38:36.611589,bitmex,178.08,178.16,30.0,44.0
2025-07-25T08:38:36.620493,bitmex,178.08,178.15,30.0,24.0
2025-07-25T08:38:36.647337,bitmex,178.08,178.15,20.0,24.0
2025-07-25T08:38:36.652303,blofin,177.68,177.69,377.0,2.03
2025-07-25T08:38:36.666562,bitmart,177.75,177.77,239.0,203.0
2025-07-25T08:38:37.224748,blofin,177.66,177.67,665.0,159.0
2025-07-25T08:38:37.281747,bitmex,178.08,178.15,30.0,24.0
2025-07-25T08:38:37.420116,bitmex,178.09,178.15,10.0,24.0
2025-07-25T08:38:37.428850,bitrue,177.82,177.86,90.361,97.979
2025-07-25T08:38:37.610011,bitmex,178.09,178.16,10.0,20.0
2025-07-25T08:38:37.629709,bitmex,178.09,178.16,10.0,44.0
2025-07-25T08:38:37.650491,blofin,177.66,177.67,665.0,159.0
2025-07-25T08:38:37.665664,bitmex,178.09,178.15,10.0,24.0
2025-07-25T08:38:37.674644,bitmart,177.77,177.8,488.0,215.0
2025-07-25T08:38:37.757639,bitmex,178.09,178.15,20.0,24.0
2025-07-25T08:38:38.161826,blofin,177.68,177.69,1176.0,254.03
2025-07-25T08:38:38.475881,bitrue,177.86,177.9,125.972,105.035
2025-07-25T08:38:38.482010,bitmex,178.09,178.16,20.0,20.0
2025-07-25T08:38:38.572527,bitmex,178.09,178.16,20.0,44.0
2025-07-25T08:38:38.589155,bitmex,178.09,178.16,40.0,44.0
2025-07-25T08:38:38.658514,blofin,177.68,177.69,656.0,0.03
2025-07-25T08:38:38.675647,bitmart,177.79,177.8,330.0,215.0
2025-07-25T08:38:39.161367,bitmex,178.09,178.16,40.0,24.0
2025-07-25T08:38:39.169861,blofin,177.68,177.69,656.0,0.03
2025-07-25T08:38:39.234457,bitmex,178.09,178.16,64.0,24.0
2025-07-25T08:38:39.240047,bitmex,178.1,178.16,19.0,24.0
2025-07-25T08:38:39.244311,bitmex,178.1,178.17,19.0,20.0
2025-07-25T08:38:39.246540,bitmex,178.09,178.17,64.0,20.0
2025-07-25T08:38:39.251217,bitmex,178.1,178.17,19.0,20.0
2025-07-25T08:38:39.260228,bitmex,178.1,178.17,43.0,20.0
2025-07-25T08:38:39.260241,bitmex,178.1,178.18,43.0,944.0
2025-07-25T08:38:39.268001,bitmex,178.1,178.18,19.0,944.0
2025-07-25T08:38:39.268570,bitmex,178.09,178.18,40.0,944.0
2025-07-25T08:38:39.313741,bitmex,178.09,178.17,40.0,24.0
2025-07-25T08:38:39.443884,bitmex,178.09,178.17,64.0,24.0
2025-07-25T08:38:39.448222,bitmex,178.1,178.17,19.0,24.0
2025-07-25T08:38:39.452933,bitmex,178.1,178.17,39.0,24.0
2025-07-25T08:38:39.523665,bitrue,177.86,177.9,125.972,105.035
2025-07-25T08:38:39.568047,bitmex,178.1,178.21,39.0,23.0
2025-07-25T08:38:39.572526,bitmex,178.1,178.21,39.0,287.0
2025-07-25T08:38:39.572836,bitmex,178.1,178.21,39.0,306.0
2025-07-25T08:38:39.577168,bitmex,178.1,178.2,39.0,24.0
2025-07-25T08:38:39.605965,bitmex,178.1,178.2,20.0,24.0
2025-07-25T08:38:39.650319,blofin,177.68,177.69,642.0,0.03
2025-07-25T08:38:39.659327,bitmart,177.8,177.82,399.0,136.0
2025-07-25T08:38:39.697269,bitmex,178.1,178.2,44.0,24.0
2025-07-25T08:38:40.070493,bitmex,178.1,178.2,20.0,24.0
2025-07-25T08:38:40.176836,bitmex,178.09,178.2,20.0,24.0
2025-07-25T08:38:40.190143,blofin,177.68,177.69,868.0,71.03
2025-07-25T08:38:40.469517,bitmex,178.09,178.2,10.0,24.0
2025-07-25T08:38:40.648063,blofin,177.68,177.69,1028.0,361.03
2025-07-25T08:38:40.655394,bitmart,177.77,177.8,164.0,218.0
2025-07-25T08:38:41.208768,blofin,177.68,177.69,1028.0,361.03
2025-07-25T08:38:41.554539,bitmex,178.09,178.2,10.0,44.0
2025-07-25T08:38:41.555082,bitmex,178.09,178.19,10.0,20.0
2025-07-25T08:38:41.559830,bitmex,178.09,178.19,10.0,44.0
2025-07-25T08:38:41.564825,bitmex,178.09,178.18,10.0,24.0
2025-07-25T08:38:41.570592,bitmex,178.09,178.18,10.0,44.0
2025-07-25T08:38:41.574167,bitmex,178.09,178.17,10.0,24.0
2025-07-25T08:38:41.578940,bitmex,178.09,178.17,10.0,44.0
2025-07-25T08:38:41.585812,bitmex,178.09,178.17,10.0,20.0
2025-07-25T08:38:41.585830,bitmex,178.09,178.16,10.0,24.0
2025-07-25T08:38:41.589379,bitmex,178.09,178.16,10.0,44.0
2025-07-25T08:38:41.594315,bitmex,178.09,178.15,10.0,24.0
2025-07-25T08:38:41.615966,bitrue,177.84,177.87,100.246,106.827
2025-07-25T08:38:41.655645,blofin,177.68,177.69,189.0,468.03
2025-07-25T08:38:41.700205,bitmart,177.77,177.78,165.0,169.0
2025-07-25T08:38:41.904090,bitmex,178.09,178.15,10.0,966.0
2025-07-25T08:38:41.909126,bitmex,178.09,178.14,10.0,24.0
2025-07-25T08:38:41.909139,bitmex,178.09,178.14,10.0,295.0
2025-07-25T08:38:41.910722,bitmex,178.09,178.14,10.0,314.0
2025-07-25T08:38:41.917939,bitmex,178.09,178.13,10.0,24.0
2025-07-25T08:38:42.050164,bitmex,178.02,178.13,20.0,24.0
2025-07-25T08:38:42.197553,blofin,177.68,177.69,122.0,265.03
2025-07-25T08:38:42.235078,bitmex,178.0,178.13,20.0,24.0
2025-07-25T08:38:42.235085,bitmex,177.98,178.13,23.0,24.0
2025-07-25T08:38:42.267144,bitmex,178.03,178.13,10.0,24.0
2025-07-25T08:38:42.467705,bitmex,177.98,178.13,23.0,24.0
2025-07-25T08:38:42.492884,bitmex,178.01,178.13,10.0,24.0
2025-07-25T08:38:42.660815,bitrue,177.76,177.8,109.395,98.765
2025-07-25T08:38:42.661356,blofin,177.68,177.69,122.0,265.03
2025-07-25T08:38:42.680253,bitmart,177.7,177.71,282.0,116.0
2025-07-25T08:38:43.204981,blofin,177.62,177.63,168.0,424.0
2025-07-25T08:38:44.247159,bitmex,178.01,178.13,34.0,24.0
2025-07-25T08:38:44.247169,bitmex,178.01,178.13,10.0,24.0
2025-07-25T08:38:44.247186,bitmex,178.01,178.13,34.0,24.0
2025-07-25T08:38:44.247211,bitmex,178.02,178.13,24.0,24.0
2025-07-25T08:38:44.247281,bitmex,178.04,178.13,10.0,24.0
2025-07-25T08:38:44.247289,bitmex,178.04,178.13,34.0,24.0
2025-07-25T08:38:44.247298,bitmex,178.04,178.13,10.0,24.0
2025-07-25T08:38:44.247343,bitmex,178.04,178.15,10.0,24.0
2025-07-25T08:38:44.247352,bitmex,178.04,178.15,29.0,24.0
2025-07-25T08:38:44.247546,bitmex,178.04,178.15,53.0,24.0
2025-07-25T08:38:44.247600,bitmex,178.04,178.15,53.0,43.0
2025-07-25T08:38:44.247608,bitmex,178.04,178.15,53.0,256.0
2025-07-25T08:38:44.247623,bitmex,178.04,178.15,53.0,232.0
2025-07-25T08:38:44.247630,bitmex,178.04,178.14,53.0,24.0
2025-07-25T08:38:44.247675,bitmex,178.05,178.14,24.0,24.0
2025-07-25T08:38:44.248061,bitmart,177.7,177.76,282.0,48.0
2025-07-25T08:38:44.248096,blofin,177.61,177.63,520.0,97.0
2025-07-25T08:38:44.248141,blofin,177.67,177.68,1572.0,13.0
2025-07-25T08:38:44.248205,bitrue,177.76,177.8,109.395,98.765
2025-07-25T08:38:44.649063,blofin,177.67,177.68,1572.0,13.0
2025-07-25T08:38:44.685094,bitmart,177.76,177.77,324.0,77.0
2025-07-25T08:38:44.756143,bitrue,177.82,177.87,123.373,106.827
2025-07-25T08:38:45.242635,blofin,177.67,177.68,1572.0,13.0
2025-07-25T08:38:45.511846,bitmex,178.05,178.14,44.0,24.0
2025-07-25T08:38:45.511854,bitmex,178.06,178.14,20.0,24.0
2025-07-25T08:38:45.519384,bitmex,178.06,178.16,20.0,942.0
2025-07-25T08:38:45.548392,bitmex,178.06,178.15,20.0,24.0
2025-07-25T08:38:45.548407,bitmex,178.06,178.15,44.0,24.0
2025-07-25T08:38:45.566083,bitmex,178.07,178.15,24.0,24.0
2025-07-25T08:38:45.566097,bitmex,178.07,178.15,44.0,24.0
2025-07-25T08:38:45.570511,bitmex,178.07,178.15,143.0,24.0
2025-07-25T08:38:45.579455,bitmex,178.08,178.15,19.0,24.0
2025-07-25T08:38:45.579473,bitmex,178.08,178.15,43.0,24.0
2025-07-25T08:38:45.653908,blofin,177.67,177.68,405.0,185.0
2025-07-25T08:38:45.707021,bitmart,177.76,177.8,252.0,277.0
2025-07-25T08:38:45.811015,bitrue,177.82,177.87,123.373,106.827
2025-07-25T08:38:45.925047,bitmex,178.08,178.15,66.0,24.0
2025-07-25T08:38:46.117149,bitmex,178.08,178.19,66.0,941.0
2025-07-25T08:38:46.123476,bitmex,178.08,178.18,66.0,23.0
2025-07-25T08:38:46.212027,blofin,177.67,177.68,405.0,185.0
2025-07-25T08:38:46.248027,bitmex,178.08,178.18,43.0,23.0
2025-07-25T08:38:46.249594,bitmex,178.08,178.18,43.0,42.0
2025-07-25T08:38:46.249947,bitmex,178.08,178.18,43.0,293.0
2025-07-25T08:38:46.254816,bitmex,178.08,178.17,43.0,23.0
2025-07-25T08:38:46.473985,bitmex,178.08,178.17,66.0,23.0
2025-07-25T08:38:46.527521,bitmex,178.08,178.17,42.0,23.0
2025-07-25T08:38:46.649747,blofin,177.68,177.69,1027.0,0.03
2025-07-25T08:38:46.670998,bitmart,177.79,177.8,197.0,187.0
2025-07-25T08:38:46.854347,bitrue,177.85,177.88,91.215,116.277
2025-07-25T08:38:47.000070,bitmex,178.09,178.17,23.0,23.0
2025-07-25T08:38:47.003643,bitmex,178.09,178.17,43.0,23.0
2025-07-25T08:38:47.203177,blofin,177.68,177.69,937.0,0.03
2025-07-25T08:38:47.250335,bitmex,178.09,178.17,20.0,23.0
2025-07-25T08:38:47.659995,blofin,177.68,177.69,529.0,0.03
2025-07-25T08:38:47.682891,bitmart,177.79,177.8,270.0,200.0
2025-07-25T08:38:47.897623,bitrue,177.85,177.91,91.215,107.458
2025-07-25T08:38:48.184499,bitmex,178.09,178.17,43.0,23.0
2025-07-25T08:38:48.203522,blofin,177.68,177.69,529.0,0.03
2025-07-25T08:38:48.445774,bitmex,178.09,178.17,20.0,23.0
2025-07-25T08:38:48.446569,bitmex,178.1,178.17,23.0,23.0
2025-07-25T08:38:48.453244,bitmex,178.1,178.19,23.0,941.0
2025-07-25T08:38:48.460746,bitmex,178.1,178.18,23.0,23.0
2025-07-25T08:38:48.467123,bitmex,178.09,178.18,20.0,23.0
2025-07-25T08:38:48.513862,bitmex,178.11,178.18,10.0,23.0
2025-07-25T08:38:48.646709,blofin,177.68,177.69,786.0,0.03
2025-07-25T08:38:48.661914,bitmart,177.79,177.81,595.0,54.0
2025-07-25T08:38:48.869613,bitmex,178.11,178.18,10.0,286.0
2025-07-25T08:38:48.869624,bitmex,178.11,178.18,10.0,305.0
2025-07-25T08:38:48.884335,bitmex,178.11,178.17,10.0,23.0
2025-07-25T08:38:49.042238,bitmex,178.11,178.2,10.0,20.0
2025-07-25T08:38:49.042257,bitmex,178.11,178.19,10.0,23.0
2025-07-25T08:38:49.126388,bitmex,178.11,178.19,10.0,962.0
2025-07-25T08:38:49.133842,bitmex,178.11,178.18,10.0,23.0
2025-07-25T08:38:49.205544,blofin,177.68,177.69,878.0,310.03
2025-07-25T08:38:49.221962,bitmex,178.09,178.18,20.0,23.0
2025-07-25T08:38:49.416893,bitmex,178.09,178.18,20.0,42.0
2025-07-25T08:38:49.416906,bitmex,178.09,178.18,20.0,305.0
2025-07-25T08:38:49.420022,bitmex,178.09,178.17,20.0,23.0
2025-07-25T08:38:49.502363,bitmex,178.1,178.17,10.0,23.0
2025-07-25T08:38:49.509252,bitmex,178.1,178.17,30.0,23.0
2025-07-25T08:38:49.648095,blofin,177.68,177.69,1103.0,310.03
2025-07-25T08:38:49.682700,bitmart,177.8,177.81,21.0,268.0
2025-07-25T08:38:50.209079,blofin,177.68,177.69,1103.0,310.03
2025-07-25T08:38:50.648846,blofin,177.68,177.69,1005.0,68.03
2025-07-25T08:38:50.671552,bitmart,177.8,177.81,563.0,268.0
2025-07-25T08:38:51.177100,blofin,177.68,177.69,1092.0,310.03
2025-07-25T08:38:51.466823,bitmex,178.1,178.17,10.0,23.0
2025-07-25T08:38:51.650915,blofin,177.68,177.69,1092.0,310.03
2025-07-25T08:38:51.660198,bitmart,177.8,177.81,563.0,268.0
2025-07-25T08:38:51.665874,bitmex,178.1,178.17,33.0,23.0
2025-07-25T08:38:52.028140,bitmex,178.1,178.19,33.0,939.0
2025-07-25T08:38:52.077932,bitmex,178.1,178.18,33.0,23.0
2025-07-25T08:38:52.191650,blofin,177.68,177.69,936.0,35.03
2025-07-25T08:38:52.351594,bitmex,178.1,178.18,10.0,23.0
2025-07-25T08:38:52.351717,bitmex,178.11,178.18,23.0,23.0
2025-07-25T08:38:52.356323,bitmex,178.11,178.18,43.0,23.0
2025-07-25T08:38:52.356333,bitmex,178.11,178.19,43.0,939.0
2025-07-25T08:38:52.540483,bitmex,178.12,178.19,23.0,939.0
2025-07-25T08:38:52.551469,bitmex,178.12,178.19,43.0,939.0
2025-07-25T08:38:52.651528,blofin,177.68,177.69,936.0,35.03
2025-07-25T08:38:52.677606,bitmex,178.12,178.21,43.0,24.0
2025-07-25T08:38:52.678390,bitmex,178.12,178.21,20.0,24.0
2025-07-25T08:38:52.688932,bitmex,178.12,178.21,20.0,43.0
2025-07-25T08:38:52.689131,bitmex,178.12,178.21,20.0,217.0
2025-07-25T08:38:52.693719,bitmex,178.12,178.2,20.0,23.0
2025-07-25T08:38:52.705346,bitmex,178.12,178.2,39.0,23.0
2025-07-25T08:38:52.705368,bitmex,178.12,178.2,56.0,23.0
2025-07-25T08:38:52.732928,bitmart,177.82,177.83,448.0,30.0
2025-07-25T08:38:52.808986,bitmex,178.12,178.2,20.0,23.0
2025-07-25T08:38:52.822344,bitmex,178.12,178.2,37.0,23.0
2025-07-25T08:38:52.822356,bitmex,178.12,178.2,56.0,23.0
2025-07-25T08:38:52.890107,bitmex,178.12,178.2,20.0,23.0
2025-07-25T08:38:53.091000,bitmex,178.12,178.2,43.0,23.0
2025-07-25T08:38:53.095835,bitmex,178.12,178.2,60.0,23.0
2025-07-25T08:38:53.095851,bitmex,178.12,178.2,79.0,23.0
2025-07-25T08:38:53.204178,blofin,177.68,177.69,806.0,35.03
2025-07-25T08:38:53.648353,blofin,177.68,177.69,806.0,35.03
2025-07-25T08:38:53.668994,bitmart,177.83,177.84,481.0,271.0
2025-07-25T08:38:53.734727,bitmex,178.13,178.2,23.0,23.0
2025-07-25T08:38:53.741598,bitmex,178.13,178.22,23.0,939.0
2025-07-25T08:38:53.741608,bitmex,178.13,178.22,43.0,939.0
2025-07-25T08:38:53.746232,bitmex,178.13,178.21,43.0,23.0
2025-07-25T08:38:53.752202,bitmex,178.13,178.21,20.0,23.0
2025-07-25T08:38:53.775523,bitmex,178.13,178.21,43.0,23.0
2025-07-25T08:38:53.862310,bitmex,178.15,178.21,10.0,23.0
2025-07-25T08:38:54.162360,blofin,177.68,177.7,992.0,10.0
2025-07-25T08:38:54.176218,bitrue,177.9,177.93,132.543,111.217
2025-07-25T08:38:54.262559,bitmex,178.15,178.21,10.0,286.0
2025-07-25T08:38:54.263631,bitmex,178.15,178.21,10.0,305.0
2025-07-25T08:38:54.269262,bitmex,178.15,178.2,10.0,23.0
2025-07-25T08:38:54.584328,bitmex,178.12,178.2,20.0,23.0
2025-07-25T08:38:54.618512,bitmex,178.12,178.2,30.0,23.0
2025-07-25T08:38:54.647664,blofin,177.75,177.76,678.0,25.0
2025-07-25T08:38:54.681375,bitmart,177.8,177.81,536.0,376.0
2025-07-25T08:38:54.761336,bitmex,178.13,178.2,10.0,23.0
2025-07-25T08:38:55.175827,blofin,177.75,177.76,678.0,25.0
2025-07-25T08:38:55.222467,bitrue,177.85,177.9,126.168,110.468
2025-07-25T08:38:55.467544,bitmex,178.12,178.2,20.0,23.0
2025-07-25T08:38:55.616649,bitmex,178.12,178.2,30.0,23.0
2025-07-25T08:38:55.656248,blofin,177.73,177.74,27.0,1163.0
2025-07-25T08:38:55.666253,bitmart,177.8,177.81,394.0,376.0
2025-07-25T08:38:56.167663,blofin,177.71,177.72,325.0,4.0
2025-07-25T08:38:56.267422,bitrue,177.85,177.9,126.168,110.468
2025-07-25T08:38:56.648185,blofin,177.71,177.72,976.0,5.0
2025-07-25T08:38:56.711858,bitmart,177.8,177.81,126.0,376.0
2025-07-25T08:38:56.885823,bitmex,178.12,178.2,10.0,23.0
2025-07-25T08:38:57.059574,bitmex,178.05,178.2,20.0,23.0
2025-07-25T08:38:57.107247,bitmex,178.05,178.2,20.0,42.0
2025-07-25T08:38:57.119364,bitmex,178.05,178.2,20.0,19.0
2025-07-25T08:38:57.123681,bitmex,178.05,178.19,20.0,23.0
2025-07-25T08:38:57.123690,bitmex,178.04,178.19,20.0,23.0
2025-07-25T08:38:57.153822,bitmex,178.04,178.16,20.0,938.0
2025-07-25T08:38:57.156769,bitmex,178.04,178.15,20.0,19.0
2025-07-25T08:38:57.159578,bitmex,178.04,178.15,20.0,281.0
2025-07-25T08:38:57.161990,bitmex,178.04,178.15,20.0,304.0
2025-07-25T08:38:57.170808,bitmex,178.04,178.14,20.0,23.0
2025-07-25T08:38:57.193709,blofin,177.71,177.72,976.0,5.0
2025-07-25T08:38:57.226038,bitmex,178.04,178.14,43.0,23.0
2025-07-25T08:38:57.257395,bitmex,178.05,178.14,10.0,23.0
2025-07-25T08:38:57.318186,bitrue,177.84,177.87,95.712,115.606
2025-07-25T08:38:57.353716,bitmex,178.05,178.14,33.0,23.0
2025-07-25T08:38:57.470269,bitmex,178.05,178.14,10.0,23.0
2025-07-25T08:38:57.654539,blofin,177.71,177.72,976.0,5.0
2025-07-25T08:38:57.693365,bitmart,177.74,177.75,128.0,552.0
2025-07-25T08:38:58.165532,blofin,177.64,177.65,2.0,772.0
2025-07-25T08:38:58.375429,bitrue,177.8,177.84,120.081,118.642
2025-07-25T08:38:58.467093,bitmex,178.0,178.14,42.0,23.0
2025-07-25T08:38:58.476411,bitmex,178.01,178.14,23.0,23.0
2025-07-25T08:38:58.501817,bitmex,178.04,178.14,10.0,23.0
2025-07-25T08:38:58.513426,bitmex,178.04,178.14,33.0,23.0
2025-07-25T08:38:58.658907,bitmex,178.05,178.14,23.0,23.0
2025-07-25T08:38:58.659060,blofin,177.64,177.65,2.0,772.0
2025-07-25T08:38:58.695519,bitmart,177.74,177.75,317.0,78.0
2025-07-25T08:38:58.756439,bitmex,178.06,178.14,10.0,23.0
2025-07-25T08:38:58.807824,bitmex,178.06,178.14,33.0,23.0
2025-07-25T08:38:58.897769,bitmex,178.06,178.14,10.0,23.0
2025-07-25T08:38:58.994718,bitmex,178.06,178.14,20.0,23.0
2025-07-25T08:38:59.163380,blofin,177.65,177.66,12.0,387.0
2025-07-25T08:38:59.353718,bitmex,178.06,178.14,40.0,23.0
2025-07-25T08:38:59.636566,bitmex,178.06,178.14,63.0,23.0
2025-07-25T08:38:59.656857,blofin,177.66,177.67,510.0,4.0
2025-07-25T08:38:59.680657,bitmart,177.74,177.75,317.0,47.0
2025-07-25T08:38:59.680814,bitmex,178.07,178.14,23.0,23.0
2025-07-25T08:38:59.685311,bitmex,178.07,178.15,23.0,281.0
2025-07-25T08:38:59.685322,bitmex,178.07,178.15,43.0,281.0
2025-07-25T08:38:59.757729,bitmex,178.08,178.15,10.0,281.0
2025-07-25T08:38:59.862758,bitmex,178.08,178.16,10.0,938.0
2025-07-25T08:38:59.870234,bitmex,178.08,178.16,33.0,938.0
2025-07-25T08:38:59.987737,bitmex,178.09,178.16,10.0,938.0
2025-07-25T08:39:00.122715,bitmex,178.09,178.15,10.0,23.0
2025-07-25T08:39:00.172754,bitmex,178.09,178.15,10.0,42.0
2025-07-25T08:39:00.172776,bitmex,178.09,178.15,10.0,280.0
2025-07-25T08:39:00.175636,bitmex,178.09,178.14,10.0,23.0
2025-07-25T08:39:00.190626,blofin,177.66,177.67,510.0,4.0
2025-07-25T08:39:00.278987,bitmex,178.09,178.14,10.0,467.0
2025-07-25T08:39:00.287218,bitmex,178.09,178.13,10.0,23.0
2025-07-25T08:39:00.287239,bitmex,178.09,178.13,10.0,144.0
2025-07-25T08:39:00.287248,bitmex,178.09,178.13,10.0,163.0
2025-07-25T08:39:00.291245,bitmex,178.09,178.12,10.0,23.0
2025-07-25T08:39:00.329392,bitmex,178.08,178.12,10.0,23.0
2025-07-25T08:39:00.459365,bitrue,177.83,177.87,105.943,115.606
2025-07-25T08:39:00.652867,blofin,177.65,177.66,1.0,903.0
2025-07-25T08:39:00.701190,bitmart,177.72,177.77,280.0,564.0
2025-07-25T08:39:00.718455,bitmex,178.0,178.12,42.0,23.0
2025-07-25T08:39:00.725283,bitmex,178.01,178.12,23.0,23.0
2025-07-25T08:39:00.727894,bitmex,178.01,178.12,23.0,467.0
2025-07-25T08:39:00.734461,bitmex,178.01,178.11,23.0,19.0
2025-07-25T08:39:00.734473,bitmex,178.01,178.11,23.0,140.0
2025-07-25T08:39:00.734480,bitmex,178.01,178.11,23.0,163.0
2025-07-25T08:39:00.742813,bitmex,178.01,178.1,23.0,23.0
2025-07-25T08:39:00.750626,bitmex,178.04,178.1,10.0,23.0
2025-07-25T08:39:00.755325,bitmex,178.04,178.1,30.0,23.0
2025-07-25T08:39:00.893707,bitmex,178.04,178.1,40.0,23.0
2025-07-25T08:39:01.052928,bitmex,178.04,178.1,20.0,23.0
2025-07-25T08:39:01.180527,blofin,177.65,177.66,1.0,903.0
2025-07-25T08:39:01.337819,bitmex,178.04,178.1,10.0,23.0
2025-07-25T08:39:01.471501,bitmex,177.99,178.1,99.0,23.0
2025-07-25T08:39:01.473770,bitmex,178.0,178.1,19.0,23.0
2025-07-25T08:39:01.475435,bitmex,178.0,178.1,42.0,23.0
2025-07-25T08:39:01.479063,bitmex,178.0,178.1,62.0,23.0
2025-07-25T08:39:01.497608,bitmex,178.0,178.1,43.0,23.0
2025-07-25T08:39:01.505640,bitmex,178.03,178.1,10.0,23.0
2025-07-25T08:39:01.506676,bitrue,177.8,177.84,105.948,91.868
2025-07-25T08:39:01.640320,blofin,177.63,177.64,27.0,846.0
2025-07-25T08:39:01.681619,bitmart,177.71,177.72,234.0,302.0
2025-07-25T08:39:02.146586,bitmex,178.03,178.1,10.0,961.0
2025-07-25T08:39:02.151713,bitmex,178.03,178.09,10.0,269.0
2025-07-25T08:39:02.153073,bitmex,178.03,178.09,10.0,292.0
2025-07-25T08:39:02.156051,bitmex,178.03,178.09,10.0,736.0
2025-07-25T08:39:02.158332,bitmex,178.03,178.09,10.0,713.0
2025-07-25T08:39:02.160507,bitmex,178.03,178.08,10.0,23.0
2025-07-25T08:39:02.164532,bitmex,178.03,178.08,10.0,42.0
2025-07-25T08:39:02.167546,bitmex,178.03,178.08,10.0,163.0
2025-07-25T08:39:02.170298,bitmex,178.03,178.07,10.0,23.0
2025-07-25T08:39:02.219297,blofin,177.63,177.64,676.0,354.0
2025-07-25T08:39:02.464421,bitmex,177.96,178.07,42.0,23.0
2025-07-25T08:39:02.475036,bitmex,177.97,178.07,23.0,23.0
2025-07-25T08:39:02.512237,bitmex,178.01,178.07,10.0,23.0
2025-07-25T08:39:02.548948,bitrue,177.79,177.84,128.854,91.868
2025-07-25T08:39:02.664770,blofin,177.63,177.64,676.0,354.0
2025-07-25T08:39:02.677460,bitmart,177.68,177.7,43.0,546.0
2025-07-25T08:39:02.743329,bitmex,177.93,178.07,23.0,23.0
2025-07-25T08:39:02.759511,bitmex,177.91,178.07,42.0,23.0
2025-07-25T08:39:02.764615,bitmex,177.91,178.07,19.0,23.0
2025-07-25T08:39:02.764624,bitmex,177.92,178.07,23.0,23.0
2025-07-25T08:39:02.926193,bitmex,177.88,178.07,23.0,23.0
2025-07-25T08:39:02.929818,bitmex,177.98,178.07,10.0,23.0
2025-07-25T08:39:03.144570,bitmex,177.88,178.07,23.0,23.0
2025-07-25T08:39:03.168293,bitmex,177.88,178.04,23.0,939.0
2025-07-25T08:39:03.173883,bitmex,177.88,178.03,23.0,23.0
2025-07-25T08:39:03.211558,blofin,177.6,177.61,8.0,979.0
2025-07-25T08:39:03.220941,bitmex,177.88,178.03,23.0,42.0
2025-07-25T08:39:03.222963,bitmex,177.88,178.03,23.0,305.0
2025-07-25T08:39:03.229824,bitmex,177.88,178.03,23.0,282.0
2025-07-25T08:39:03.229841,bitmex,177.88,178.02,23.0,23.0
2025-07-25T08:39:03.460053,bitmex,177.95,178.02,10.0,23.0
2025-07-25T08:39:03.594383,bitrue,177.69,177.72,83.161,119.334
2025-07-25T08:39:03.653456,blofin,177.55,177.56,5.0,302.0
2025-07-25T08:39:03.664546,bitmart,177.62,177.63,237.0,191.0
2025-07-25T08:39:04.197494,blofin,177.55,177.56,5.0,302.0
2025-07-25T08:39:04.197932,bitmex,177.95,178.02,33.0,23.0
2025-07-25T08:39:04.197948,bitmex,177.95,178.02,10.0,23.0
2025-07-25T08:39:04.209830,bitmex,177.95,178.04,10.0,939.0
2025-07-25T08:39:04.297209,bitmex,177.95,178.07,10.0,23.0
2025-07-25T08:39:04.301927,bitmex,177.95,178.07,30.0,23.0
2025-07-25T08:39:04.326994,bitmex,177.96,178.07,10.0,23.0
2025-07-25T08:39:04.331369,bitmex,177.97,178.07,23.0,23.0
2025-07-25T08:39:04.350457,bitmex,177.97,178.09,23.0,23.0
2025-07-25T08:39:04.357399,bitmex,177.97,178.14,23.0,23.0
2025-07-25T08:39:04.369695,bitmex,177.97,178.14,42.0,23.0
2025-07-25T08:39:04.371961,bitmex,177.98,178.14,23.0,23.0
2025-07-25T08:39:04.531170,bitmex,177.98,178.11,23.0,939.0
2025-07-25T08:39:04.531188,bitmex,177.98,178.1,23.0,19.0
2025-07-25T08:39:04.531195,bitmex,177.98,178.1,23.0,282.0
2025-07-25T08:39:04.531201,bitmex,177.98,178.1,23.0,305.0
2025-07-25T08:39:04.531207,bitmex,177.98,178.09,23.0,23.0
2025-07-25T08:39:04.551570,bitmex,177.97,178.09,19.0,23.0
2025-07-25T08:39:04.568547,bitmex,177.96,178.09,109.0,23.0
2025-07-25T08:39:04.574426,bitmex,177.96,178.09,132.0,23.0
2025-07-25T08:39:04.641004,bitmex,177.97,178.09,23.0,23.0
2025-07-25T08:39:04.641760,bitrue,177.69,177.76,83.161,260.26
2025-07-25T08:39:04.659504,bitmart,177.67,177.68,231.0,391.0
2025-07-25T08:39:04.666925,blofin,177.55,177.56,55.0,376.0
2025-07-25T08:39:04.861028,bitmex,177.97,178.09,42.0,23.0
2025-07-25T08:39:04.866284,bitmex,177.98,178.09,23.0,23.0
2025-07-25T08:39:04.871384,bitmex,177.98,178.09,43.0,23.0
2025-07-25T08:39:05.172863,blofin,177.6,177.61,2.0,418.0
2025-07-25T08:39:05.258381,bitmex,177.99,178.09,23.0,23.0
2025-07-25T08:39:05.262918,bitmex,177.99,178.09,43.0,23.0
2025-07-25T08:39:05.652094,blofin,177.6,177.61,2.0,418.0
2025-07-25T08:39:05.671220,bitmart,177.69,177.7,349.0,148.0
2025-07-25T08:39:05.687591,bitrue,177.75,177.79,119.097,105.387
2025-07-25T08:39:05.920321,bitmex,177.99,178.09,20.0,23.0
2025-07-25T08:39:06.089654,bitmex,177.99,178.09,43.0,23.0
2025-07-25T08:39:06.178334,blofin,177.6,177.61,2.0,418.0
2025-07-25T08:39:06.300336,bitmex,177.99,178.09,23.0,23.0
2025-07-25T08:39:06.658041,blofin,177.6,177.61,470.0,326.0
2025-07-25T08:39:06.687077,bitmart,177.69,177.7,194.0,153.0
2025-07-25T08:39:06.731460,bitrue,177.75,177.79,119.097,105.387
2025-07-25T08:39:07.068377,bitmex,177.98,178.09,20.0,23.0
2025-07-25T08:39:07.077097,bitmex,177.98,178.09,43.0,23.0
2025-07-25T08:39:07.145747,bitmex,177.99,178.09,23.0,23.0
2025-07-25T08:39:07.154073,bitmex,177.99,178.09,43.0,23.0
2025-07-25T08:39:07.190718,blofin,177.6,177.61,470.0,326.0
2025-07-25T08:39:07.653208,blofin,177.6,177.61,315.0,328.8
2025-07-25T08:39:07.705306,bitmart,177.69,177.7,194.0,351.0
2025-07-25T08:39:07.931585,bitmex,178.0,178.09,23.0,23.0
2025-07-25T08:39:07.937958,bitmex,178.0,178.09,122.0,23.0
2025-07-25T08:39:07.940171,bitmex,178.0,178.09,142.0,23.0
2025-07-25T08:39:08.162324,blofin,177.6,177.61,502.0,353.0
2025-07-25T08:39:08.405016,bitmex,178.0,178.09,119.0,23.0
2025-07-25T08:39:08.465705,bitmex,178.0,178.09,20.0,23.0
2025-07-25T08:39:08.653572,blofin,177.6,177.61,502.0,353.0
2025-07-25T08:39:08.683976,bitmart,177.67,177.69,55.0,442.0
2025-07-25T08:39:08.865882,bitmex,178.0,178.08,20.0,444.0
2025-07-25T08:39:08.872286,bitmex,178.0,178.07,20.0,23.0
2025-07-25T08:39:08.872302,bitmex,178.0,178.07,20.0,42.0
2025-07-25T08:39:08.872311,bitmex,178.0,178.07,20.0,156.0
2025-07-25T08:39:08.876199,bitmex,178.0,178.06,20.0,23.0
2025-07-25T08:39:09.154395,blofin,177.6,177.61,502.0,353.0
2025-07-25T08:39:09.242295,bitmex,177.98,178.06,20.0,23.0
2025-07-25T08:39:09.265461,bitmex,177.97,178.06,20.0,23.0
2025-07-25T08:39:09.273999,bitmex,177.97,178.06,43.0,23.0
2025-07-25T08:39:09.473971,bitmex,177.98,178.06,10.0,23.0
2025-07-25T08:39:09.650077,blofin,177.58,177.59,1.0,599.0
2025-07-25T08:39:09.669970,bitmart,177.68,177.69,127.0,442.0
2025-07-25T08:39:09.853026,bitmex,177.98,178.06,33.0,23.0
2025-07-25T08:39:10.177280,blofin,177.58,177.59,228.0,458.0
2025-07-25T08:39:10.500052,bitmex,177.99,178.06,23.0,23.0
2025-07-25T08:39:10.500066,bitmex,177.99,178.07,23.0,133.0
2025-07-25T08:39:10.500073,bitmex,177.98,178.07,10.0,133.0
2025-07-25T08:39:10.500079,bitmex,177.98,178.07,10.0,156.0
2025-07-25T08:39:10.523378,bitmex,177.98,178.06,10.0,23.0
2025-07-25T08:39:10.603094,bitmex,177.98,178.07,10.0,133.0
2025-07-25T08:39:10.617748,bitmex,177.99,178.07,23.0,133.0
2025-07-25T08:39:10.653664,blofin,177.58,177.59,228.0,458.0
2025-07-25T08:39:10.675042,bitmex,177.99,178.07,23.0,156.0
2025-07-25T08:39:10.678979,bitmart,177.68,177.69,275.0,182.0
2025-07-25T08:39:10.694372,bitmex,177.99,178.06,23.0,23.0
2025-07-25T08:39:10.694398,bitmex,177.97,178.06,62.0,23.0
2025-07-25T08:39:10.713720,bitmex,177.98,178.06,23.0,23.0
2025-07-25T08:39:10.911754,bitrue,177.73,177.79,111.374,105.387
2025-07-25T08:39:10.964337,bitmex,177.98,178.06,33.0,23.0
2025-07-25T08:39:11.136394,bitmex,177.98,178.06,10.0,23.0
2025-07-25T08:39:11.210058,blofin,177.58,177.59,228.0,458.0
2025-07-25T08:39:11.483916,bitmex,177.98,178.05,10.0,937.0
2025-07-25T08:39:11.488509,bitmex,177.98,178.04,10.0,23.0
2025-07-25T08:39:11.488523,bitmex,177.98,178.04,10.0,285.0
2025-07-25T08:39:11.488531,bitmex,177.98,178.04,10.0,304.0
2025-07-25T08:39:11.492975,bitmex,177.98,178.03,10.0,23.0
2025-07-25T08:39:11.501454,bitmex,177.98,178.03,10.0,42.0
2025-07-25T08:39:11.501467,bitmex,177.98,178.03,10.0,163.0
2025-07-25T08:39:11.506921,bitmex,177.98,178.02,10.0,23.0
2025-07-25T08:39:11.650104,blofin,177.58,177.59,464.0,124.0
2025-07-25T08:39:11.662955,bitmart,177.65,177.69,106.0,368.0
2025-07-25T08:39:11.682514,bitmex,177.97,178.02,20.0,23.0
2025-07-25T08:39:11.965979,bitrue,177.73,177.76,111.374,105.258
2025-07-25T08:39:12.232985,blofin,177.56,177.57,39.0,1376.0
2025-07-25T08:39:12.648936,blofin,177.56,177.57,39.0,1376.0
2025-07-25T08:39:12.677664,bitmex,177.96,178.02,10.0,23.0
2025-07-25T08:39:12.681920,bitmart,177.65,177.66,31.0,586.0
2025-07-25T08:39:12.758352,bitmex,177.96,178.02,20.0,23.0
2025-07-25T08:39:13.010319,bitrue,177.7,177.76,121.446,105.258
2025-07-25T08:39:13.192451,blofin,177.56,177.57,39.0,1376.0
2025-07-25T08:39:13.464674,bitmex,177.96,178.02,10.0,23.0
2025-07-25T08:39:13.533830,bitmex,177.91,178.02,23.0,23.0
2025-07-25T08:39:13.540526,bitmex,177.88,178.02,23.0,23.0
2025-07-25T08:39:13.561143,bitmex,177.94,178.02,10.0,23.0
2025-07-25T08:39:13.655840,blofin,177.55,177.56,14.0,1015.0
2025-07-25T08:39:13.682463,bitmart,177.62,177.63,109.0,407.0
2025-07-25T08:39:13.799104,bitmex,177.95,178.02,10.0,23.0
2025-07-25T08:39:13.998106,bitmex,177.94,178.02,10.0,23.0
2025-07-25T08:39:13.998328,bitmex,177.88,178.02,23.0,23.0
2025-07-25T08:39:14.020033,bitmex,177.94,178.02,10.0,23.0
2025-07-25T08:39:14.054151,bitrue,177.69,177.73,83.161,97.228
2025-07-25T08:39:14.157506,blofin,177.55,177.56,14.0,1015.0
2025-07-25T08:39:14.404228,bitmex,177.94,178.02,10.0,467.0
2025-07-25T08:39:14.409886,bitmex,177.94,178.01,10.0,121.0
2025-07-25T08:39:14.409903,bitmex,177.94,178.01,10.0,140.0
2025-07-25T08:39:14.411715,bitmex,177.94,178.01,10.0,163.0
2025-07-25T08:39:14.414439,bitmex,177.94,178.01,10.0,140.0
2025-07-25T08:39:14.415568,bitmex,177.94,178.0,10.0,23.0
2025-07-25T08:39:14.658666,blofin,177.55,177.56,5.0,1514.0
2025-07-25T08:39:14.703674,bitmart,177.61,177.62,41.0,536.0
2025-07-25T08:39:14.711249,bitmex,177.88,178.0,23.0,23.0
2025-07-25T08:39:14.735112,bitmex,177.93,178.0,10.0,23.0
2025-07-25T08:39:15.105211,bitrue,177.66,177.7,111.002,121.689
2025-07-25T08:39:15.200582,bitmex,177.93,177.99,10.0,937.0
2025-07-25T08:39:15.208571,bitmex,177.93,177.98,10.0,23.0
2025-07-25T08:39:15.208582,bitmex,177.93,177.98,10.0,42.0
2025-07-25T08:39:15.210342,blofin,177.52,177.53,41.0,644.0
2025-07-25T08:39:15.210601,bitmex,177.93,177.98,10.0,304.0
2025-07-25T08:39:15.214932,bitmex,177.93,177.97,10.0,23.0
2025-07-25T08:39:15.419446,bitmex,177.93,177.98,10.0,281.0
2025-07-25T08:39:15.429749,bitmex,177.88,177.98,23.0,281.0
2025-07-25T08:39:15.547998,bitmex,177.92,177.98,10.0,281.0
2025-07-25T08:39:15.595577,bitmex,177.92,177.97,10.0,23.0
2025-07-25T08:39:15.648557,blofin,177.52,177.53,41.0,644.0
2025-07-25T08:39:15.664384,bitmart,177.59,177.6,163.0,560.0
2025-07-25T08:39:15.781268,bitmex,177.92,177.98,10.0,281.0
2025-07-25T08:39:16.062871,bitmex,177.92,177.97,10.0,23.0
2025-07-25T08:39:16.070237,bitmex,177.92,177.98,10.0,281.0
2025-07-25T08:39:16.079859,bitmex,177.92,177.97,10.0,23.0
2025-07-25T08:39:16.149013,bitrue,177.66,177.7,111.002,121.689
2025-07-25T08:39:16.225208,blofin,177.52,177.53,41.0,644.0
2025-07-25T08:39:16.441426,bitmex,177.92,177.98,10.0,281.0
2025-07-25T08:39:16.575148,bitmex,177.92,177.97,10.0,23.0
2025-07-25T08:39:16.657057,blofin,177.52,177.53,72.0,627.0
2025-07-25T08:39:16.682323,bitmart,177.59,177.6,163.0,290.0
2025-07-25T08:39:17.171572,blofin,177.52,177.53,72.0,627.0
2025-07-25T08:39:17.192147,bitrue,177.65,177.7,93.628,121.689
2025-07-25T08:39:17.428838,bitmex,177.92,177.98,10.0,281.0
2025-07-25T08:39:17.648893,blofin,177.52,177.53,47.0,610.0
2025-07-25T08:39:17.668754,bitmart,177.59,177.6,170.0,290.0
2025-07-25T08:39:18.107427,bitmex,177.92,177.97,10.0,23.0
2025-07-25T08:39:18.177626,blofin,177.52,177.53,90.0,931.0
2025-07-25T08:39:18.653079,blofin,177.52,177.53,90.0,931.0
2025-07-25T08:39:18.675884,bitmart,177.59,177.6,106.0,174.0
2025-07-25T08:39:19.202279,blofin,177.52,177.53,90.0,931.0
2025-07-25T08:39:19.415428,bitmex,177.92,177.98,10.0,281.0
2025-07-25T08:39:19.647022,blofin,177.52,177.53,46.0,898.0
2025-07-25T08:39:19.662545,bitmart,177.59,177.6,306.0,232.0
2025-07-25T08:39:19.856742,bitmex,177.92,177.97,10.0,23.0
2025-07-25T08:39:20.173083,blofin,177.52,177.53,46.0,898.0
2025-07-25T08:39:20.652840,blofin,177.52,177.53,64.0,872.0
2025-07-25T08:39:20.705538,bitmart,177.58,177.6,13.0,412.0
2025-07-25T08:39:20.709004,bitmex,177.92,177.97,10.0,467.0
2025-07-25T08:39:20.714676,bitmex,177.92,177.96,10.0,23.0
2025-07-25T08:39:20.714688,bitmex,177.92,177.96,10.0,144.0
2025-07-25T08:39:20.715655,bitmex,177.92,177.96,10.0,163.0
2025-07-25T08:39:20.722625,bitmex,177.92,177.95,10.0,23.0
2025-07-25T08:39:20.783313,bitmex,177.86,177.95,99.0,23.0
2025-07-25T08:39:20.786345,bitmex,177.86,177.95,122.0,23.0
2025-07-25T08:39:20.818350,bitmex,177.89,177.95,10.0,23.0
2025-07-25T08:39:20.978975,bitmex,177.9,177.95,10.0,23.0
2025-07-25T08:39:21.152184,blofin,177.52,177.53,64.0,872.0
2025-07-25T08:39:21.193547,bitmex,177.9,177.96,10.0,140.0
2025-07-25T08:39:21.232151,bitmex,177.9,177.97,10.0,444.0
2025-07-25T08:39:21.283194,bitmex,177.9,177.96,10.0,23.0
2025-07-25T08:39:21.288829,bitmex,177.9,177.97,10.0,444.0
2025-07-25T08:39:21.305051,bitmex,177.9,177.96,10.0,23.0
2025-07-25T08:39:21.356569,bitmex,177.9,177.96,10.0,137.0
2025-07-25T08:39:21.356587,bitmex,177.9,177.96,10.0,156.0
2025-07-25T08:39:21.369157,bitmex,177.9,177.96,10.0,133.0
2025-07-25T08:39:21.369169,bitmex,177.9,177.95,10.0,23.0
2025-07-25T08:39:21.371305,bitrue,177.63,177.67,124.745,113.432
2025-07-25T08:39:21.598896,bitmex,177.9,177.95,10.0,42.0
2025-07-25T08:39:21.599186,bitmex,177.9,177.95,10.0,156.0
2025-07-25T08:39:21.603980,bitmex,177.9,177.94,10.0,23.0
2025-07-25T08:39:21.645573,blofin,177.49,177.5,26.0,754.0
2025-07-25T08:39:21.667886,bitmex,177.86,177.94,99.0,23.0
2025-07-25T08:39:21.675426,bitmart,177.57,177.58,9.0,511.0
2025-07-25T08:39:21.683276,bitmex,177.86,177.94,122.0,23.0
2025-07-25T08:39:21.695338,bitmex,177.89,177.94,10.0,23.0
2025-07-25T08:39:21.807017,bitmex,177.89,177.94,20.0,23.0
2025-07-25T08:39:22.173375,blofin,177.49,177.5,7.0,327.0
2025-07-25T08:39:22.390525,bitmex,177.89,177.94,10.0,23.0
2025-07-25T08:39:22.419748,bitrue,177.63,177.67,124.745,113.432
2025-07-25T08:39:22.507535,bitmex,177.83,177.94,42.0,23.0
2025-07-25T08:39:22.513335,bitmex,177.84,177.94,23.0,23.0
2025-07-25T08:39:22.535041,bitmex,177.88,177.94,10.0,23.0
2025-07-25T08:39:22.598187,bitmex,177.88,177.94,10.0,958.0
2025-07-25T08:39:22.604280,bitmex,177.88,177.93,10.0,268.0
2025-07-25T08:39:22.604301,bitmex,177.88,177.93,10.0,287.0
2025-07-25T08:39:22.604523,bitmex,177.88,177.93,10.0,310.0
2025-07-25T08:39:22.646920,blofin,177.49,177.5,7.0,327.0
2025-07-25T08:39:22.667865,bitmex,177.88,177.93,20.0,310.0
2025-07-25T08:39:22.676176,bitmart,177.53,177.58,363.0,97.0
2025-07-25T08:39:22.723039,bitmex,177.88,177.92,20.0,23.0
2025-07-25T08:39:22.738573,bitmex,177.88,177.92,10.0,23.0
2025-07-25T08:39:22.854158,bitmex,177.84,177.92,23.0,23.0
2025-07-25T08:39:22.884324,bitmex,177.85,177.92,10.0,23.0
2025-07-25T08:39:22.884337,bitmex,177.85,177.93,10.0,287.0
2025-07-25T08:39:22.926858,bitmex,177.85,177.92,10.0,23.0
2025-07-25T08:39:23.018563,bitmex,177.86,177.92,10.0,23.0
2025-07-25T08:39:23.157058,bitmex,177.86,177.93,10.0,287.0
2025-07-25T08:39:23.160339,blofin,177.47,177.48,25.0,1112.0
2025-07-25T08:39:23.167422,bitmex,177.86,177.94,10.0,935.0
2025-07-25T08:39:23.213130,bitmex,177.86,177.94,33.0,935.0
2025-07-25T08:39:23.214022,bitmex,177.86,177.94,10.0,935.0
2025-07-25T08:39:23.267538,bitmex,177.86,177.93,10.0,23.0
2025-07-25T08:39:23.271665,bitmex,177.86,177.93,10.0,285.0
2025-07-25T08:39:23.271965,bitmex,177.86,177.93,10.0,304.0
2025-07-25T08:39:23.469603,bitrue,177.62,177.67,104.631,113.432
2025-07-25T08:39:23.661442,bitmex,177.86,177.93,10.0,23.0
2025-07-25T08:39:23.663432,blofin,177.46,177.47,33.0,990.0
2025-07-25T08:39:23.664034,bitmex,177.86,177.93,33.0,23.0
2025-07-25T08:39:23.665208,bitmex,177.86,177.93,10.0,23.0
2025-07-25T08:39:23.666388,bitmex,177.86,177.94,10.0,935.0
2025-07-25T08:39:23.671638,bitmart,177.53,177.54,363.0,269.0
2025-07-25T08:39:23.811912,bitmex,177.86,177.94,33.0,935.0
2025-07-25T08:39:23.812962,bitmex,177.86,177.94,10.0,935.0
2025-07-25T08:39:23.852689,bitmex,177.87,177.94,10.0,935.0
2025-07-25T08:39:24.004039,bitmex,177.87,177.93,10.0,23.0
2025-07-25T08:39:24.007203,bitmex,177.87,177.94,10.0,935.0
2025-07-25T08:39:24.224493,blofin,177.46,177.47,33.0,990.0
2025-07-25T08:39:24.234878,bitmex,177.87,177.94,33.0,935.0
2025-07-25T08:39:24.235729,bitmex,177.87,177.94,10.0,935.0
2025-07-25T08:39:24.415805,bitmex,177.87,177.94,33.0,935.0
2025-07-25T08:39:24.416727,bitmex,177.87,177.94,10.0,935.0
2025-07-25T08:39:24.536854,bitmex,177.87,177.93,10.0,23.0
2025-07-25T08:39:24.541748,bitmex,177.87,177.94,10.0,935.0
2025-07-25T08:39:24.557642,bitmex,177.87,177.93,10.0,23.0
2025-07-25T08:39:24.649136,blofin,177.46,177.47,254.0,702.0
2025-07-25T08:39:24.676123,bitmart,177.56,177.57,21.0,385.0
2025-07-25T08:39:24.700409,bitmex,177.87,177.95,10.0,23.0
2025-07-25T08:39:24.700423,bitmex,177.87,177.95,33.0,23.0
2025-07-25T08:39:24.700430,bitmex,177.87,177.95,10.0,23.0
2025-07-25T08:39:24.834189,bitmex,177.87,177.95,10.0,958.0
2025-07-25T08:39:24.973053,bitmex,177.87,177.95,33.0,958.0
2025-07-25T08:39:24.973067,bitmex,177.87,177.95,10.0,958.0
2025-07-25T08:39:25.037809,bitmex,177.87,177.95,10.0,935.0
2025-07-25T08:39:25.038163,bitmex,177.87,177.94,10.0,23.0
2025-07-25T08:39:25.166945,blofin,177.46,177.47,254.0,702.0
2025-07-25T08:39:25.439627,bitmex,177.87,177.94,10.0,42.0
2025-07-25T08:39:25.439643,bitmex,177.87,177.94,10.0,304.0
2025-07-25T08:39:25.444871,bitmex,177.87,177.93,10.0,23.0
2025-07-25T08:39:25.646833,blofin,177.46,177.47,360.0,266.0
2025-07-25T08:39:25.664921,bitmex,177.87,177.94,10.0,281.0
2025-07-25T08:39:25.699447,bitmart,177.55,177.57,140.0,205.0
2025-07-25T08:39:25.975274,bitmex,177.87,177.93,10.0,24.0
2025-07-25T08:39:26.228598,blofin,177.46,177.47,360.0,266.0
2025-07-25T08:39:26.649881,blofin,177.46,177.47,336.0,249.0
2025-07-25T08:39:26.701334,bitmart,177.55,177.56,150.0,150.0
2025-07-25T08:39:27.195900,blofin,177.46,177.47,419.0,240.0
2025-07-25T08:39:27.662973,blofin,177.46,177.47,419.0,240.0
2025-07-25T08:39:27.713710,bitmart,177.55,177.56,125.0,66.0
2025-07-25T08:39:28.195624,blofin,177.46,177.47,419.0,240.0
2025-07-25T08:39:28.310808,bitmex,177.81,177.93,23.0,24.0
2025-07-25T08:39:28.329485,bitmex,177.81,177.92,23.0,444.0
2025-07-25T08:39:28.336332,bitmex,177.81,177.91,23.0,19.0
2025-07-25T08:39:28.336349,bitmex,177.81,177.91,23.0,133.0
2025-07-25T08:39:28.336356,bitmex,177.81,177.91,23.0,157.0
2025-07-25T08:39:28.355411,bitmex,177.86,177.91,10.0,157.0
2025-07-25T08:39:28.528147,bitmex,177.86,177.91,20.0,157.0
2025-07-25T08:39:28.550734,bitmex,177.86,177.91,10.0,157.0
2025-07-25T08:39:28.651326,blofin,177.46,177.47,224.0,417.0
2025-07-25T08:39:28.654727,bitmex,177.86,177.91,10.0,24.0
2025-07-25T08:39:28.709747,bitmart,177.53,177.54,185.0,99.0
2025-07-25T08:39:29.195162,blofin,177.46,177.47,224.0,417.0
2025-07-25T08:39:29.255611,bitmex,177.86,177.92,10.0,444.0
2025-07-25T08:39:29.555730,bitmex,177.86,177.92,34.0,444.0
2025-07-25T08:39:29.560221,bitmex,177.86,177.92,34.0,416.0
2025-07-25T08:39:29.564166,bitmex,177.87,177.92,24.0,416.0
2025-07-25T08:39:29.576515,bitmex,177.87,177.92,24.0,176.0
2025-07-25T08:39:29.576530,bitmex,177.87,177.92,123.0,176.0
2025-07-25T08:39:29.582577,bitmex,177.87,177.98,123.0,199.0
2025-07-25T08:39:29.595077,bitmex,177.88,177.98,24.0,199.0
2025-07-25T08:39:29.613904,bitmex,177.88,177.98,43.0,199.0
2025-07-25T08:39:29.613918,bitmex,177.88,177.98,43.0,176.0
2025-07-25T08:39:29.620474,bitmex,177.88,177.97,43.0,24.0
2025-07-25T08:39:29.637463,bitmex,177.89,177.97,24.0,24.0
2025-07-25T08:39:29.639282,bitmex,177.89,177.98,24.0,176.0
2025-07-25T08:39:29.646864,blofin,177.46,177.47,21.0,726.0
2025-07-25T08:39:29.658627,bitmex,177.89,177.97,24.0,24.0
2025-07-25T08:39:29.666546,bitmart,177.53,177.56,536.0,46.0
2025-07-25T08:39:29.706013,bitmex,177.88,177.97,37.0,24.0
2025-07-25T08:39:29.744400,bitrue,177.6,177.63,134.588,130.635
2025-07-25T08:39:29.775046,bitmex,177.88,177.97,61.0,24.0
2025-07-25T08:39:29.789515,bitmex,177.89,177.97,24.0,24.0
2025-07-25T08:39:29.830667,bitmex,177.89,177.99,24.0,19.0
2025-07-25T08:39:29.833960,bitmex,177.89,177.99,24.0,128.0
2025-07-25T08:39:29.834864,bitmex,177.88,177.99,37.0,128.0
2025-07-25T08:39:29.834873,bitmex,177.88,177.98,37.0,24.0
2025-07-25T08:39:29.848553,bitmex,177.91,177.98,10.0,24.0
2025-07-25T08:39:30.163944,blofin,177.46,177.47,21.0,726.0
2025-07-25T08:39:30.563583,bitmex,177.91,177.98,34.0,24.0
2025-07-25T08:39:30.566971,bitmex,177.91,178.0,34.0,969.0
2025-07-25T08:39:30.581139,bitmex,177.92,178.0,24.0,969.0
2025-07-25T08:39:30.616180,bitmex,177.92,178.0,24.0,946.0
2025-07-25T08:39:30.655497,blofin,177.51,177.52,725.0,347.0
2025-07-25T08:39:30.669501,bitmart,177.59,177.64,137.0,55.0
2025-07-25T08:39:30.755892,bitmex,177.92,177.99,24.0,24.0
2025-07-25T08:39:30.758058,bitmex,177.91,177.99,10.0,24.0
2025-07-25T08:39:30.791696,bitrue,177.67,177.72,127.176,95.436
2025-07-25T08:39:31.095987,bitmex,177.91,177.99,34.0,24.0
2025-07-25T08:39:31.189250,blofin,177.51,177.52,725.0,347.0
2025-07-25T08:39:31.467189,bitmex,177.91,177.99,10.0,24.0
2025-07-25T08:39:31.661877,blofin,177.55,177.56,811.0,192.0
2025-07-25T08:39:31.666324,bitmart,177.61,177.62,361.0,173.0
2025-07-25T08:39:31.835165,bitrue,177.67,177.72,127.176,95.436
2025-07-25T08:39:32.210421,blofin,177.52,177.54,2.0,351.0
2025-07-25T08:39:32.650131,blofin,177.52,177.53,11.92,1022.0
2025-07-25T08:39:32.705004,bitmart,177.59,177.6,298.0,89.0
2025-07-25T08:39:33.166111,blofin,177.52,177.53,11.92,1022.0
2025-07-25T08:39:33.649413,blofin,177.52,177.53,90.0,294.0
2025-07-25T08:39:33.724035,bitmart,177.59,177.6,365.0,24.0
2025-07-25T08:39:34.158024,blofin,177.52,177.53,60.0,343.0
2025-07-25T08:39:34.346118,bitmex,177.91,177.99,34.0,24.0
2025-07-25T08:39:34.377500,bitmex,177.92,177.99,24.0,24.0
2025-07-25T08:39:34.382415,bitmex,177.91,177.99,10.0,24.0
2025-07-25T08:39:34.382541,bitmex,177.91,178.02,10.0,353.0
2025-07-25T08:39:34.388202,bitmex,177.91,178.01,10.0,24.0
2025-07-25T08:39:34.532000,bitmex,177.92,178.01,24.0,24.0
2025-07-25T08:39:34.646096,blofin,177.52,177.53,60.0,343.0
2025-07-25T08:39:34.670606,bitmart,177.59,177.62,682.0,10.0
2025-07-25T08:39:34.760338,bitmex,177.91,178.01,10.0,24.0
2025-07-25T08:39:34.770074,bitmex,177.91,178.01,34.0,24.0
2025-07-25T08:39:34.781257,bitmex,177.91,178.01,10.0,24.0
2025-07-25T08:39:35.114840,bitmex,177.91,178.01,34.0,24.0
2025-07-25T08:39:35.184529,blofin,177.52,177.53,60.0,343.0
2025-07-25T08:39:35.646776,blofin,177.52,177.53,786.0,32.0
2025-07-25T08:39:35.657941,bitmart,177.61,177.62,216.0,141.0
2025-07-25T08:39:35.963826,bitmex,177.92,178.01,24.0,24.0
2025-07-25T08:39:35.998324,bitmex,177.91,178.01,10.0,24.0
2025-07-25T08:39:36.200247,blofin,177.52,177.53,362.0,3.0
2025-07-25T08:39:36.248262,bitmex,177.91,178.01,34.0,24.0
2025-07-25T08:39:36.652190,blofin,177.52,177.53,362.0,3.0
2025-07-25T08:39:36.713376,bitmart,177.61,177.62,216.0,154.0
2025-07-25T08:39:36.799013,bitmex,177.91,178.01,10.0,24.0
2025-07-25T08:39:36.930075,bitmex,177.91,178.01,34.0,24.0
2025-07-25T08:39:37.091377,bitmex,177.91,178.01,10.0,24.0
2025-07-25T08:39:37.165220,blofin,177.52,177.53,362.0,3.0
2025-07-25T08:39:37.647818,blofin,177.52,177.53,421.0,115.0
2025-07-25T08:39:37.674461,bitmart,177.61,177.62,27.0,352.0
2025-07-25T08:39:37.810652,bitmex,177.88,178.01,24.0,24.0
2025-07-25T08:39:38.068815,bitmex,177.88,178.0,24.0,176.0
2025-07-25T08:39:38.068822,bitmex,177.88,177.99,24.0,24.0
2025-07-25T08:39:38.068828,bitmex,177.88,177.99,24.0,58.0
2025-07-25T08:39:38.068833,bitmex,177.88,177.99,24.0,77.0
2025-07-25T08:39:38.068839,bitmex,177.88,177.98,24.0,24.0
2025-07-25T08:39:38.069346,bitmex,177.88,177.98,43.0,24.0
2025-07-25T08:39:38.072936,bitmex,177.89,177.98,24.0,24.0
2025-07-25T08:39:38.089488,bitmex,177.9,177.98,10.0,24.0
2025-07-25T08:39:38.160112,blofin,177.52,177.53,421.0,115.0
2025-07-25T08:39:38.661722,bitmart,177.58,177.59,442.0,160.0
2025-07-25T08:39:38.664642,blofin,177.52,177.53,23.0,300.0
2025-07-25T08:39:39.163975,blofin,177.52,177.53,18.0,686.0
2025-07-25T08:39:39.650708,blofin,177.52,177.53,18.0,686.0
2025-07-25T08:39:39.662554,bitmart,177.58,177.59,442.0,88.0
2025-07-25T08:39:40.183422,blofin,177.52,177.53,18.0,686.0
2025-07-25T08:39:40.651749,blofin,177.52,177.53,17.0,653.37
2025-07-25T08:39:40.667202,bitmart,177.58,177.59,258.0,93.0
2025-07-25T08:39:41.161106,blofin,177.52,177.53,17.0,653.37
2025-07-25T08:39:41.648481,blofin,177.52,177.53,24.0,352.94
2025-07-25T08:39:41.673945,bitmart,177.58,177.59,420.0,110.0
2025-07-25T08:39:41.714975,bitmex,177.9,177.98,34.0,24.0
2025-07-25T08:39:41.735579,bitmex,177.9,177.98,10.0,24.0
2025-07-25T08:39:41.821035,bitmex,177.9,177.98,34.0,24.0
2025-07-25T08:39:41.831916,bitmex,177.9,177.98,10.0,24.0
2025-07-25T08:39:42.196249,blofin,177.52,177.53,12.0,326.0
2025-07-25T08:39:42.650358,blofin,177.52,177.53,12.0,326.0
2025-07-25T08:39:42.701985,bitmart,177.58,177.59,420.0,110.0
2025-07-25T08:39:42.750831,bitmex,177.9,177.98,34.0,24.0
2025-07-25T08:39:42.752221,bitmex,177.91,177.98,24.0,24.0
2025-07-25T08:39:42.757242,bitmex,177.91,177.99,24.0,53.0
2025-07-25T08:39:42.757839,bitmex,177.91,178.0,24.0,176.0
2025-07-25T08:39:43.076756,bitmex,177.93,178.0,10.0,176.0
2025-07-25T08:39:43.083295,bitmex,177.93,178.0,34.0,176.0
2025-07-25T08:39:43.086742,bitmex,177.93,178.0,10.0,176.0
2025-07-25T08:39:43.191053,blofin,177.52,177.53,12.0,326.0
2025-07-25T08:39:43.236210,bitmex,177.93,178.0,34.0,176.0
2025-07-25T08:39:43.236538,bitmex,177.93,178.0,10.0,176.0
2025-07-25T08:39:43.386565,bitmex,177.93,178.0,34.0,176.0
2025-07-25T08:39:43.389136,bitmex,177.93,178.0,10.0,176.0
2025-07-25T08:39:43.537554,bitmex,177.93,178.0,34.0,176.0
2025-07-25T08:39:43.540883,bitmex,177.93,178.0,10.0,176.0
2025-07-25T08:39:43.649524,blofin,177.55,177.56,749.0,32.0
2025-07-25T08:39:43.692739,bitmex,177.93,178.0,34.0,176.0
2025-07-25T08:39:43.692761,bitmex,177.93,178.0,10.0,176.0
2025-07-25T08:39:43.795516,bitmart,177.63,177.64,652.0,9.0
2025-07-25T08:39:43.847131,bitmex,177.93,178.0,34.0,176.0
2025-07-25T08:39:43.848230,bitmex,177.93,178.0,10.0,176.0
2025-07-25T08:39:44.057125,bitmex,177.93,178.0,34.0,176.0
2025-07-25T08:39:44.061527,bitmex,177.93,178.0,10.0,176.0
2025-07-25T08:39:44.186717,blofin,177.55,177.56,749.0,32.0
2025-07-25T08:39:44.210279,bitmex,177.93,178.0,34.0,176.0
2025-07-25T08:39:45.042803,bitmart,177.63,177.64,510.0,179.0
2025-07-25T08:39:45.042839,bitrue,177.7,177.74,98.42,132.07
2025-07-25T08:39:45.042889,bitmex,177.93,178.0,10.0,176.0
2025-07-25T08:39:45.042917,bitmex,177.93,178.0,34.0,176.0
2025-07-25T08:39:45.042921,bitmex,177.93,178.0,10.0,176.0
2025-07-25T08:39:45.042930,blofin,177.55,177.56,551.0,26.0
2025-07-25T08:39:45.116329,bitmex,177.93,178.0,34.0,176.0
2025-07-25T08:39:45.116345,bitmex,177.93,178.0,10.0,176.0
2025-07-25T08:39:45.181656,blofin,177.55,177.56,171.0,127.0
2025-07-25T08:39:45.268402,bitmex,177.94,178.0,24.0,176.0
2025-07-25T08:39:45.421393,bitrue,177.7,177.74,98.42,132.07
2025-07-25T08:39:45.648309,blofin,177.55,177.56,171.0,127.0
2025-07-25T08:39:45.670117,bitmart,177.63,177.64,373.0,20.0
2025-07-25T08:39:45.738546,bitmex,177.94,178.03,24.0,1727.0
2025-07-25T08:39:45.738575,bitmex,177.94,178.03,24.0,947.0
2025-07-25T08:39:45.833654,bitmex,177.94,178.02,24.0,24.0
2025-07-25T08:39:46.175975,blofin,177.55,177.56,171.0,127.0
2025-07-25T08:39:46.316508,bitmex,177.93,178.02,10.0,24.0
2025-07-25T08:39:46.334227,bitmex,177.93,178.02,34.0,24.0
2025-07-25T08:39:46.334248,bitmex,177.93,178.02,10.0,24.0
2025-07-25T08:39:46.469484,bitrue,177.7,177.76,98.42,105.258
2025-07-25T08:39:46.483247,bitmex,177.94,178.02,24.0,24.0
2025-07-25T08:39:46.487939,bitmex,177.94,178.03,24.0,947.0
2025-07-25T08:39:46.651285,blofin,177.55,177.56,327.0,27.0
2025-07-25T08:39:46.715705,bitmart,177.64,177.65,232.0,33.0
2025-07-25T08:39:47.148521,blofin,177.55,177.56,327.0,27.0
2025-07-25T08:39:47.422408,bitmex,177.94,178.04,24.0,24.0
2025-07-25T08:39:47.430995,bitmex,177.94,178.05,24.0,176.0
2025-07-25T08:39:47.652093,blofin,177.55,177.56,504.0,24.0
2025-07-25T08:39:47.654181,bitmex,177.94,178.06,24.0,23.0
2025-07-25T08:39:47.658375,bitmex,177.94,178.08,24.0,24.0
2025-07-25T08:39:47.662748,bitmex,177.94,178.08,24.0,58.0
2025-07-25T08:39:47.662764,bitmex,177.94,178.08,24.0,77.0
2025-07-25T08:39:47.668250,bitmex,177.94,178.07,24.0,24.0
2025-07-25T08:39:47.674573,bitmart,177.64,177.68,480.0,48.0
2025-07-25T08:39:47.723522,bitmex,177.94,178.08,24.0,53.0
2025-07-25T08:39:47.744974,bitmex,177.94,178.09,24.0,410.0
2025-07-25T08:39:47.785909,bitmex,177.94,178.09,24.0,195.0
2025-07-25T08:39:47.785935,bitmex,177.94,178.09,24.0,176.0
2025-07-25T08:39:48.194449,blofin,177.55,177.56,504.0,24.0
2025-07-25T08:39:48.430974,bitmex,177.94,178.1,24.0,965.0
2025-07-25T08:39:48.437036,bitmex,177.94,178.1,24.0,941.0
2025-07-25T08:39:48.561227,bitrue,177.77,177.81,129.43,115.164
2025-07-25T08:39:48.622044,bitmex,177.94,178.12,24.0,200.0
2025-07-25T08:39:48.626839,bitmex,177.94,178.12,24.0,176.0
2025-07-25T08:39:48.637003,bitmex,177.94,178.12,43.0,176.0
2025-07-25T08:39:48.637017,bitmex,177.94,178.12,642.0,176.0
2025-07-25T08:39:48.641416,bitmex,177.95,178.12,24.0,176.0
2025-07-25T08:39:48.647058,blofin,177.61,177.62,956.0,60.0
2025-07-25T08:39:48.711972,bitmart,177.71,177.74,533.0,46.0
2025-07-25T08:39:49.021255,bitmex,178.06,178.12,10.0,176.0
2025-07-25T08:39:49.030627,bitmex,178.06,178.14,10.0,257.0
2025-07-25T08:39:49.058571,bitmex,178.06,178.13,10.0,24.0
2025-07-25T08:39:49.133900,bitmex,178.06,178.13,34.0,24.0
2025-07-25T08:39:49.211298,blofin,177.66,177.67,782.0,9.0
2025-07-25T08:39:49.315913,bitmex,178.06,178.13,44.0,24.0
2025-07-25T08:39:49.349808,bitmex,178.06,178.13,20.0,24.0
2025-07-25T08:39:49.650069,blofin,177.66,177.67,782.0,9.0
2025-07-25T08:39:49.670681,bitmart,177.71,177.75,106.0,523.0
2025-07-25T08:39:49.701365,bitrue,177.8,177.85,129.327,115.597
2025-07-25T08:39:49.728402,bitmex,178.06,178.13,10.0,24.0
2025-07-25T08:39:49.768874,bitmex,178.01,178.13,99.0,24.0
2025-07-25T08:39:49.778093,bitmex,178.01,178.13,123.0,24.0
2025-07-25T08:39:49.787332,bitmex,178.01,178.13,123.0,44.0
2025-07-25T08:39:49.789540,bitmex,178.01,178.12,123.0,24.0
2025-07-25T08:39:49.800113,bitmex,178.03,178.12,10.0,24.0
2025-07-25T08:39:50.007253,bitmex,178.03,178.12,20.0,24.0
2025-07-25T08:39:50.189609,blofin,177.64,177.65,1.0,234.0
2025-07-25T08:39:50.647322,blofin,177.64,177.65,1.0,234.0
2025-07-25T08:39:50.676181,bitmart,177.71,177.72,137.0,194.0
2025-07-25T08:39:50.752281,bitrue,177.79,177.82,113.251,100.943
2025-07-25T08:39:50.774062,bitmex,178.03,178.12,20.0,44.0
2025-07-25T08:39:50.780532,bitmex,178.03,178.11,20.0,24.0
2025-07-25T08:39:50.785302,bitmex,178.03,178.11,20.0,44.0
2025-07-25T08:39:50.790347,bitmex,178.03,178.1,20.0,24.0
2025-07-25T08:39:50.817828,bitmex,178.03,178.1,20.0,44.0
2025-07-25T08:39:50.817848,bitmex,178.03,178.09,20.0,24.0
2025-07-25T08:39:50.817861,bitmex,178.03,178.09,20.0,44.0
2025-07-25T08:39:50.817867,bitmex,178.03,178.08,20.0,24.0
2025-07-25T08:39:50.820581,bitmex,178.03,178.08,20.0,44.0
2025-07-25T08:39:51.124621,bitmex,178.03,178.07,20.0,24.0
2025-07-25T08:39:51.196185,blofin,177.63,177.64,137.0,709.0
2025-07-25T08:39:51.256614,bitmex,178.03,178.07,10.0,24.0
2025-07-25T08:39:51.468902,bitmex,177.99,178.07,24.0,24.0
2025-07-25T08:39:51.472443,bitmex,177.99,178.08,24.0,20.0
2025-07-25T08:39:51.478590,bitmex,177.99,178.08,24.0,44.0
2025-07-25T08:39:51.492295,bitmex,178.02,178.08,10.0,44.0
2025-07-25T08:39:51.535035,bitmex,178.02,178.08,20.0,44.0
2025-07-25T08:39:51.662275,blofin,177.63,177.64,129.0,551.0
2025-07-25T08:39:51.669063,bitmart,177.7,177.71,175.0,507.0
2025-07-25T08:39:51.760024,bitmex,178.02,178.07,20.0,24.0
2025-07-25T08:39:51.795192,bitrue,177.77,177.82,129.43,100.943
2025-07-25T08:39:52.182441,blofin,177.63,177.64,129.0,551.0
2025-07-25T08:39:52.651645,blofin,177.62,177.63,59.0,713.0
2025-07-25T08:39:52.703694,bitmart,177.7,177.71,19.0,507.0
2025-07-25T08:39:52.782307,bitmex,178.02,178.07,40.0,24.0
2025-07-25T08:39:52.983594,bitmex,178.02,178.07,30.0,24.0
2025-07-25T08:39:53.175240,blofin,177.62,177.63,59.0,713.0
2025-07-25T08:39:53.204422,bitmex,178.02,178.07,20.0,24.0
2025-07-25T08:39:53.270974,bitmex,178.02,178.11,20.0,77.0
2025-07-25T08:39:53.281766,bitmex,178.02,178.1,20.0,24.0
2025-07-25T08:39:53.382927,bitmex,178.02,178.1,44.0,24.0
2025-07-25T08:39:53.607115,bitmex,178.03,178.1,24.0,24.0
2025-07-25T08:39:53.608882,bitmex,178.03,178.12,24.0,200.0
2025-07-25T08:39:53.620977,bitmex,178.03,178.11,24.0,24.0
2025-07-25T08:39:53.647386,blofin,177.62,177.63,40.0,426.0
2025-07-25T08:39:53.669132,bitmart,177.69,177.72,364.0,47.0
2025-07-25T08:39:53.732160,bitmex,178.03,178.11,34.0,24.0
2025-07-25T08:39:53.746651,bitmex,178.03,178.11,54.0,24.0
2025-07-25T08:39:53.795067,bitmex,178.03,178.11,30.0,24.0
2025-07-25T08:39:53.824971,bitmex,178.03,178.11,30.0,43.0
2025-07-25T08:39:53.824983,bitmex,178.03,178.11,30.0,77.0
2025-07-25T08:39:53.836310,bitmex,178.03,178.1,30.0,24.0
2025-07-25T08:39:54.059141,bitmex,178.04,178.1,10.0,24.0
2025-07-25T08:39:54.063170,bitmex,178.04,178.1,30.0,24.0
2025-07-25T08:39:54.173413,blofin,177.62,177.63,40.0,426.0
2025-07-25T08:39:54.652489,blofin,177.64,177.65,957.0,85.0
2025-07-25T08:39:54.657716,bitmart,177.72,177.73,113.0,256.0
2025-07-25T08:39:55.128234,bitmex,178.04,178.1,10.0,24.0
2025-07-25T08:39:55.180877,blofin,177.64,177.65,957.0,85.0
2025-07-25T08:39:55.263736,bitmex,178.02,178.1,20.0,24.0
2025-07-25T08:39:55.670485,bitmart,177.69,177.7,249.0,197.0
2025-07-25T08:39:55.676573,blofin,177.61,177.62,4.0,1229.0
2025-07-25T08:39:55.741812,bitmex,178.0,178.1,20.0,24.0
2025-07-25T08:39:55.810350,bitmex,178.0,178.1,44.0,24.0
2025-07-25T08:39:55.810366,bitmex,178.01,178.1,10.0,24.0
2025-07-25T08:39:55.824663,bitmex,178.01,178.1,20.0,24.0
2025-07-25T08:39:55.972695,bitmex,178.01,178.1,44.0,24.0
2025-07-25T08:39:56.083835,bitmex,178.01,178.1,20.0,24.0
2025-07-25T08:39:56.166088,blofin,177.61,177.62,4.0,1229.0
2025-07-25T08:39:56.655707,blofin,177.61,177.62,644.0,67.0
2025-07-25T08:39:56.667141,bitmart,177.69,177.7,154.0,167.0
2025-07-25T08:39:57.190663,blofin,177.62,177.63,2.0,496.0
2025-07-25T08:39:57.645208,blofin,177.62,177.63,2.0,496.0
2025-07-25T08:39:57.687874,bitmart,177.69,177.7,164.0,127.0
2025-07-25T08:39:57.695887,bitmex,178.01,178.1,40.0,24.0
2025-07-25T08:39:58.186437,blofin,177.62,177.63,2.0,496.0
2025-07-25T08:39:58.580245,bitmex,178.01,178.1,64.0,24.0
2025-07-25T08:39:58.580260,bitmex,178.02,178.1,24.0,24.0
2025-07-25T08:39:58.583343,bitmex,178.01,178.1,40.0,24.0
2025-07-25T08:39:58.591363,bitmex,178.01,178.1,20.0,24.0
2025-07-25T08:39:58.594985,bitmex,178.02,178.1,20.0,24.0
2025-07-25T08:39:58.648834,blofin,177.61,177.62,335.0,272.0
2025-07-25T08:39:58.769228,bitmart,177.69,177.71,156.0,187.0
2025-07-25T08:39:58.779541,bitmex,178.02,178.1,44.0,24.0
2025-07-25T08:39:58.790094,bitmex,178.03,178.1,24.0,24.0
2025-07-25T08:39:58.793733,bitmex,178.02,178.1,20.0,24.0
2025-07-25T08:39:59.047597,bitmex,178.02,178.1,30.0,24.0
2025-07-25T08:39:59.216159,blofin,177.61,177.62,436.0,34.0
2025-07-25T08:39:59.560404,bitmex,178.02,178.1,10.0,24.0
2025-07-25T08:39:59.588989,bitmex,178.02,178.1,20.0,24.0
2025-07-25T08:39:59.646420,blofin,177.61,177.62,436.0,34.0
2025-07-25T08:39:59.666883,bitmart,177.7,177.71,35.0,354.0
2025-07-25T08:39:59.743922,bitmex,178.02,178.1,10.0,24.0
2025-07-25T08:39:59.797922,bitmex,177.97,178.1,20.0,24.0
2025-07-25T08:39:59.859126,bitmex,178.0,178.1,10.0,24.0
2025-07-25T08:39:59.929651,bitmex,178.0,178.08,10.0,937.0
2025-07-25T08:39:59.940467,bitmex,178.0,178.07,10.0,24.0
2025-07-25T08:39:59.940483,bitmex,178.0,178.07,10.0,43.0
2025-07-25T08:39:59.940488,bitmex,178.0,178.07,10.0,305.0
2025-07-25T08:39:59.950003,bitmex,178.0,178.06,10.0,24.0
2025-07-25T08:40:00.051184,bitmex,177.97,178.06,20.0,24.0
2025-07-25T08:40:00.153481,bitmex,177.97,178.06,20.0,200.0
2025-07-25T08:40:00.160813,bitmex,177.97,178.05,20.0,24.0
2025-07-25T08:40:00.163993,bitmex,177.97,178.05,20.0,65.0
2025-07-25T08:40:00.164005,bitmex,177.97,178.05,20.0,84.0
2025-07-25T08:40:00.169551,bitrue,177.74,177.82,117.663,100.943
2025-07-25T08:40:00.169845,bitmex,177.97,178.05,20.0,60.0
2025-07-25T08:40:00.169858,bitmex,177.97,178.04,20.0,24.0
2025-07-25T08:40:00.175400,bitmex,177.98,178.04,10.0,24.0
2025-07-25T08:40:00.179566,blofin,177.61,177.62,620.0,71.0
2025-07-25T08:40:00.273657,bitmex,177.98,178.04,20.0,24.0
2025-07-25T08:40:00.378132,bitmex,177.98,178.04,10.0,24.0
2025-07-25T08:40:00.478222,bitmex,177.97,178.04,20.0,24.0
2025-07-25T08:40:00.574378,bitmex,177.97,178.04,44.0,24.0
2025-07-25T08:40:00.575366,bitmex,177.97,178.04,20.0,24.0
2025-07-25T08:40:00.580046,bitmex,177.97,178.05,20.0,60.0
2025-07-25T08:40:00.596678,bitmex,177.97,178.05,20.0,84.0
2025-07-25T08:40:00.616026,bitmex,177.97,178.05,20.0,24.0
2025-07-25T08:40:00.665059,blofin,177.56,177.57,35.0,872.0
2025-07-25T08:40:00.678579,bitmex,177.97,178.06,20.0,176.0
2025-07-25T08:40:00.711241,bitmart,177.65,177.68,535.0,2.0
2025-07-25T08:40:00.727396,bitmex,177.98,178.06,10.0,176.0
2025-07-25T08:40:00.727408,bitmex,177.98,178.06,34.0,176.0
2025-07-25T08:40:00.732986,bitmex,177.99,178.06,24.0,176.0
2025-07-25T08:40:00.829657,bitmex,177.98,178.06,10.0,176.0
2025-07-25T08:40:00.829671,bitmex,177.98,178.05,10.0,24.0
2025-07-25T08:40:00.890998,bitmex,177.98,178.05,34.0,24.0
2025-07-25T08:40:00.910129,bitmex,177.98,178.06,34.0,176.0
2025-07-25T08:40:00.910143,bitmex,177.99,178.06,24.0,176.0
2025-07-25T08:40:00.979090,bitmex,177.98,178.06,20.0,176.0
2025-07-25T08:40:00.991037,bitmex,177.98,178.05,20.0,24.0
2025-07-25T08:40:01.208679,blofin,177.56,177.57,35.0,872.0
2025-07-25T08:40:01.223654,bitmex,177.98,178.05,20.0,58.0
2025-07-25T08:40:01.223667,bitmex,177.98,178.05,20.0,77.0
2025-07-25T08:40:01.225657,bitmex,177.98,178.04,20.0,24.0
2025-07-25T08:40:01.230234,bitrue,177.72,177.76,94.625,107.523
2025-07-25T08:40:01.277712,bitmex,177.98,178.05,20.0,53.0
2025-07-25T08:40:01.373911,bitmex,177.98,178.04,20.0,24.0
2025-07-25T08:40:01.431076,bitmex,177.98,178.04,10.0,24.0
2025-07-25T08:40:01.593821,bitmex,177.97,178.04,20.0,24.0
2025-07-25T08:40:01.625237,bitmex,177.97,178.04,30.0,24.0
2025-07-25T08:40:01.651108,blofin,177.61,177.62,307.0,326.0
2025-07-25T08:40:01.693763,bitmart,177.65,177.67,137.0,264.0
2025-07-25T08:40:01.713378,bitmex,177.97,178.04,40.0,24.0
2025-07-25T08:40:01.751063,bitmex,177.97,178.04,64.0,24.0
2025-07-25T08:40:01.765967,bitmex,177.97,178.05,64.0,53.0
2025-07-25T08:40:01.778094,bitmex,177.98,178.05,24.0,53.0
2025-07-25T08:40:01.780775,bitmex,177.97,178.05,40.0,53.0
2025-07-25T08:40:01.793907,bitmex,177.97,178.05,40.0,77.0
2025-07-25T08:40:01.798190,bitmex,177.97,178.05,40.0,53.0
2025-07-25T08:40:01.798380,bitmex,177.97,178.04,40.0,24.0
2025-07-25T08:40:02.213052,blofin,177.59,177.6,102.0,777.0
2025-07-25T08:40:02.272437,bitrue,177.72,177.76,94.625,90.249
2025-07-25T08:40:02.392209,bitmex,177.97,178.04,20.0,24.0
2025-07-25T08:40:02.575959,bitmex,177.97,178.04,10.0,24.0
2025-07-25T08:40:02.662913,blofin,177.59,177.6,102.0,777.0
2025-07-25T08:40:02.674079,bitmart,177.63,177.66,289.0,354.0
2025-07-25T08:40:02.683611,bitmex,177.92,178.04,37.0,24.0
2025-07-25T08:40:02.690008,bitmex,177.93,178.04,24.0,24.0
2025-07-25T08:40:02.714354,bitmex,177.96,178.04,10.0,24.0
2025-07-25T08:40:02.921983,bitmex,177.93,178.04,24.0,24.0
2025-07-25T08:40:02.966346,bitmex,177.95,178.04,10.0,24.0
2025-07-25T08:40:03.112163,bitmex,177.95,178.04,20.0,24.0
2025-07-25T08:40:03.173893,blofin,177.56,177.57,43.0,257.0
2025-07-25T08:40:03.318910,bitrue,177.7,177.76,98.42,90.249
2025-07-25T08:40:03.648640,blofin,177.56,177.57,142.0,583.0
2025-07-25T08:40:03.672408,bitmart,177.63,177.64,9.0,271.0
2025-07-25T08:40:03.924692,bitmex,177.95,178.04,44.0,24.0
2025-07-25T08:40:03.925096,bitmex,177.95,178.04,20.0,24.0
2025-07-25T08:40:03.926827,bitmex,177.95,178.04,10.0,24.0
2025-07-25T08:40:04.171456,blofin,177.54,177.55,179.0,547.0
2025-07-25T08:40:04.205931,bitmex,177.95,178.04,20.0,24.0
2025-07-25T08:40:04.279979,bitmex,177.95,178.04,44.0,24.0
2025-07-25T08:40:04.279993,bitmex,177.95,178.04,20.0,24.0
2025-07-25T08:40:04.429968,bitmex,177.95,178.04,44.0,24.0
2025-07-25T08:40:04.430588,bitmex,177.95,178.04,20.0,24.0
2025-07-25T08:40:04.653126,blofin,177.54,177.55,179.0,547.0
2025-07-25T08:40:04.761516,bitmart,177.64,177.65,563.0,149.0
2025-07-25T08:40:04.763259,bitmex,177.95,178.04,44.0,24.0
2025-07-25T08:40:04.764816,bitmex,177.95,178.04,20.0,24.0
2025-07-25T08:40:04.915811,bitmex,177.95,178.04,44.0,24.0
2025-07-25T08:40:04.916053,bitmex,177.95,178.04,20.0,24.0
2025-07-25T08:40:05.069269,bitmex,177.95,178.04,44.0,24.0
2025-07-25T08:40:05.069286,bitmex,177.95,178.04,20.0,24.0
2025-07-25T08:40:05.215252,blofin,177.56,177.57,947.0,20.0
2025-07-25T08:40:05.224211,bitmex,177.95,178.04,44.0,24.0
2025-07-25T08:40:05.225011,bitmex,177.95,178.04,20.0,24.0
2025-07-25T08:40:05.377093,bitmex,177.95,178.04,44.0,24.0
2025-07-25T08:40:05.377108,bitmex,177.95,178.04,20.0,24.0
2025-07-25T08:40:05.529551,bitmex,177.95,178.04,44.0,24.0
2025-07-25T08:40:05.529568,bitmex,177.95,178.04,20.0,24.0
2025-07-25T08:40:05.668926,blofin,177.56,177.57,823.0,298.0
2025-07-25T08:40:05.679251,bitmart,177.64,177.65,450.0,153.0
2025-07-25T08:40:05.959889,bitmex,177.95,178.04,43.0,24.0
2025-07-25T08:40:05.961003,bitmex,177.95,178.04,20.0,24.0
2025-07-25T08:40:06.128709,bitmex,177.95,178.04,43.0,24.0
2025-07-25T08:40:06.128724,bitmex,177.95,178.04,20.0,24.0
2025-07-25T08:40:06.179207,blofin,177.57,177.58,54.0,920.0
2025-07-25T08:40:06.264128,bitmex,177.96,178.04,23.0,24.0
2025-07-25T08:40:06.318321,bitmex,177.95,178.04,20.0,24.0
2025-07-25T08:40:06.667352,blofin,177.57,177.58,54.0,920.0
2025-07-25T08:40:06.703051,bitmart,177.64,177.65,273.0,446.0
2025-07-25T08:40:07.208464,blofin,177.57,177.58,34.29,920.0
2025-07-25T08:40:07.647843,bitmart,177.64,177.65,107.0,446.0
2025-07-25T08:40:07.653386,blofin,177.57,177.58,48.0,533.0
2025-07-25T08:40:08.024570,bitmex,177.95,178.04,43.0,24.0
2025-07-25T08:40:08.025238,bitmex,177.95,178.04,20.0,24.0
2025-07-25T08:40:08.176413,bitmex,177.95,178.04,43.0,24.0
2025-07-25T08:40:08.178064,bitmex,177.95,178.04,20.0,24.0
2025-07-25T08:40:08.231319,blofin,177.57,177.58,48.0,533.0
2025-07-25T08:40:08.258916,bitmex,177.95,178.04,20.0,200.0
2025-07-25T08:40:08.262458,bitmex,177.95,178.03,20.0,23.0
2025-07-25T08:40:08.329014,bitmex,177.95,178.03,43.0,23.0
2025-07-25T08:40:08.329025,bitmex,177.95,178.03,20.0,23.0
2025-07-25T08:40:08.331511,bitmex,177.95,178.03,20.0,57.0
2025-07-25T08:40:08.333234,bitmex,177.95,178.03,20.0,76.0
2025-07-25T08:40:08.385777,bitmex,177.95,178.03,20.0,23.0
2025-07-25T08:40:08.478948,bitmex,177.95,178.03,43.0,23.0
2025-07-25T08:40:08.479549,bitmex,177.95,178.03,20.0,23.0
2025-07-25T08:40:08.631514,bitmex,177.95,178.03,43.0,23.0
2025-07-25T08:40:08.631528,bitmex,177.95,178.03,20.0,23.0
2025-07-25T08:40:08.657964,blofin,177.56,177.57,45.0,961.0
2025-07-25T08:40:08.685173,bitmart,177.64,177.65,182.0,105.0
2025-07-25T08:40:08.789612,bitmex,177.95,178.03,43.0,23.0
2025-07-25T08:40:08.789869,bitmex,177.95,178.03,20.0,23.0
2025-07-25T08:40:08.942087,bitmex,177.95,178.03,43.0,23.0
2025-07-25T08:40:08.942100,bitmex,177.95,178.03,20.0,23.0
2025-07-25T08:40:09.092055,bitmex,177.95,178.03,43.0,23.0
2025-07-25T08:40:09.095099,bitmex,177.95,178.03,20.0,23.0
2025-07-25T08:40:09.162327,blofin,177.56,177.57,45.0,961.0
2025-07-25T08:40:09.246137,bitmex,177.95,178.03,43.0,23.0
2025-07-25T08:40:09.251707,bitmex,177.95,178.03,20.0,23.0
2025-07-25T08:40:09.251721,bitmex,177.95,178.03,20.0,42.0
2025-07-25T08:40:09.251727,bitmex,177.95,178.03,20.0,76.0
2025-07-25T08:40:09.290955,bitmex,177.95,178.02,20.0,23.0
2025-07-25T08:40:09.664654,blofin,177.56,177.57,488.0,27.0
2025-07-25T08:40:09.676027,bitmart,177.64,177.65,30.0,421.0
2025-07-25T08:40:09.910044,bitmex,177.95,178.02,43.0,23.0
2025-07-25T08:40:09.931467,bitmex,177.95,178.03,43.0,53.0
2025-07-25T08:40:09.940969,bitmex,177.95,178.03,43.0,76.0
2025-07-25T08:40:10.045359,bitmex,177.95,178.02,43.0,23.0
2025-07-25T08:40:10.167728,blofin,177.56,177.57,488.0,27.0
2025-07-25T08:40:10.253889,bitmex,177.95,178.02,20.0,23.0
2025-07-25T08:40:10.304712,bitmex,177.95,178.02,43.0,23.0
2025-07-25T08:40:10.658574,blofin,177.56,177.57,43.0,355.0
2025-07-25T08:40:10.676318,bitmart,177.64,177.65,180.0,194.0
2025-07-25T08:40:11.194451,blofin,177.56,177.57,302.0,266.0
2025-07-25T08:40:11.293344,bitmex,177.95,178.02,20.0,23.0
2025-07-25T08:40:11.649443,blofin,177.56,177.57,302.0,266.0
2025-07-25T08:40:11.671378,bitmart,177.64,177.65,17.0,390.0
2025-07-25T08:40:11.800101,bitmex,177.95,178.01,20.0,176.0
2025-07-25T08:40:11.809884,bitmex,177.95,178.0,20.0,23.0
2025-07-25T08:40:11.809896,bitmex,177.95,178.0,20.0,57.0
2025-07-25T08:40:11.809908,bitmex,177.95,178.0,20.0,76.0
2025-07-25T08:40:11.813437,bitmex,177.95,177.99,20.0,23.0
2025-07-25T08:40:11.971768,bitmex,177.95,177.99,10.0,23.0
2025-07-25T08:40:12.073137,bitmex,177.89,177.99,24.0,23.0
2025-07-25T08:40:12.107141,bitmex,177.92,177.99,10.0,23.0
2025-07-25T08:40:12.130324,bitmex,177.92,177.99,33.0,23.0
2025-07-25T08:40:12.154297,blofin,177.56,177.57,302.0,266.0
2025-07-25T08:40:12.218485,bitmex,177.93,177.99,10.0,23.0
2025-07-25T08:40:12.411214,bitmex,177.89,177.99,24.0,23.0
2025-07-25T08:40:12.442209,bitmex,177.91,177.99,10.0,23.0
2025-07-25T08:40:12.450326,bitmex,177.91,177.99,33.0,23.0
2025-07-25T08:40:12.451264,bitmex,177.91,177.99,10.0,23.0
2025-07-25T08:40:12.610513,bitmex,177.91,177.99,33.0,23.0
2025-07-25T08:40:12.610537,bitmex,177.91,177.99,10.0,23.0
2025-07-25T08:40:12.647121,blofin,177.53,177.54,38.0,410.0
2025-07-25T08:40:12.674386,bitmex,177.92,177.99,10.0,23.0
2025-07-25T08:40:12.676584,bitmart,177.59,177.6,328.0,9.0
2025-07-25T08:40:12.729909,bitrue,177.67,177.7,127.176,100.131
2025-07-25T08:40:13.228520,blofin,177.52,177.53,523.0,102.0
2025-07-25T08:40:13.649679,blofin,177.52,177.53,523.0,102.0
2025-07-25T08:40:13.675394,bitmart,177.59,177.6,166.0,13.0
2025-07-25T08:40:13.831946,bitmex,177.92,177.99,33.0,23.0
2025-07-25T08:40:13.832433,bitmex,177.92,177.99,10.0,23.0
2025-07-25T08:40:14,bitmex,177.92,177.99,33.0,23.0
2025-07-25T08:40:14.001384,bitmex,177.92,177.99,10.0,23.0
2025-07-25T08:40:14.004126,bitmex,177.92,178.0,10.0,53.0
2025-07-25T08:40:14.012018,bitmex,177.92,178.0,10.0,76.0
2025-07-25T08:40:14.083229,bitmex,177.92,178.0,10.0,23.0
2025-07-25T08:40:14.134754,bitmex,177.92,178.01,10.0,176.0
2025-07-25T08:40:14.154990,bitmex,177.93,178.01,23.0,176.0
2025-07-25T08:40:14.174873,bitmex,177.93,178.01,33.0,176.0
2025-07-25T08:40:14.179497,bitmex,177.94,178.01,23.0,176.0
2025-07-25T08:40:14.186699,blofin,177.52,177.53,523.0,102.0
2025-07-25T08:40:14.646522,bitmex,177.96,178.01,10.0,176.0
2025-07-25T08:40:14.658504,blofin,177.56,177.57,672.0,44.0
2025-07-25T08:40:14.669881,bitmart,177.63,177.65,363.0,147.0
2025-07-25T08:40:14.827079,bitrue,177.67,177.73,127.176,126.287
2025-07-25T08:40:15.200487,blofin,177.56,177.57,672.0,44.0
2025-07-25T08:40:15.647570,blofin,177.56,177.57,628.0,88.0
2025-07-25T08:40:15.663905,bitmart,177.64,177.65,213.0,373.0
2025-07-25T08:40:15.766626,bitmex,177.96,178.05,10.0,23.0
2025-07-25T08:40:15.772002,bitmex,177.96,178.05,10.0,42.0
2025-07-25T08:40:15.772015,bitmex,177.96,178.05,10.0,76.0
2025-07-25T08:40:15.774880,bitmex,177.96,178.05,10.0,53.0
2025-07-25T08:40:15.775408,bitmex,177.96,178.04,10.0,23.0
2025-07-25T08:40:15.871526,bitrue,177.71,177.75,133.913,129.477
2025-07-25T08:40:16.170770,blofin,177.56,177.57,312.0,222.0
2025-07-25T08:40:16.312436,bitmex,177.96,178.04,33.0,23.0
2025-07-25T08:40:16.312453,bitmex,177.96,178.04,10.0,23.0
2025-07-25T08:40:16.338899,bitmex,177.96,178.05,10.0,53.0
2025-07-25T08:40:16.395497,bitmex,177.96,178.05,10.0,76.0
2025-07-25T08:40:16.401928,bitmex,177.96,178.05,10.0,23.0
2025-07-25T08:40:16.426933,bitmex,177.96,178.06,10.0,176.0
2025-07-25T08:40:16.462710,bitmex,177.97,178.06,23.0,176.0
2025-07-25T08:40:16.650538,blofin,177.56,177.57,312.0,222.0
2025-07-25T08:40:16.701178,bitmart,177.66,177.68,631.0,136.0
2025-07-25T08:40:16.802483,bitmex,177.97,178.05,23.0,23.0
2025-07-25T08:40:16.919062,bitrue,177.71,177.76,133.913,90.249
2025-07-25T08:40:17.191914,bitmex,177.97,178.06,23.0,176.0
2025-07-25T08:40:17.234516,blofin,177.6,177.61,902.0,8.0
2025-07-25T08:40:17.655411,blofin,177.6,177.61,1074.0,109.0
2025-07-25T08:40:17.679959,bitmart,177.67,177.68,345.0,136.0
2025-07-25T08:40:17.775151,bitmex,177.97,178.06,42.0,176.0
2025-07-25T08:40:17.779664,bitmex,177.98,178.06,23.0,176.0
2025-07-25T08:40:17.905939,bitmex,177.98,178.12,23.0,200.0
2025-07-25T08:40:17.914399,bitmex,177.98,178.12,23.0,176.0
2025-07-25T08:40:17.914405,bitmex,177.98,178.11,23.0,23.0
2025-07-25T08:40:17.914411,bitmex,177.98,178.11,23.0,42.0
2025-07-25T08:40:17.914417,bitmex,177.98,178.11,23.0,83.0
2025-07-25T08:40:17.925303,bitmex,177.98,178.1,23.0,23.0
2025-07-25T08:40:18.181973,blofin,177.6,177.61,1074.0,109.0
2025-07-25T08:40:18.646556,blofin,177.62,177.63,309.0,3.0
2025-07-25T08:40:18.671551,bitmart,177.71,177.72,163.0,466.0
2025-07-25T08:40:19.019775,bitrue,177.76,177.8,123.1,96.523
2025-07-25T08:40:19.159097,blofin,177.63,177.64,198.0,248.0
2025-07-25T08:40:19.659411,blofin,177.63,177.64,198.0,248.0
2025-07-25T08:40:19.663528,bitmart,177.69,177.71,111.0,207.0
2025-07-25T08:40:20.168580,blofin,177.6,177.61,37.0,1263.0
2025-07-25T08:40:20.633959,bitmex,177.96,178.1,132.0,23.0
2025-07-25T08:40:20.647173,blofin,177.61,177.62,743.0,28.0
2025-07-25T08:40:20.656826,bitmart,177.67,177.71,45.0,282.0
2025-07-25T08:40:20.665196,bitmex,177.96,178.1,109.0,23.0
2025-07-25T08:40:20.666754,bitmex,177.97,178.1,23.0,23.0
2025-07-25T08:40:21.192025,blofin,177.61,177.62,743.0,28.0
2025-07-25T08:40:21.334774,bitmex,177.96,178.1,109.0,23.0
2025-07-25T08:40:21.368383,bitmex,177.96,178.1,132.0,23.0
2025-07-25T08:40:21.404437,bitmex,177.96,178.1,132.0,199.0
2025-07-25T08:40:21.410084,bitmex,177.96,178.09,132.0,23.0
2025-07-25T08:40:21.410700,bitmex,177.96,178.09,132.0,64.0
2025-07-25T08:40:21.417155,bitmex,177.96,178.09,132.0,83.0
2025-07-25T08:40:21.417162,bitmex,177.96,178.08,132.0,23.0
2025-07-25T08:40:21.417175,bitmex,177.96,178.08,109.0,23.0
2025-07-25T08:40:21.422361,bitmex,177.96,178.08,109.0,43.0
2025-07-25T08:40:21.429199,bitmex,177.96,178.07,109.0,23.0
2025-07-25T08:40:21.429464,bitmex,177.96,178.07,109.0,43.0
2025-07-25T08:40:21.448669,bitmex,177.96,178.06,109.0,23.0
2025-07-25T08:40:21.448701,bitmex,177.96,178.06,109.0,43.0
2025-07-25T08:40:21.448707,bitmex,177.96,178.06,132.0,43.0
2025-07-25T08:40:21.454997,bitmex,177.96,178.05,132.0,23.0
2025-07-25T08:40:21.458032,bitmex,177.96,178.05,132.0,43.0
2025-07-25T08:40:21.464295,bitmex,177.96,178.04,132.0,23.0
2025-07-25T08:40:21.471709,bitmex,177.96,178.04,132.0,43.0
2025-07-25T08:40:21.554840,bitmex,177.97,178.04,23.0,43.0
2025-07-25T08:40:21.559990,bitmex,177.97,178.04,23.0,20.0
2025-07-25T08:40:21.642717,blofin,177.59,177.6,43.0,715.0
2025-07-25T08:40:21.670639,bitmart,177.67,177.68,6.0,480.0
2025-07-25T08:40:22.152098,blofin,177.59,177.6,188.0,214.0
2025-07-25T08:40:22.154437,bitrue,177.74,177.8,120.269,96.523
2025-07-25T08:40:22.644643,blofin,177.59,177.6,188.0,214.0
2025-07-25T08:40:22.676368,bitmart,177.67,177.68,151.0,223.0
2025-07-25T08:40:23.195705,blofin,177.59,177.6,188.0,214.0
2025-07-25T08:40:23.198670,bitrue,177.74,177.77,120.269,117.787
2025-07-25T08:40:23.405958,bitmex,177.97,178.05,23.0,20.0
2025-07-25T08:40:23.419720,bitmex,177.97,178.05,23.0,43.0
2025-07-25T08:40:23.430725,bitmex,177.97,178.05,23.0,23.0
2025-07-25T08:40:23.646459,bitmex,177.97,178.05,42.0,23.0
2025-07-25T08:40:23.646470,bitmex,177.98,178.05,23.0,23.0
2025-07-25T08:40:23.648582,blofin,177.6,177.61,154.0,197.0
2025-07-25T08:40:23.648912,bitmex,177.98,178.08,23.0,20.0
2025-07-25T08:40:23.659083,bitmex,177.98,178.08,23.0,43.0
2025-07-25T08:40:23.660314,bitmex,177.98,178.08,23.0,20.0
2025-07-25T08:40:23.670173,bitmart,177.67,177.68,122.0,114.0
2025-07-25T08:40:23.676844,bitmex,177.98,178.08,23.0,43.0
2025-07-25T08:40:23.684235,bitmex,177.98,178.07,23.0,23.0
2025-07-25T08:40:23.766987,bitmex,177.98,178.08,23.0,20.0
2025-07-25T08:40:23.854709,bitmex,177.98,178.08,23.0,43.0
2025-07-25T08:40:24.171899,blofin,177.6,177.61,154.0,197.0
2025-07-25T08:40:24.244094,bitrue,177.74,177.8,120.269,193.035
2025-07-25T08:40:24.419116,bitmex,177.98,178.08,23.0,23.0
2025-07-25T08:40:24.660315,blofin,177.6,177.61,231.0,88.0
2025-07-25T08:40:24.669947,bitmart,177.7,177.71,455.0,295.0
2025-07-25T08:40:25.182890,blofin,177.6,177.61,231.0,88.0
2025-07-25T08:40:25.291676,bitrue,177.77,177.8,106.206,96.523
2025-07-25T08:40:25.611435,bitmex,177.97,178.08,19.0,23.0
2025-07-25T08:40:25.634936,bitmex,177.96,178.08,109.0,23.0
2025-07-25T08:40:25.640958,bitmex,177.96,178.08,132.0,23.0
2025-07-25T08:40:25.643419,bitmex,177.97,178.08,23.0,23.0
2025-07-25T08:40:25.649427,blofin,177.62,177.63,60.0,342.0
2025-07-25T08:40:25.670889,bitmart,177.7,177.71,146.0,393.0
2025-07-25T08:40:25.910532,bitmex,177.97,178.08,42.0,23.0
2025-07-25T08:40:25.920503,bitmex,177.98,178.08,24.0,23.0
2025-07-25T08:40:26.168302,blofin,177.62,177.63,60.0,342.0
2025-07-25T08:40:26.372295,bitmex,177.98,178.08,24.0,43.0
2025-07-25T08:40:26.377335,bitmex,177.98,178.07,24.0,24.0
2025-07-25T08:40:26.652142,blofin,177.62,177.63,634.0,32.0
2025-07-25T08:40:26.664959,bitmart,177.69,177.7,266.0,170.0
2025-07-25T08:40:26.799181,bitmex,177.97,178.07,38.0,24.0
2025-07-25T08:40:26.800440,bitmex,177.96,178.07,133.0,24.0
2025-07-25T08:40:26.808663,bitmex,177.97,178.07,24.0,24.0
2025-07-25T08:40:26.815512,bitmex,177.96,178.07,109.0,24.0
2025-07-25T08:40:26.959129,bitmex,177.97,178.07,24.0,24.0
2025-07-25T08:40:27.180194,blofin,177.61,177.62,148.0,847.0
2025-07-25T08:40:27.361120,bitmex,177.97,178.07,24.0,44.0
2025-07-25T08:40:27.366533,bitmex,177.97,178.06,24.0,24.0
2025-07-25T08:40:27.372195,bitmex,177.97,178.06,24.0,44.0
2025-07-25T08:40:27.376773,bitmex,177.97,178.05,24.0,24.0
2025-07-25T08:40:27.380852,bitrue,177.74,177.8,129.229,96.523
2025-07-25T08:40:27.650595,blofin,177.61,177.62,148.0,847.0
2025-07-25T08:40:27.686097,bitmart,177.68,177.69,209.0,619.0
2025-07-25T08:40:28.154666,bitmex,177.96,178.05,109.0,24.0
2025-07-25T08:40:28.191281,blofin,177.61,177.62,148.0,847.0
2025-07-25T08:40:28.197128,bitmex,177.96,178.05,133.0,24.0
2025-07-25T08:40:28.263200,bitmex,177.96,178.05,109.0,24.0
2025-07-25T08:40:28.616155,bitmex,177.96,178.05,133.0,24.0
