timestamp,exchange,bid,ask,bid_vol,ask_vol
2025-07-25T07:28:32.652025,bitrue,177.56,177.59,105.01,114.717
2025-07-25T07:28:32.652064,bitrue,177.52,177.59,116.643,114.717
2025-07-25T07:28:32.751289,huobi,177.6109,177.611,1.582,3.0
2025-07-25T07:28:32.751448,huobi,177.5109,177.6031,1.408,1.455
2025-07-25T07:28:32.839433,huobi,177.5512,177.6031,5.13,1.455
2025-07-25T07:28:32.943520,huobi,177.5158,177.5942,3.68,1.511
2025-07-25T07:28:33.037467,huobi,177.5331,177.5761,5.13,1.53
2025-07-25T07:28:33.237060,huobi,177.5709,177.5761,1.489,1.53
2025-07-25T07:28:33.441451,huobi,177.5709,177.6189,1.489,3.68
2025-07-25T07:28:33.451625,bitrue,177.56,177.59,105.01,92.953
2025-07-25T07:28:33.540100,huobi,177.5709,177.6189,1.489,8.81
2025-07-25T07:28:33.638251,huobi,177.5709,177.5813,1.489,1.538
2025-07-25T07:28:34.499069,bitrue,177.53,177.59,94.029,92.953
2025-07-25T07:28:35.740744,huobi,177.5285,177.5696,5.527,1.536
2025-07-25T07:28:35.838743,huobi,177.529,177.5696,5.13,1.536
2025-07-25T07:28:36.038008,huobi,177.5616,177.5696,1.58,1.536
2025-07-25T07:28:36.642661,bitrue,177.53,177.56,94.029,92.897
2025-07-25T07:28:37.838188,huobi,177.5618,177.5696,5.13,1.536
2025-07-25T07:28:38.640465,huobi,177.57,177.6287,5.13,3.68
2025-07-25T07:28:38.737921,huobi,177.5444,177.6287,5.13,8.81
2025-07-25T07:28:38.836655,huobi,177.5545,177.6287,5.13,8.81
2025-07-25T07:28:38.938717,huobi,177.5798,177.5889,1.467,1.576
2025-07-25T07:28:39.775611,bitrue,177.53,177.59,94.029,108.343
2025-07-25T07:28:39.837450,huobi,177.5343,177.5841,5.13,1.521
2025-07-25T07:28:39.938178,huobi,177.5413,177.5841,3.68,1.521
2025-07-25T07:28:40.038013,huobi,177.5414,177.5841,5.13,1.521
2025-07-25T07:28:40.137198,huobi,177.5439,177.5841,5.13,1.521
2025-07-25T07:28:40.352255,huobi,177.5522,177.5841,5.13,1.521
2025-07-25T07:28:40.438120,huobi,177.5771,177.5841,1.557,1.521
2025-07-25T07:28:41.037609,huobi,177.5771,177.6287,1.557,8.81
2025-07-25T07:28:41.237367,huobi,177.5771,177.5876,1.557,1.586
2025-07-25T07:28:41.340061,huobi,177.5864,177.6287,1.499,8.81
2025-07-25T07:28:41.637576,huobi,177.5864,177.5966,1.499,1.441
2025-07-25T07:28:44.139704,huobi,177.5415,177.5822,3.68,1.441
2025-07-25T07:28:44.237853,huobi,177.549,177.6287,5.13,8.81
2025-07-25T07:28:44.340571,huobi,177.5638,177.6287,5.13,8.81
2025-07-25T07:28:44.438162,huobi,177.5898,177.6287,1.54,8.81
2025-07-25T07:28:44.539905,huobi,177.5638,177.5941,5.13,1.564
2025-07-25T07:28:44.738253,huobi,177.5851,177.5941,1.494,1.564
2025-07-25T07:28:44.937733,huobi,177.5917,177.6252,1.493,0.168
2025-07-25T07:28:45.139047,huobi,177.5919,177.6252,5.13,0.168
2025-07-25T07:28:45.239486,huobi,177.6018,177.6355,1.49,0.5
2025-07-25T07:28:45.337331,huobi,177.6018,177.6354,1.49,5.944
2025-07-25T07:28:45.463727,huobi,177.5082,177.6058,3.0,6.578
2025-07-25T07:28:45.541475,huobi,177.5248,177.5879,5.13,1.531
2025-07-25T07:28:45.639876,huobi,177.5308,177.5798,5.13,1.499
2025-07-25T07:28:45.740273,huobi,177.5308,177.5871,5.13,5.527
2025-07-25T07:28:45.841727,huobi,177.5874,177.6304,1.599,8.81
2025-07-25T07:28:45.940985,huobi,177.5874,177.5941,1.599,1.47
2025-07-25T07:28:46.047596,bitrue,177.55,177.6,102.673,108.931
2025-07-25T07:28:46.438727,huobi,177.5924,177.6263,1.575,0.168
2025-07-25T07:28:46.738763,huobi,177.5924,177.6001,1.575,1.46
2025-07-25T07:28:47.110515,bitrue,177.55,177.6,102.673,108.931
2025-07-25T07:28:48.082835,huobi,177.5974,177.6354,1.546,5.944
2025-07-25T07:28:48.138309,huobi,177.5974,177.6355,1.546,0.5
2025-07-25T07:28:48.241970,huobi,177.5974,177.6355,1.546,5.63
2025-07-25T07:28:48.337518,huobi,177.5974,177.6053,1.546,1.514
2025-07-25T07:28:48.838051,huobi,177.5974,177.6351,1.546,3.68
2025-07-25T07:28:48.937332,huobi,177.5976,177.6351,5.13,3.68
2025-07-25T07:28:49.137169,huobi,177.5974,177.613,1.546,1.49
2025-07-25T07:28:49.236710,huobi,177.5981,177.613,5.13,1.49
2025-07-25T07:28:49.337003,huobi,177.5981,177.6355,5.13,0.5
2025-07-25T07:28:49.438255,huobi,177.6151,177.6355,1.513,0.5
2025-07-25T07:28:49.640448,huobi,177.6154,177.6228,5.13,1.572
2025-07-25T07:28:50.142075,huobi,177.623,177.6355,5.13,0.5
2025-07-25T07:28:50.242429,huobi,177.6226,177.6629,1.569,2.814
2025-07-25T07:28:50.257629,bitrue,177.58,177.62,134.068,103.302
2025-07-25T07:28:50.337613,huobi,177.6289,177.6629,1.558,2.814
2025-07-25T07:28:50.439358,huobi,177.6289,177.6352,1.558,1.55
2025-07-25T07:28:50.685696,huobi,177.6072,177.6352,0.168,1.55
2025-07-25T07:28:50.938259,huobi,177.6246,177.6352,5.13,1.55
2025-07-25T07:28:51.307678,bitrue,177.58,177.62,134.068,103.302
2025-07-25T07:28:51.939004,huobi,177.6242,177.6352,1.592,1.55
2025-07-25T07:28:53.841490,huobi,177.6243,177.6352,5.13,1.55
2025-07-25T07:28:54.138131,huobi,177.6351,177.6783,1.501,5.298
2025-07-25T07:28:54.239085,huobi,177.6351,177.676,1.501,8.81
2025-07-25T07:28:54.338499,huobi,177.6351,177.6759,1.501,0.164
2025-07-25T07:28:54.437678,huobi,177.6351,177.646,1.501,1.598
2025-07-25T07:28:55.336348,huobi,177.6352,177.646,5.13,1.598
2025-07-25T07:28:55.536533,huobi,177.6352,177.676,5.13,3.68
2025-07-25T07:28:55.636094,huobi,177.6479,177.6783,1.525,0.168
2025-07-25T07:28:55.836562,huobi,177.6599,177.7018,1.453,3.68
2025-07-25T07:28:55.939588,huobi,177.6599,177.6722,6.583,1.454
2025-07-25T07:28:56.039478,huobi,177.6911,177.7133,1.494,3.0
2025-07-25T07:28:56.240116,huobi,177.6302,177.6921,5.13,1.533
2025-07-25T07:28:56.338796,huobi,177.6432,177.6921,5.13,1.533
2025-07-25T07:28:56.539288,huobi,177.6831,177.6921,1.441,1.533
2025-07-25T07:28:56.569108,bitrue,177.65,177.69,127.197,95.802
2025-07-25T07:28:57.438589,huobi,177.6297,177.687,5.13,0.168
2025-07-25T07:28:57.538369,huobi,177.6119,177.6856,5.13,8.81
2025-07-25T07:28:57.614529,bitrue,177.65,177.69,127.197,95.802
2025-07-25T07:28:57.637977,huobi,177.6502,177.6856,1.492,8.81
2025-07-25T07:28:57.739957,huobi,177.6502,177.6592,1.492,1.507
2025-07-25T07:28:57.938478,huobi,177.6064,177.6536,5.13,1.486
2025-07-25T07:28:58.139697,huobi,177.635,177.6486,1.502,1.569
2025-07-25T07:28:58.337908,huobi,177.635,177.6442,1.502,1.46
2025-07-25T07:28:58.541500,huobi,177.6369,177.6856,5.13,3.68
2025-07-25T07:28:58.638246,huobi,177.6394,177.6856,1.458,3.68
2025-07-25T07:28:58.661882,bitrue,177.62,177.65,123.751,96.733
2025-07-25T07:28:58.738514,huobi,177.6401,177.6856,5.13,3.68
2025-07-25T07:28:58.937043,huobi,177.6499,177.6856,1.552,3.68
2025-07-25T07:28:59.038339,huobi,177.6499,177.6594,1.552,1.477
2025-07-25T07:28:59.140460,huobi,177.6143,177.699,5.527,6.536
2025-07-25T07:28:59.240506,huobi,177.6351,177.6981,5.13,3.68
2025-07-25T07:28:59.337828,huobi,177.6351,177.668,5.13,1.472
2025-07-25T07:28:59.439887,huobi,177.6554,177.668,5.13,1.472
2025-07-25T07:28:59.539669,huobi,177.6718,177.7123,5.13,0.168
2025-07-25T07:28:59.709689,bitrue,177.6,177.68,93.727,113.401
2025-07-25T07:28:59.840642,huobi,177.6792,177.6882,1.455,1.547
2025-07-25T07:29:00.050865,huobi,177.6792,177.6882,1.455,1.547
2025-07-25T07:29:00.638928,huobi,177.6258,177.6659,5.13,1.587
2025-07-25T07:29:00.738434,huobi,177.6258,177.6614,5.13,1.512
2025-07-25T07:29:00.755124,bitrue,177.64,177.68,134.486,113.401
2025-07-25T07:29:00.939591,huobi,177.6613,177.6943,1.565,5.527
2025-07-25T07:29:01.039312,huobi,177.6706,177.7123,1.6,0.168
2025-07-25T07:29:01.235738,huobi,177.6706,177.6754,1.6,1.552
2025-07-25T07:29:01.440544,huobi,177.6388,177.6754,5.13,1.552
2025-07-25T07:29:01.537673,huobi,177.6406,177.6754,5.13,1.552
2025-07-25T07:29:01.740473,huobi,177.6762,177.7123,5.13,0.168
2025-07-25T07:29:01.799455,bitrue,177.63,177.68,120.155,113.401
2025-07-25T07:29:01.837751,huobi,177.6876,177.7123,1.568,0.168
2025-07-25T07:29:01.937482,huobi,177.6712,177.7123,5.13,0.168
2025-07-25T07:29:02.038394,huobi,177.6712,177.7011,5.13,1.466
2025-07-25T07:29:02.136620,huobi,177.7007,177.7123,1.455,0.168
2025-07-25T07:29:02.236679,huobi,177.701,177.7123,5.13,0.168
2025-07-25T07:29:02.337917,huobi,177.7088,177.7123,1.556,0.168
2025-07-25T07:29:02.836331,huobi,177.701,177.7123,5.13,0.168
2025-07-25T07:29:03.136916,huobi,177.7122,177.7133,1.462,3.0
2025-07-25T07:29:03.236755,huobi,177.7122,177.7215,1.462,1.465
2025-07-25T07:29:03.890514,bitrue,177.66,177.72,90.738,97.967
2025-07-25T07:29:03.937623,huobi,177.7122,177.717,1.462,1.546
2025-07-25T07:29:04.138719,huobi,177.6766,177.717,5.13,1.546
2025-07-25T07:29:04.237331,huobi,177.6766,177.7052,5.13,1.444
2025-07-25T07:29:04.538125,huobi,177.6951,177.7052,1.565,1.444
2025-07-25T07:29:04.741990,huobi,177.608,177.6852,5.13,1.515
2025-07-25T07:29:04.837053,huobi,177.6543,177.6852,5.13,1.515
2025-07-25T07:29:04.937032,huobi,177.6762,177.6852,1.492,1.515
2025-07-25T07:29:05.982875,bitrue,177.63,177.69,132.211,118.057
2025-07-25T07:29:06.036679,huobi,177.6772,177.6852,5.13,1.515
2025-07-25T07:29:06.237957,huobi,177.6867,177.7313,1.583,3.68
2025-07-25T07:29:06.337744,huobi,177.6943,177.7313,1.564,3.68
2025-07-25T07:29:06.537206,huobi,177.6947,177.7053,5.13,1.466
2025-07-25T07:29:06.737860,huobi,177.6994,177.7053,1.575,1.466
2025-07-25T07:29:07.238773,huobi,177.6543,177.6988,5.13,1.56
2025-07-25T07:29:07.436811,huobi,177.6852,177.6988,1.444,1.56
2025-07-25T07:29:07.837573,huobi,177.6917,177.6988,1.557,1.56
2025-07-25T07:29:08.073013,bitrue,177.66,177.69,117.011,118.057
2025-07-25T07:29:09.338578,huobi,177.6917,177.7346,1.557,0.168
2025-07-25T07:29:09.438254,huobi,177.6755,177.7323,5.13,3.68
2025-07-25T07:29:09.539676,huobi,177.7042,177.7346,1.568,0.168
2025-07-25T07:29:09.636985,huobi,177.7042,177.7127,1.568,1.452
2025-07-25T07:29:12.939701,huobi,177.7048,177.7127,5.13,1.452
2025-07-25T07:29:13.337777,huobi,177.7042,177.7127,1.568,1.452
2025-07-25T07:29:16.035653,huobi,177.6827,177.7346,0.168,0.168
2025-07-25T07:29:16.136637,huobi,177.7095,177.7419,1.447,0.164
2025-07-25T07:29:16.335938,huobi,177.7095,177.716,1.447,1.553
2025-07-25T07:29:16.938182,huobi,177.6827,177.716,0.168,1.553
2025-07-25T07:29:17.038555,huobi,177.6609,177.716,5.13,1.553
2025-07-25T07:29:17.239084,huobi,177.6609,177.7112,5.13,1.48
2025-07-25T07:29:17.437200,huobi,177.6985,177.7112,1.472,1.48
2025-07-25T07:29:17.637871,huobi,177.6985,177.7111,1.472,3.68
2025-07-25T07:29:18.136884,huobi,177.7031,177.74,1.574,3.68
2025-07-25T07:29:18.236686,huobi,177.7113,177.74,1.537,3.68
2025-07-25T07:29:18.439003,huobi,177.6705,177.718,3.68,1.553
2025-07-25T07:29:18.538132,huobi,177.6706,177.718,5.13,1.553
2025-07-25T07:29:18.739678,huobi,177.6431,177.7127,5.527,1.572
2025-07-25T07:29:18.836984,huobi,177.652,177.7082,5.13,1.549
2025-07-25T07:29:19.037971,huobi,177.699,177.7082,1.54,1.549
2025-07-25T07:29:19.459605,huobi,177.6517,177.7082,3.68,5.13
2025-07-25T07:29:19.539431,huobi,177.6468,177.687,5.13,1.491
2025-07-25T07:29:19.640972,huobi,177.6468,177.7107,5.13,3.68
2025-07-25T07:29:19.737290,huobi,177.6838,177.7107,1.572,3.68
2025-07-25T07:29:19.938025,huobi,177.6838,177.6928,1.572,1.469
2025-07-25T07:29:20.538914,huobi,177.6468,177.6928,5.13,1.469
2025-07-25T07:29:20.637166,huobi,177.6339,177.6749,5.13,1.45
2025-07-25T07:29:20.641181,bitrue,177.63,177.69,127.089,118.057
2025-07-25T07:29:20.937075,huobi,177.6667,177.6749,1.479,1.45
2025-07-25T07:29:21.140938,huobi,177.6244,177.6436,3.0,1.585
2025-07-25T07:29:21.237620,huobi,177.6244,177.648,3.0,5.13
2025-07-25T07:29:21.438043,huobi,177.6244,177.6356,3.0,1.464
2025-07-25T07:29:21.536315,huobi,177.6244,177.6278,3.0,1.477
2025-07-25T07:29:21.636456,huobi,177.6244,177.6245,3.0,1.483
2025-07-25T07:29:21.694608,bitrue,177.63,177.66,127.089,93.756
2025-07-25T07:29:22.743750,bitrue,177.56,177.6,125.089,104.714
2025-07-25T07:29:23.238825,huobi,177.6244,177.6603,3.0,3.68
2025-07-25T07:29:23.439495,huobi,177.6244,177.6446,3.0,5.13
2025-07-25T07:29:23.538262,huobi,177.6244,177.6245,3.0,1.534
2025-07-25T07:29:23.792126,bitrue,177.56,177.63,125.089,100.822
2025-07-25T07:29:24.138181,huobi,177.6244,177.6245,0.75,6.664
2025-07-25T07:29:24.738852,huobi,177.6244,177.6245,0.75,1.534
2025-07-25T07:29:24.837257,bitrue,177.56,177.6,125.089,111.571
2025-07-25T07:29:25.883108,bitrue,177.56,177.6,125.089,111.571
2025-07-25T07:29:25.936263,huobi,177.6244,177.6495,0.75,5.527
2025-07-25T07:29:26.237740,huobi,177.6244,177.6245,0.75,1.549
2025-07-25T07:29:26.636312,huobi,177.6244,177.6245,0.75,6.679
2025-07-25T07:29:27.236747,huobi,177.6036,177.6037,1.5,1.543
2025-07-25T07:29:27.336081,huobi,177.6036,177.6037,1.5,6.673
2025-07-25T07:29:27.537400,huobi,177.5995,177.5996,63.471,6.723
2025-07-25T07:29:27.735721,huobi,177.5757,177.5811,1.451,1.569
2025-07-25T07:29:27.981162,bitrue,177.53,177.6,123.678,111.571
2025-07-25T07:29:29.032406,bitrue,177.53,177.57,123.678,118.351
2025-07-25T07:29:29.135422,huobi,177.5314,177.5811,5.13,1.569
2025-07-25T07:29:29.335332,huobi,177.5725,177.5811,1.56,1.569
2025-07-25T07:29:30.835136,huobi,177.5314,177.5811,5.13,1.569
2025-07-25T07:29:31.133624,huobi,177.5687,177.5811,1.479,1.569
2025-07-25T07:29:31.735872,huobi,177.5687,177.5757,1.479,1.48
2025-07-25T07:29:33.738214,huobi,177.5286,177.5757,3.68,1.48
2025-07-25T07:29:33.835434,huobi,177.5205,177.5712,5.13,1.564
2025-07-25T07:29:33.935111,huobi,177.5228,177.5712,5.13,1.564
2025-07-25T07:29:34.040232,huobi,177.566,177.5947,1.541,3.68
2025-07-25T07:29:34.335311,huobi,177.566,177.5763,1.541,1.551
2025-07-25T07:29:34.735550,huobi,177.5258,177.5757,3.68,5.13
2025-07-25T07:29:34.834481,huobi,177.5142,177.5517,5.13,1.467
2025-07-25T07:29:35.035456,huobi,177.5432,177.5517,1.444,1.467
2025-07-25T07:29:35.470191,bitrue,177.51,177.54,112.489,131.232
2025-07-25T07:29:35.636555,huobi,177.5044,177.5517,3.68,1.467
2025-07-25T07:29:35.736931,huobi,177.5045,177.5517,5.13,1.467
2025-07-25T07:29:35.935205,huobi,177.5432,177.5517,1.587,1.467
2025-07-25T07:29:36.138764,huobi,177.4985,177.5351,5.527,1.589
2025-07-25T07:29:36.239143,huobi,177.5181,177.5725,5.13,0.168
2025-07-25T07:29:36.343066,huobi,177.5379,177.5923,5.13,5.13
2025-07-25T07:29:36.437740,huobi,177.5407,177.5497,1.484,1.489
2025-07-25T07:29:36.517356,bitrue,177.49,177.54,106.381,131.232
2025-07-25T07:29:36.638993,huobi,177.5407,177.5496,1.484,5.71
2025-07-25T07:29:36.839288,huobi,177.4998,177.5496,5.13,5.71
2025-07-25T07:29:36.935247,huobi,177.4976,177.5339,3.0,1.444
2025-07-25T07:29:37.036081,huobi,177.4976,177.5295,3.0,1.506
2025-07-25T07:29:37.137411,huobi,177.5178,177.5343,1.516,5.527
2025-07-25T07:29:37.236832,huobi,177.5178,177.525,1.516,1.452
2025-07-25T07:29:37.342181,huobi,177.4976,177.5197,3.0,1.477
2025-07-25T07:29:37.535903,huobi,177.5098,177.5197,1.488,1.477
2025-07-25T07:29:37.563452,bitrue,177.49,177.54,106.381,131.232
2025-07-25T07:29:38.336082,huobi,177.5173,177.5343,1.46,5.527
2025-07-25T07:29:38.436416,huobi,177.5173,177.534,1.46,5.13
2025-07-25T07:29:38.611240,bitrue,177.47,177.51,119.613,133.037
2025-07-25T07:29:38.635168,huobi,177.5173,177.5226,1.46,1.491
2025-07-25T07:29:38.736741,huobi,177.4976,177.5226,3.0,1.491
2025-07-25T07:29:38.835233,huobi,177.4976,177.5152,3.0,1.483
2025-07-25T07:29:38.935304,huobi,177.5077,177.534,1.511,5.13
2025-07-25T07:29:39.236101,huobi,177.4976,177.5122,3.0,1.487
2025-07-25T07:29:39.335842,huobi,177.4924,177.5122,1.5,1.487
2025-07-25T07:29:39.482977,huobi,177.5058,177.5122,1.465,1.487
2025-07-25T07:29:40.136047,huobi,177.5058,177.5343,1.465,5.527
2025-07-25T07:29:40.435384,huobi,177.5058,177.5149,1.465,1.449
2025-07-25T07:29:40.936804,huobi,177.5071,177.5149,5.13,1.449
2025-07-25T07:29:41.036997,huobi,177.5116,177.5343,5.13,5.527
2025-07-25T07:29:41.238036,huobi,177.5116,177.5214,5.13,1.504
2025-07-25T07:29:41.436393,huobi,177.511,177.5214,1.479,1.504
2025-07-25T07:29:42.135623,huobi,177.511,177.5159,1.479,1.498
2025-07-25T07:29:42.236684,huobi,177.4723,177.5159,3.68,1.498
2025-07-25T07:29:42.336508,huobi,177.4723,177.5159,3.68,6.628
2025-07-25T07:29:42.435416,huobi,177.4723,177.5149,3.68,5.13
2025-07-25T07:29:42.535178,huobi,177.5058,177.5149,1.462,5.13
2025-07-25T07:29:42.736300,huobi,177.5058,177.5159,1.462,1.498
2025-07-25T07:29:44.038143,huobi,177.5115,177.5343,1.479,5.527
2025-07-25T07:29:44.239972,huobi,177.5276,177.5704,6.641,0.168
2025-07-25T07:29:44.337905,huobi,177.5326,177.5704,1.523,0.168
2025-07-25T07:29:44.436849,huobi,177.5326,177.5452,1.523,1.577
2025-07-25T07:29:44.636127,huobi,177.5032,177.5376,3.68,1.448
2025-07-25T07:29:44.737889,huobi,177.5049,177.5376,5.13,1.448
2025-07-25T07:29:44.879384,bitrue,177.47,177.53,119.613,133.019
2025-07-25T07:29:44.956917,huobi,177.5253,177.5376,1.448,1.448
2025-07-25T07:29:45.136539,huobi,177.4764,177.5251,3.68,1.461
2025-07-25T07:29:45.236028,huobi,177.4767,177.5251,5.13,1.461
2025-07-25T07:29:45.339479,huobi,177.4882,177.5251,5.13,1.461
2025-07-25T07:29:45.436347,huobi,177.5174,177.5251,1.516,1.461
2025-07-25T07:29:45.924919,bitrue,177.47,177.53,119.613,133.019
2025-07-25T07:29:46.236595,huobi,177.469,177.5187,3.68,1.496
2025-07-25T07:29:46.338675,huobi,177.4703,177.5139,5.13,1.479
2025-07-25T07:29:46.438318,huobi,177.4704,177.5139,3.68,1.479
2025-07-25T07:29:46.536458,huobi,177.5074,177.5338,5.13,0.168
2025-07-25T07:29:46.636007,huobi,177.5328,177.565,1.561,3.68
2025-07-25T07:29:46.737431,huobi,177.5328,177.5758,1.561,3.68
2025-07-25T07:29:46.836163,huobi,177.5328,177.5419,1.561,1.508
2025-07-25T07:29:46.972399,bitrue,177.5,177.53,114.508,133.019
2025-07-25T07:29:47.136065,huobi,177.5401,177.5729,1.514,0.168
2025-07-25T07:29:47.335239,huobi,177.5401,177.5722,1.514,3.68
2025-07-25T07:29:47.437665,huobi,177.5401,177.5457,1.514,1.534
2025-07-25T07:29:47.781267,huobi,177.5401,177.5722,1.514,3.68
2025-07-25T07:29:48.015251,bitrue,177.5,177.53,114.508,133.019
2025-07-25T07:29:48.034733,huobi,177.5401,177.5517,1.514,1.473
2025-07-25T07:29:48.144837,huobi,177.5451,177.5517,1.519,1.473
2025-07-25T07:29:48.235397,huobi,177.5451,177.5729,1.519,0.168
2025-07-25T07:29:48.336169,huobi,177.5496,177.5729,1.505,0.168
2025-07-25T07:29:48.436090,huobi,177.5503,177.5729,5.13,0.168
2025-07-25T07:29:48.635136,huobi,177.5503,177.5605,5.13,1.583
2025-07-25T07:29:49.066950,bitrue,177.5,177.54,114.508,106.364
2025-07-25T07:29:49.437541,huobi,177.5625,177.5729,1.529,0.168
2025-07-25T07:29:49.535949,huobi,177.5625,177.5877,1.529,5.527
2025-07-25T07:29:49.636064,huobi,177.5625,177.5724,1.529,1.466
2025-07-25T07:29:49.736948,huobi,177.5723,177.5939,1.461,3.0
2025-07-25T07:29:49.837313,huobi,177.5846,177.5939,1.553,3.0
2025-07-25T07:29:50.438821,huobi,177.5145,177.5936,3.68,3.68
2025-07-25T07:29:50.559053,huobi,177.5322,177.5834,5.13,1.552
2025-07-25T07:29:50.936021,huobi,177.5708,177.5834,1.538,1.552
2025-07-25T07:29:51.135290,huobi,177.5708,177.5833,1.538,5.13
2025-07-25T07:29:51.222340,bitrue,177.53,177.57,130.408,118.351
2025-07-25T07:29:51.235678,huobi,177.5303,177.5786,5.527,1.491
2025-07-25T07:29:51.436298,huobi,177.5222,177.5658,0.168,1.528
2025-07-25T07:29:51.534014,huobi,177.5583,177.5658,1.502,1.528
2025-07-25T07:29:52.267924,bitrue,177.52,177.57,123.911,118.351
2025-07-25T07:29:52.536275,huobi,177.5688,177.5939,1.459,3.0
2025-07-25T07:29:52.634821,huobi,177.5399,177.5932,5.13,3.68
2025-07-25T07:29:52.734736,huobi,177.5275,177.5891,5.13,3.68
2025-07-25T07:29:52.835250,huobi,177.5275,177.5734,5.13,1.498
2025-07-25T07:29:52.934263,huobi,177.5643,177.5734,1.567,1.498
2025-07-25T07:29:53.736485,huobi,177.5275,177.5734,5.13,1.498
2025-07-25T07:29:54.035543,huobi,177.5643,177.5734,1.45,1.498
2025-07-25T07:29:54.739032,huobi,177.4934,177.539,5.13,1.508
2025-07-25T07:29:54.936142,huobi,177.524,177.53,1.569,1.598
2025-07-25T07:29:55.035506,huobi,177.4853,177.53,0.168,1.598
2025-07-25T07:29:55.235014,huobi,177.4853,177.5255,0.168,1.47
2025-07-25T07:29:55.335728,huobi,177.516,177.5255,1.53,1.47
2025-07-25T07:29:55.402529,bitrue,177.47,177.53,107.994,126.808
2025-07-25T07:29:55.540073,huobi,177.516,177.525,1.53,5.13
2025-07-25T07:29:55.835661,huobi,177.516,177.5255,1.53,1.47
2025-07-25T07:29:56.236941,huobi,177.516,177.5254,1.53,5.13
2025-07-25T07:29:56.446741,bitrue,177.47,177.5,107.994,111.853
2025-07-25T07:29:57.143441,huobi,177.4757,177.4947,3.0,1.579
2025-07-25T07:29:57.337404,huobi,177.4793,177.4894,1.465,1.594
2025-07-25T07:29:57.838252,huobi,177.4757,177.4758,3.0,1.534
2025-07-25T07:29:58.139495,huobi,177.4757,177.4758,0.683,1.534
2025-07-25T07:29:58.239418,huobi,177.452,177.4521,1.5,6.585
2025-07-25T07:29:58.345089,huobi,177.31,177.4071,5.13,1.476
2025-07-25T07:29:58.446153,huobi,177.3157,177.3853,5.13,5.13
2025-07-25T07:29:58.537221,bitrue,177.43,177.47,58.733,97.58
2025-07-25T07:29:58.541911,huobi,177.3352,177.4062,5.13,5.13
2025-07-25T07:29:58.638704,huobi,177.3435,177.4062,5.13,5.13
2025-07-25T07:29:58.785822,huobi,177.3772,177.3936,1.476,5.13
2025-07-25T07:29:58.834804,huobi,177.3453,177.3936,3.68,5.13
2025-07-25T07:29:58.940899,huobi,177.348,177.3936,5.13,5.13
2025-07-25T07:29:59.039541,huobi,177.348,177.3937,5.13,1.459
2025-07-25T07:29:59.136500,huobi,177.3806,177.3885,1.453,1.484
2025-07-25T07:29:59.437163,huobi,177.3977,177.4313,1.541,5.13
2025-07-25T07:29:59.537774,huobi,177.3644,177.4219,3.68,5.13
2025-07-25T07:29:59.584367,bitrue,177.35,177.4,28.884,130.284
2025-07-25T07:29:59.638967,huobi,177.3511,177.3994,3.68,1.558
2025-07-25T07:29:59.735778,huobi,177.3413,177.3902,3.68,5.13
2025-07-25T07:29:59.836875,huobi,177.3726,177.3859,1.546,5.13
2025-07-25T07:30:00.052710,huobi,177.3275,177.381,3.68,5.13
2025-07-25T07:30:00.142424,huobi,177.3315,177.3794,3.68,1.523
2025-07-25T07:30:00.239012,huobi,177.3412,177.3794,5.13,1.523
2025-07-25T07:30:00.337861,huobi,177.3784,177.4278,1.473,3.68
2025-07-25T07:30:00.437866,huobi,177.3541,177.4386,5.13,5.13
2025-07-25T07:30:00.539247,huobi,177.3739,177.4354,5.13,5.13
2025-07-25T07:30:00.638426,huobi,177.3922,177.4464,5.13,3.68
2025-07-25T07:30:00.744121,huobi,177.4194,177.464,1.589,3.68
2025-07-25T07:30:00.837667,huobi,177.4244,177.4638,1.467,5.13
2025-07-25T07:30:00.938224,huobi,177.4244,177.432,1.467,1.479
2025-07-25T07:30:01.138261,huobi,177.3768,177.4274,3.68,5.13
2025-07-25T07:30:01.239749,huobi,177.2982,177.3785,3.68,5.13
2025-07-25T07:30:01.345250,huobi,177.2932,177.3557,83.302,3.68
2025-07-25T07:30:01.444947,huobi,177.2844,177.2974,3.0,5.13
2025-07-25T07:30:01.539124,huobi,177.2844,177.2845,1.553,6.689
2025-07-25T07:30:01.636976,huobi,177.2844,177.2845,1.553,16.298
2025-07-25T07:30:01.680366,bitrue,177.31,177.34,40.084,117.774
2025-07-25T07:30:01.739189,huobi,177.2444,177.2524,1.575,1.526
2025-07-25T07:30:01.838302,huobi,177.2044,177.2471,3.68,1.446
2025-07-25T07:30:01.939199,huobi,177.1994,177.2375,0.035,1.526
2025-07-25T07:30:02.037088,huobi,177.1994,177.2229,0.035,1.459
2025-07-25T07:30:02.139083,huobi,177.2109,177.2181,1.552,1.573
2025-07-25T07:30:02.236147,huobi,177.2109,177.218,1.552,5.13
2025-07-25T07:30:02.339398,huobi,177.1425,177.1676,3.68,1.588
2025-07-25T07:30:02.439435,huobi,177.1405,177.1676,5.13,1.588
2025-07-25T07:30:02.536853,huobi,177.153,177.2114,5.13,3.68
2025-07-25T07:30:02.636662,huobi,177.1833,177.218,1.565,5.13
2025-07-25T07:30:02.732195,bitrue,177.17,177.2,19.724,129.908
2025-07-25T07:30:02.736664,huobi,177.2069,177.2363,1.598,5.13
2025-07-25T07:30:02.838201,huobi,177.2239,177.2714,1.442,1.257
2025-07-25T07:30:02.937530,huobi,177.2182,177.2712,3.68,5.13
2025-07-25T07:30:03.038284,huobi,177.1832,177.2706,3.68,3.68
2025-07-25T07:30:03.137647,huobi,177.2081,177.2208,1.564,1.464
2025-07-25T07:30:03.237628,huobi,177.2147,177.2208,1.536,1.464
2025-07-25T07:30:03.336728,huobi,177.178,177.2208,3.68,1.464
2025-07-25T07:30:03.435877,huobi,177.1452,177.2195,3.68,5.13
2025-07-25T07:30:03.539131,huobi,177.1504,177.2013,3.68,5.13
2025-07-25T07:30:03.738107,huobi,177.1899,177.1982,1.594,1.579
2025-07-25T07:30:03.780129,bitrue,177.19,177.22,135.213,126.64
2025-07-25T07:30:03.882559,huobi,177.2065,177.2406,1.521,5.13
2025-07-25T07:30:04.035984,huobi,177.1891,177.2193,3.68,1.553
2025-07-25T07:30:04.138845,huobi,177.1372,177.1894,3.68,5.13
2025-07-25T07:30:04.244074,huobi,177.1274,177.202,5.13,5.13
2025-07-25T07:30:04.338566,huobi,177.1722,177.2283,1.447,5.13
2025-07-25T07:30:04.437285,huobi,177.1951,177.2275,5.13,3.68
2025-07-25T07:30:04.539502,huobi,177.2053,177.2511,5.13,3.68
2025-07-25T07:30:04.639843,huobi,177.2053,177.2142,5.13,1.549
2025-07-25T07:30:04.736557,huobi,177.1567,177.2486,5.13,5.13
2025-07-25T07:30:04.834936,bitrue,177.15,177.22,100.699,113.124
2025-07-25T07:30:04.837830,huobi,177.2188,177.2561,1.538,5.527
2025-07-25T07:30:04.937301,huobi,177.2243,177.2561,1.567,5.527
2025-07-25T07:30:05.039048,huobi,177.1934,177.2703,5.13,5.13
2025-07-25T07:30:05.138331,huobi,177.1984,177.2363,3.68,1.453
2025-07-25T07:30:05.237984,huobi,177.2213,177.2739,5.13,5.527
2025-07-25T07:30:05.339826,huobi,177.2511,177.3096,1.551,5.13
2025-07-25T07:30:05.438983,huobi,177.268,177.3044,1.46,5.13
2025-07-25T07:30:05.536908,huobi,177.268,177.2781,1.46,1.476
2025-07-25T07:30:05.895067,bitrue,177.21,177.25,91.06,112.476
2025-07-25T07:30:06.458533,huobi,177.2929,177.3266,1.486,5.527
2025-07-25T07:30:06.538762,huobi,177.2992,177.3328,1.551,5.13
2025-07-25T07:30:06.636420,huobi,177.2992,177.3083,1.551,1.454
2025-07-25T07:30:06.737458,huobi,177.2627,177.3083,5.13,1.454
2025-07-25T07:30:06.929809,bitrue,177.24,177.27,108.927,102.518
2025-07-25T07:30:07.034744,huobi,177.2992,177.3083,1.5,1.454
2025-07-25T07:30:07.238860,huobi,177.3071,177.3331,1.575,7.944
2025-07-25T07:30:07.337541,huobi,177.2958,177.3331,5.13,7.944
2025-07-25T07:30:07.437109,huobi,177.2974,177.3358,5.13,1.581
2025-07-25T07:30:07.536249,huobi,177.3267,177.3358,1.456,1.581
2025-07-25T07:30:07.640386,huobi,177.3496,177.3735,1.476,3.68
2025-07-25T07:30:07.738280,huobi,177.3675,177.4129,1.548,3.68
2025-07-25T07:30:07.842137,huobi,177.3675,177.3773,1.548,1.48
2025-07-25T07:30:07.937243,huobi,177.3544,177.4093,5.13,5.831
2025-07-25T07:30:07.978236,bitrue,177.27,177.3,126.329,92.804
2025-07-25T07:30:08.044307,huobi,177.3989,177.4178,1.544,7.147
2025-07-25T07:30:08.240518,huobi,177.3733,177.4142,5.13,1.537
2025-07-25T07:30:08.337340,huobi,177.4062,177.4178,1.442,7.147
2025-07-25T07:30:08.439104,huobi,177.4177,177.4178,1.454,7.147
2025-07-25T07:30:08.642254,huobi,177.4177,177.4344,1.454,1.549
2025-07-25T07:30:08.738329,huobi,177.4167,177.4289,1.564,1.57
2025-07-25T07:30:09.029594,bitrue,177.37,177.42,125.783,91.747
2025-07-25T07:30:09.136809,huobi,177.4,177.4582,5.13,5.13
2025-07-25T07:30:09.237905,huobi,177.4131,177.4692,5.13,3.68
2025-07-25T07:30:09.339993,huobi,177.3848,177.4767,3.68,0.169
2025-07-25T07:30:09.436667,huobi,177.4452,177.4543,1.566,1.584
2025-07-25T07:30:09.543245,huobi,177.461,177.4881,1.555,3.0
2025-07-25T07:30:09.737665,huobi,177.461,177.4686,1.555,1.446
2025-07-25T07:30:09.936201,huobi,177.461,177.4881,1.555,3.0
2025-07-25T07:30:10.079843,bitrue,177.43,177.47,113.33,97.58
2025-07-25T07:30:10.135700,huobi,177.461,177.47,1.555,1.537
2025-07-25T07:30:10.236126,huobi,177.4773,177.4881,1.495,3.0
2025-07-25T07:30:10.337877,huobi,177.4833,177.4881,1.474,3.0
2025-07-25T07:30:10.436856,huobi,177.488,177.4881,1.458,3.0
2025-07-25T07:30:10.936983,huobi,177.488,177.4881,6.588,3.0
2025-07-25T07:30:11.035067,huobi,177.488,177.4881,1.458,3.0
2025-07-25T07:30:11.125291,bitrue,177.43,177.47,113.33,97.58
2025-07-25T07:30:12.172750,bitrue,177.47,177.51,131.25,128.408
2025-07-25T07:30:12.237103,huobi,177.4554,177.4881,5.13,3.0
2025-07-25T07:30:12.337468,huobi,177.4355,177.4881,5.13,3.0
2025-07-25T07:30:12.435755,huobi,177.4862,177.4881,1.47,3.0
2025-07-25T07:30:12.838974,huobi,177.488,177.4881,1.463,2.49142112648679
2025-07-25T07:30:13.221857,bitrue,177.46,177.51,103.104,128.408
2025-07-25T07:30:13.337372,huobi,177.5227,177.5518,1.558,0.169
2025-07-25T07:30:13.442348,huobi,177.5227,177.5347,1.558,1.457
2025-07-25T07:30:13.538031,huobi,177.4993,177.5347,5.13,1.457
2025-07-25T07:30:13.635250,huobi,177.5257,177.5347,1.505,1.457
2025-07-25T07:30:13.835583,huobi,177.5369,177.5518,1.473,0.169
2025-07-25T07:30:14.034996,huobi,177.5369,177.5447,1.473,1.445
2025-07-25T07:30:14.264074,bitrue,177.5,177.53,108.206,126.808
2025-07-25T07:30:14.438956,huobi,177.5369,177.5518,1.473,0.169
2025-07-25T07:30:14.535961,huobi,177.5424,177.5637,1.471,3.0
2025-07-25T07:30:14.734763,huobi,177.5424,177.5547,1.471,1.456
2025-07-25T07:30:14.836629,huobi,177.5528,177.5637,1.533,3.0
2025-07-25T07:30:14.937153,huobi,177.5599,177.5637,1.537,3.0
2025-07-25T07:30:15.037211,huobi,177.5636,177.5637,1.562,3.0
2025-07-25T07:30:15.305260,bitrue,177.53,177.57,95.241,118.351
2025-07-25T07:30:15.535679,huobi,177.5198,177.5637,5.13,3.0
2025-07-25T07:30:15.836228,huobi,177.5505,177.5616,1.571,3.68
2025-07-25T07:30:16.350822,bitrue,177.53,177.57,95.241,118.351
2025-07-25T07:30:16.537400,huobi,177.4796,177.5498,3.68,3.68
2025-07-25T07:30:16.636226,huobi,177.4837,177.5286,5.13,1.537
2025-07-25T07:30:16.738675,huobi,177.4827,177.518,5.13,1.453
2025-07-25T07:30:16.837133,huobi,177.4827,177.531,5.13,3.68
2025-07-25T07:30:16.936863,huobi,177.5187,177.531,1.464,3.68
2025-07-25T07:30:17.053038,huobi,177.5308,177.5453,1.599,5.13
2025-07-25T07:30:17.135871,huobi,177.4827,177.5396,5.13,3.68
2025-07-25T07:30:17.234828,huobi,177.4827,177.5356,5.13,1.5
2025-07-25T07:30:17.335138,huobi,177.4827,177.5352,5.13,3.68
2025-07-25T07:30:17.396652,bitrue,177.5,177.53,106.766,92.972
2025-07-25T07:30:17.436120,huobi,177.5266,177.535,1.582,5.13
2025-07-25T07:30:17.537016,huobi,177.5266,177.5306,1.582,3.68
2025-07-25T07:30:17.635155,huobi,177.5266,177.5276,1.582,3.68
2025-07-25T07:30:17.737025,huobi,177.4739,177.5163,5.13,3.68
2025-07-25T07:30:17.935308,huobi,177.5078,177.5163,1.516,3.68
2025-07-25T07:30:18.235473,huobi,177.5078,177.5079,1.516,3.68
2025-07-25T07:30:18.337171,huobi,177.4592,177.4752,3.0,1.559
2025-07-25T07:30:18.438575,huobi,177.4592,177.4753,3.0,1.503
2025-07-25T07:30:18.440036,bitrue,177.48,177.51,118.365,119.223
2025-07-25T07:30:18.638841,huobi,177.4642,177.4804,1.449,5.13
2025-07-25T07:30:18.736526,huobi,177.4592,177.4693,3.0,1.447
2025-07-25T07:30:18.839020,huobi,177.4592,177.4775,3.0,3.68
2025-07-25T07:30:19.134827,huobi,177.4592,177.4637,3.0,1.554
2025-07-25T07:30:19.235922,huobi,177.4592,177.4593,3.0,1.483
2025-07-25T07:30:19.436823,huobi,177.4086,177.4481,1.5,1.58
2025-07-25T07:30:19.484264,bitrue,177.42,177.47,124.433,129.293
2025-07-25T07:30:19.537838,huobi,177.4086,177.4217,1.5,1.463
2025-07-25T07:30:19.638178,huobi,177.4086,177.4177,1.5,3.68
2025-07-25T07:30:19.736154,huobi,177.4086,177.4125,1.5,3.68
2025-07-25T07:30:19.855946,huobi,177.4086,177.4087,1.5,1.444
2025-07-25T07:30:19.940206,huobi,177.4123,177.4269,1.588,3.68
2025-07-25T07:30:20.038085,huobi,177.4194,177.4457,1.502,3.68
2025-07-25T07:30:20.235608,huobi,177.4194,177.4289,1.502,1.525
2025-07-25T07:30:20.533369,bitrue,177.37,177.4,125.783,115.947
2025-07-25T07:30:21.337222,huobi,177.4521,177.4775,1.457,3.68
2025-07-25T07:30:21.436311,huobi,177.4521,177.4724,1.457,3.68
2025-07-25T07:30:21.578823,bitrue,177.36,177.41,104.644,106.248
2025-07-25T07:30:21.635534,huobi,177.4521,177.4618,1.457,27.637
2025-07-25T07:30:22.035363,huobi,177.4521,177.4619,1.457,1.474
2025-07-25T07:30:22.137514,huobi,177.4784,177.4858,1.559,3.0
2025-07-25T07:30:22.239304,huobi,177.484,177.4858,1.597,3.0
2025-07-25T07:30:22.622611,bitrue,177.44,177.47,130.757,129.293
2025-07-25T07:30:22.934944,huobi,177.4857,177.4858,1.547,3.0
2025-07-25T07:30:23.535940,huobi,177.4857,177.4858,6.677,3.0
2025-07-25T07:30:23.671105,bitrue,177.48,177.51,111.406,119.223
2025-07-25T07:30:23.736984,huobi,177.4857,177.4858,1.547,3.0
2025-07-25T07:30:24.036888,huobi,177.447,177.4857,5.13,3.68
2025-07-25T07:30:24.137524,huobi,177.4403,177.4832,5.13,3.68
2025-07-25T07:30:24.239107,huobi,177.4782,177.4832,1.507,3.68
2025-07-25T07:30:24.437081,huobi,177.4403,177.4858,5.13,3.0
2025-07-25T07:30:24.535492,huobi,177.4857,177.4858,1.451,3.0
2025-07-25T07:30:24.716885,bitrue,177.44,177.47,130.757,100.682
2025-07-25T07:30:25.135469,huobi,177.4857,177.4858,6.581,3.0
2025-07-25T07:30:25.257209,huobi,177.4857,177.4858,1.451,3.0
2025-07-25T07:30:25.764237,bitrue,177.44,177.51,130.757,119.223
2025-07-25T07:30:26.336364,huobi,177.4857,177.4858,1.451,1.448
2025-07-25T07:30:26.811622,bitrue,177.47,177.53,108.397,130.553
2025-07-25T07:30:27.035952,huobi,177.4403,177.5003,5.13,0.169
2025-07-25T07:30:27.136312,huobi,177.5082,177.5083,6.623,1.5
2025-07-25T07:30:27.435977,huobi,177.5082,177.5083,1.493,1.5
2025-07-25T07:30:27.938442,huobi,177.463,177.5083,5.13,1.5
2025-07-25T07:30:28.042403,huobi,177.463,177.5081,5.13,3.68
2025-07-25T07:30:28.235204,huobi,177.5003,177.5081,1.526,3.68
2025-07-25T07:30:28.434960,huobi,177.5003,177.5049,1.526,3.68
2025-07-25T07:30:28.535206,huobi,177.4517,177.4961,5.13,3.849
2025-07-25T07:30:28.634651,huobi,177.4112,177.4922,3.68,3.68
2025-07-25T07:30:28.736565,huobi,177.4316,177.4733,5.13,1.598
2025-07-25T07:30:28.840230,huobi,177.4316,177.4855,5.13,3.68
2025-07-25T07:30:28.904057,bitrue,177.46,177.53,107.845,130.553
2025-07-25T07:30:28.939127,huobi,177.4316,177.4664,5.13,1.544
2025-07-25T07:30:29.136118,huobi,177.4656,177.4792,1.513,3.68
2025-07-25T07:30:29.235949,huobi,177.4656,177.4886,1.513,3.68
2025-07-25T07:30:29.436546,huobi,177.4316,177.4707,5.13,1.6
2025-07-25T07:30:29.634847,huobi,177.4625,177.4707,1.559,1.6
2025-07-25T07:30:29.836236,huobi,177.482,177.4929,1.557,5.527
2025-07-25T07:30:29.936882,huobi,177.5006,177.5083,1.474,1.5
2025-07-25T07:30:29.951991,bitrue,177.41,177.45,130.491,100.71
2025-07-25T07:30:30.036902,huobi,177.5006,177.5067,1.474,1.51
2025-07-25T07:30:30.136250,huobi,177.4528,177.5067,5.13,1.51
2025-07-25T07:30:30.240008,huobi,177.4463,177.4963,5.13,3.68
2025-07-25T07:30:30.534522,huobi,177.4463,177.5013,5.13,1.568
2025-07-25T07:30:30.634257,huobi,177.4918,177.5013,1.451,1.568
2025-07-25T07:30:30.997172,bitrue,177.46,177.49,93.951,132.783
2025-07-25T07:30:31.034349,huobi,177.4963,177.5013,1.446,1.568
2025-07-25T07:30:31.236464,huobi,177.4963,177.509,1.446,5.527
2025-07-25T07:30:31.435250,huobi,177.502,177.5271,1.539,3.68
2025-07-25T07:30:31.534988,huobi,177.453,177.5203,5.13,3.68
2025-07-25T07:30:31.635028,huobi,177.453,177.5038,5.13,1.484
2025-07-25T07:30:31.735041,huobi,177.4975,177.5037,1.57,6.162
2025-07-25T07:30:32.036111,huobi,177.4535,177.5271,3.68,3.68
2025-07-25T07:30:32.135575,huobi,177.5086,177.5271,1.565,3.68
2025-07-25T07:30:32.336035,huobi,177.5086,177.5155,1.565,1.555
2025-07-25T07:30:32.435995,huobi,177.4539,177.5102,5.13,5.13
2025-07-25T07:30:32.540749,huobi,177.4511,177.4966,0.169,5.13
2025-07-25T07:30:32.638313,huobi,177.4319,177.4883,5.13,1.528
2025-07-25T07:30:32.734636,huobi,177.4502,177.4956,5.13,0.169
2025-07-25T07:30:32.834276,huobi,177.4893,177.4956,1.598,0.169
2025-07-25T07:30:33.091716,bitrue,177.44,177.5,123.559,118.88
2025-07-25T07:30:34.224087,huobi,177.4325,177.4939,3.68,1.497
2025-07-25T07:30:34.224208,huobi,177.4411,177.4827,5.13,1.502
2025-07-25T07:30:34.224306,huobi,177.4283,177.4737,5.13,1.512
2025-07-25T07:30:34.224416,huobi,177.4607,177.467,1.595,1.523
2025-07-25T07:30:34.225549,bitrue,177.44,177.47,123.559,120.814
2025-07-25T07:30:34.437211,huobi,177.4658,177.4938,1.556,3.68
2025-07-25T07:30:34.733769,huobi,177.4658,177.4743,1.556,1.5
2025-07-25T07:30:35.136366,huobi,177.4284,177.4896,11.198,3.68
2025-07-25T07:30:35.236034,huobi,177.4722,177.4956,1.466,0.169
2025-07-25T07:30:35.279111,bitrue,177.42,177.47,122.547,120.814
2025-07-25T07:30:35.434465,huobi,177.4722,177.4833,1.466,1.587
2025-07-25T07:30:35.938015,huobi,177.4771,177.4833,1.52,1.587
2025-07-25T07:30:36.536530,huobi,177.4771,177.4832,1.52,5.13
2025-07-25T07:30:36.639020,huobi,177.4284,177.4783,11.198,6.581
2025-07-25T07:30:36.736140,huobi,177.4285,177.4783,5.13,6.581
2025-07-25T07:30:36.835970,huobi,177.4687,177.4783,1.516,1.451
2025-07-25T07:30:37.436741,huobi,177.4687,177.4781,1.516,5.13
2025-07-25T07:30:37.735234,huobi,177.4687,177.4783,1.516,1.451
2025-07-25T07:30:37.833961,huobi,177.4687,177.4781,1.516,5.13
2025-07-25T07:30:38.237505,huobi,177.4166,177.4659,6.63,1.584
2025-07-25T07:30:38.339728,huobi,177.4166,177.4598,1.5,3.68
2025-07-25T07:30:38.437708,huobi,177.4255,177.4546,5.13,1.588
2025-07-25T07:30:38.538205,huobi,177.4458,177.4546,1.533,1.588
2025-07-25T07:30:38.737491,huobi,177.4166,177.4498,1.5,1.527
2025-07-25T07:30:38.837930,huobi,177.4166,177.4497,1.5,6.282
2025-07-25T07:30:39.036909,huobi,177.4458,177.4508,1.49,5.527
2025-07-25T07:30:39.139649,huobi,177.4505,177.4899,1.529,5.13
2025-07-25T07:30:39.239372,huobi,177.4603,177.4854,1.445,5.13
2025-07-25T07:30:39.337143,huobi,177.4603,177.4715,1.445,5.13
2025-07-25T07:30:39.437073,huobi,177.4603,177.4669,1.445,5.13
2025-07-25T07:30:39.459055,bitrue,177.41,177.47,130.491,120.814
2025-07-25T07:30:39.540192,huobi,177.4166,177.4669,1.5,5.13
2025-07-25T07:30:39.836014,huobi,177.4166,177.445,1.5,1.509
2025-07-25T07:30:39.937561,huobi,177.4166,177.4448,1.5,5.13
2025-07-25T07:30:40.035756,huobi,177.4211,177.433,1.599,5.13
2025-07-25T07:30:40.135289,huobi,177.4166,177.4172,1.5,1.52
2025-07-25T07:30:40.505439,bitrue,177.39,177.43,124.469,91.808
2025-07-25T07:30:41.234765,huobi,177.4103,177.4172,1.478,1.52
2025-07-25T07:30:41.550571,bitrue,177.38,177.41,134.474,128.469
2025-07-25T07:30:41.734816,huobi,177.3876,177.4172,3.0,1.52
2025-07-25T07:30:42.034494,huobi,177.4053,177.4172,1.549,1.52
2025-07-25T07:30:42.236114,huobi,177.3876,177.4026,3.0,1.544
2025-07-25T07:30:42.336454,huobi,177.3876,177.3928,3.0,1.521
2025-07-25T07:30:42.536676,huobi,177.3886,177.3977,1.506,5.527
2025-07-25T07:30:42.738171,huobi,177.3886,177.4325,1.506,5.13
2025-07-25T07:30:42.837535,huobi,177.4085,177.4275,1.598,3.68
2025-07-25T07:30:43.036866,huobi,177.4085,177.4153,1.598,1.59
2025-07-25T07:30:43.336133,huobi,177.4085,177.441,1.598,5.13
2025-07-25T07:30:43.435595,huobi,177.4085,177.4384,1.598,5.13
2025-07-25T07:30:43.636525,huobi,177.4085,177.4194,1.598,5.13
2025-07-25T07:30:43.650198,bitrue,177.37,177.43,131.386,109.555
2025-07-25T07:30:43.839439,huobi,177.3876,177.394,3.0,1.443
2025-07-25T07:30:43.938142,huobi,177.3416,177.37,3.0,5.13
2025-07-25T07:30:44.038835,huobi,177.3416,177.3507,3.0,1.553
2025-07-25T07:30:44.264572,huobi,177.3451,177.3507,1.504,1.553
2025-07-25T07:30:44.336037,huobi,177.3505,177.4002,1.473,0.169
2025-07-25T07:30:44.438102,huobi,177.3578,177.3897,1.516,3.68
2025-07-25T07:30:44.535676,huobi,177.3578,177.3891,1.516,3.68
2025-07-25T07:30:44.637636,huobi,177.3578,177.3722,1.516,1.498
2025-07-25T07:30:44.705028,bitrue,177.32,177.39,110.162,105.895
2025-07-25T07:30:44.739256,huobi,177.3702,177.3956,1.596,5.527
2025-07-25T07:30:44.837681,huobi,177.358,177.3956,5.13,5.527
2025-07-25T07:30:44.935438,huobi,177.3603,177.3908,5.13,1.556
2025-07-25T07:30:45.035997,huobi,177.3795,177.3908,1.466,1.556
2025-07-25T07:30:45.138369,huobi,177.3603,177.4283,5.13,3.68
2025-07-25T07:30:45.237666,huobi,177.4075,177.4283,1.544,3.68
2025-07-25T07:30:45.434825,huobi,177.4075,177.4138,1.544,1.599
2025-07-25T07:30:45.759518,bitrue,177.33,177.36,105.034,110.764
2025-07-25T07:30:45.839103,huobi,177.3472,177.4061,5.13,3.68
2025-07-25T07:30:45.935841,huobi,177.3472,177.4038,5.13,3.68
2025-07-25T07:30:46.038320,huobi,177.3557,177.4092,5.13,1.509
2025-07-25T07:30:46.136439,huobi,177.4091,177.4281,1.456,5.527
2025-07-25T07:30:46.237062,huobi,177.4091,177.4334,1.456,3.68
2025-07-25T07:30:46.341220,huobi,177.4427,177.4605,1.583,3.68
2025-07-25T07:30:46.441520,huobi,177.4105,177.4706,0.169,5.527
2025-07-25T07:30:46.539231,huobi,177.4477,177.47,1.505,3.68
2025-07-25T07:30:46.635131,huobi,177.4477,177.4685,1.505,3.68
2025-07-25T07:30:46.735061,huobi,177.4477,177.4543,1.505,1.468
2025-07-25T07:30:46.808023,bitrue,177.4,177.43,131.198,109.555
2025-07-25T07:30:47.036215,huobi,177.3865,177.4439,5.13,3.68
2025-07-25T07:30:47.135226,huobi,177.3865,177.4383,5.13,3.68
2025-07-25T07:30:47.235042,huobi,177.4333,177.4383,1.538,3.68
2025-07-25T07:30:47.335918,huobi,177.4333,177.4379,1.538,3.68
2025-07-25T07:30:47.436319,huobi,177.3671,177.4278,5.13,3.68
2025-07-25T07:30:47.536940,huobi,177.3626,177.4278,3.68,3.68
2025-07-25T07:30:47.635660,huobi,177.3593,177.4109,5.13,3.68
2025-07-25T07:30:47.734706,huobi,177.4058,177.4109,1.598,3.68
2025-07-25T07:30:47.865452,bitrue,177.4,177.44,131.198,99.99
2025-07-25T07:30:48.137256,huobi,177.4058,177.4318,1.598,3.68
2025-07-25T07:30:48.238376,huobi,177.4154,177.4318,1.486,3.68
2025-07-25T07:30:48.339261,huobi,177.4154,177.4317,1.486,5.13
2025-07-25T07:30:48.436710,huobi,177.4154,177.4218,1.486,1.488
2025-07-25T07:30:48.636404,huobi,177.3856,177.4388,0.169,6.782
2025-07-25T07:30:48.735756,huobi,177.4203,177.4454,1.507,3.68
2025-07-25T07:30:48.835818,huobi,177.4203,177.4409,1.507,3.68
2025-07-25T07:30:48.919660,bitrue,177.37,177.4,96.852,91.717
2025-07-25T07:30:48.935334,huobi,177.4203,177.4268,1.507,1.511
2025-07-25T07:30:49.236254,huobi,177.3728,177.4252,5.13,3.68
2025-07-25T07:30:49.335479,huobi,177.3641,177.4216,0.169,3.68
2025-07-25T07:30:49.436210,huobi,177.4058,177.4216,1.546,3.68
2025-07-25T07:30:49.537554,huobi,177.4105,177.4302,1.539,5.527
2025-07-25T07:30:49.637421,huobi,177.4105,177.4219,1.539,1.589
2025-07-25T07:30:49.833655,huobi,177.4157,177.4429,1.514,3.68
2025-07-25T07:30:49.934595,huobi,177.4157,177.45,1.514,3.68
2025-07-25T07:30:49.965773,bitrue,177.37,177.41,96.852,127.205
2025-07-25T07:30:50.136196,huobi,177.4157,177.43,1.514,1.595
2025-07-25T07:30:50.536549,huobi,177.4204,177.43,1.474,1.595
2025-07-25T07:30:50.634978,huobi,177.371,177.4236,5.13,3.68
2025-07-25T07:30:50.734983,huobi,177.3526,177.4127,5.13,3.68
2025-07-25T07:30:50.835538,huobi,177.3526,177.4124,5.13,5.13
2025-07-25T07:30:50.935230,huobi,177.4003,177.4095,1.52,3.68
2025-07-25T07:30:51.534899,huobi,177.3526,177.4044,5.13,1.551
2025-07-25T07:30:51.834851,huobi,177.3953,177.4044,1.572,1.551
2025-07-25T07:30:52.435006,huobi,177.3526,177.3998,5.13,1.466
2025-07-25T07:30:52.534943,huobi,177.3455,177.3968,0.169,3.68
2025-07-25T07:30:52.635451,huobi,177.3455,177.3905,0.169,1.558
2025-07-25T07:30:52.733463,huobi,177.3823,177.3905,1.596,1.558
2025-07-25T07:30:52.936578,huobi,177.3455,177.3901,0.169,5.13
2025-07-25T07:30:53.034904,huobi,177.3455,177.3804,0.169,1.574
2025-07-25T07:30:53.111529,bitrue,177.35,177.38,127.258,98.242
2025-07-25T07:30:53.235422,huobi,177.3718,177.3804,1.535,1.574
2025-07-25T07:30:53.334459,huobi,177.3455,177.3759,0.169,1.556
2025-07-25T07:30:53.637680,huobi,177.3668,177.3759,1.579,1.556
2025-07-25T07:30:53.736996,huobi,177.373,177.4072,1.578,3.68
2025-07-25T07:30:53.837832,huobi,177.373,177.4021,1.578,3.68
2025-07-25T07:30:54.033682,huobi,177.353,177.419,5.13,0.169
2025-07-25T07:30:54.136195,huobi,177.3775,177.4089,1.557,3.68
2025-07-25T07:30:54.154505,bitrue,177.33,177.38,105.034,98.242
2025-07-25T07:30:54.237321,huobi,177.3698,177.4275,5.13,3.68
2025-07-25T07:30:54.535570,huobi,177.4067,177.4283,1.59,0.169
2025-07-25T07:30:54.638755,huobi,177.4158,177.4371,1.503,3.68
2025-07-25T07:30:54.933255,huobi,177.4158,177.4234,1.503,1.473
2025-07-25T07:30:55.034219,huobi,177.4158,177.4233,1.503,0.164
2025-07-25T07:30:55.203284,bitrue,177.37,177.41,90.269,130.158
2025-07-25T07:30:55.340077,huobi,177.3649,177.4185,5.13,5.872
2025-07-25T07:30:55.534704,huobi,177.4093,177.4185,1.496,5.872
2025-07-25T07:30:55.733970,huobi,177.4093,177.4184,1.496,0.164
2025-07-25T07:30:56.434598,huobi,177.4183,177.4184,1.546,0.164
2025-07-25T07:30:57.295719,bitrue,177.37,177.42,90.269,112.114
2025-07-25T07:30:57.536264,huobi,177.4316,177.4551,1.458,0.169
2025-07-25T07:30:57.636403,huobi,177.4372,177.4551,1.501,0.169
2025-07-25T07:30:57.737573,huobi,177.4372,177.4546,1.501,5.13
2025-07-25T07:30:57.834379,huobi,177.4372,177.4434,1.501,1.527
2025-07-25T07:30:58.406099,bitrue,177.4,177.44,126.841,99.99
2025-07-25T07:30:58.436887,huobi,177.4372,177.4422,1.501,5.13
2025-07-25T07:30:58.535545,huobi,177.3847,177.4422,5.13,5.13
2025-07-25T07:30:58.735882,huobi,177.3682,177.4329,3.68,1.494
2025-07-25T07:30:58.835574,huobi,177.3684,177.4217,5.13,1.456
2025-07-25T07:30:58.935207,huobi,177.3684,177.4216,5.13,3.68
2025-07-25T07:30:59.035226,huobi,177.4153,177.4217,1.588,1.456
2025-07-25T07:30:59.135007,huobi,177.4206,177.4501,1.573,3.68
2025-07-25T07:30:59.338336,huobi,177.4275,177.4551,1.512,0.169
2025-07-25T07:30:59.437855,huobi,177.4396,177.4499,1.547,1.557
2025-07-25T07:30:59.454429,bitrue,177.4,177.44,126.841,99.99
2025-07-25T07:30:59.636238,huobi,177.4092,177.4439,0.169,1.542
2025-07-25T07:30:59.775499,huobi,177.3832,177.443,5.13,5.13
2025-07-25T07:30:59.837229,huobi,177.3832,177.4316,5.13,1.542
2025-07-25T07:31:00.047453,huobi,177.3832,177.4316,5.13,1.542
2025-07-25T07:31:00.141721,huobi,177.4243,177.4316,1.453,1.542
2025-07-25T07:31:00.238003,huobi,177.4243,177.4551,1.453,0.169
2025-07-25T07:31:00.336493,huobi,177.4291,177.4542,1.467,5.13
2025-07-25T07:31:00.439969,huobi,177.4291,177.4539,1.467,3.68
2025-07-25T07:31:00.499554,bitrue,177.37,177.44,110.884,99.99
2025-07-25T07:31:00.538025,huobi,177.3785,177.4333,5.13,5.13
2025-07-25T07:31:00.634614,huobi,177.3785,177.4339,5.13,1.526
2025-07-25T07:31:00.833888,huobi,177.3968,177.4451,5.13,3.68
2025-07-25T07:31:00.935280,huobi,177.4289,177.4451,1.545,3.68
2025-07-25T07:31:01.137497,huobi,177.4544,177.4671,1.457,3.68
2025-07-25T07:31:01.236377,huobi,177.4195,177.4776,5.13,3.68
2025-07-25T07:31:01.336711,huobi,177.4195,177.4634,5.13,1.454
2025-07-25T07:31:01.435890,huobi,177.4544,177.4634,1.442,1.454
2025-07-25T07:31:01.539349,huobi,177.4018,177.4587,3.68,1.492
2025-07-25T07:31:01.543192,bitrue,177.37,177.44,110.884,99.99
2025-07-25T07:31:01.636979,huobi,177.3914,177.4508,5.13,3.68
2025-07-25T07:31:01.835841,huobi,177.4444,177.4508,1.515,3.68
2025-07-25T07:31:01.936147,huobi,177.4444,177.4507,1.515,5.13
2025-07-25T07:31:02.035306,huobi,177.3914,177.448,5.13,1.508
2025-07-25T07:31:02.334071,huobi,177.4394,177.448,1.561,1.508
2025-07-25T07:31:02.452713,huobi,177.3912,177.4333,5.527,1.592
2025-07-25T07:31:02.540686,huobi,177.3853,177.4297,5.13,3.68
2025-07-25T07:31:02.588453,bitrue,177.41,177.44,116.774,99.99
2025-07-25T07:31:02.636889,huobi,177.3853,177.4657,5.13,5.527
2025-07-25T07:31:02.738692,huobi,177.4334,177.4607,1.558,3.68
2025-07-25T07:31:02.836800,huobi,177.4334,177.4546,1.558,3.68
2025-07-25T07:31:03.036964,huobi,177.375,177.4309,5.13,1.566
2025-07-25T07:31:03.136904,huobi,177.375,177.4259,5.13,1.552
2025-07-25T07:31:03.238824,huobi,177.3941,177.4259,5.13,1.552
2025-07-25T07:31:03.338097,huobi,177.4264,177.4607,1.456,3.68
2025-07-25T07:31:03.439894,huobi,177.4264,177.4603,1.456,5.13
2025-07-25T07:31:03.537510,huobi,177.4264,177.4411,1.456,1.554
2025-07-25T07:31:03.633257,bitrue,177.37,177.41,110.884,128.659
2025-07-25T07:31:03.637030,huobi,177.375,177.4284,5.13,1.539
2025-07-25T07:31:03.738584,huobi,177.375,177.4233,5.13,3.68
2025-07-25T07:31:03.837198,huobi,177.3748,177.4183,1.5,1.473
2025-07-25T07:31:03.937340,huobi,177.3748,177.4041,1.5,1.555
2025-07-25T07:31:04.036073,huobi,177.3754,177.4041,5.13,1.555
2025-07-25T07:31:04.135706,huobi,177.3971,177.4041,1.592,1.555
2025-07-25T07:31:04.238140,huobi,177.3748,177.3985,1.5,5.13
2025-07-25T07:31:04.440280,huobi,177.3748,177.3885,1.5,1.467
2025-07-25T07:31:04.540943,huobi,177.3748,177.3767,1.5,1.538
2025-07-25T07:31:04.682475,bitrue,177.35,177.41,95.283,128.659
2025-07-25T07:31:04.937185,huobi,177.3748,177.4007,1.5,3.68
2025-07-25T07:31:05.036159,huobi,177.3748,177.3983,1.5,3.68
2025-07-25T07:31:05.236264,huobi,177.3748,177.3799,1.5,1.513
2025-07-25T07:31:05.636174,huobi,177.3748,177.3885,1.5,3.68
2025-07-25T07:31:05.729127,bitrue,177.33,177.38,105.034,93.725
2025-07-25T07:31:05.735757,huobi,177.3748,177.3829,1.5,3.68
2025-07-25T07:31:05.835874,huobi,177.3748,177.3778,1.5,3.68
2025-07-25T07:31:05.937485,huobi,177.3748,177.3749,1.5,1.566
2025-07-25T07:31:06.236131,huobi,177.3748,177.3749,1.5,6.696
2025-07-25T07:31:06.337100,huobi,177.3748,177.3749,1.5,1.566
2025-07-25T07:31:06.435434,huobi,177.3748,177.3749,1.5,6.696
2025-07-25T07:31:06.777745,bitrue,177.32,177.35,111.336,92.081
2025-07-25T07:31:06.940401,huobi,177.3748,177.3749,6.63,1.566
2025-07-25T07:31:07.041259,huobi,177.3748,177.4235,6.63,3.68
2025-07-25T07:31:07.137203,huobi,177.3748,177.4213,1.5,3.68
2025-07-25T07:31:07.240519,huobi,177.3751,177.3864,5.13,1.584
2025-07-25T07:31:07.392824,huobi,177.4264,177.4575,5.13,3.0
2025-07-25T07:31:07.441242,huobi,177.4334,177.4568,1.479,0.169
2025-07-25T07:31:07.538072,huobi,177.4344,177.4568,5.13,0.169
2025-07-25T07:31:07.637036,huobi,177.4344,177.4437,5.13,1.595
2025-07-25T07:31:07.735478,huobi,177.3986,177.4568,5.13,0.169
2025-07-25T07:31:07.823395,bitrue,177.39,177.42,98.795,121.445
2025-07-25T07:31:07.935695,huobi,177.4166,177.4568,5.13,0.169
2025-07-25T07:31:08.035966,huobi,177.4342,177.4432,1.527,1.498
2025-07-25T07:31:08.340071,huobi,177.4344,177.4432,5.13,1.498
2025-07-25T07:31:08.838036,huobi,177.41,177.4384,0.169,1.56
2025-07-25T07:31:08.870007,bitrue,177.39,177.44,98.795,108.745
2025-07-25T07:31:08.938580,huobi,177.3998,177.4384,5.13,1.56
2025-07-25T07:31:09.136059,huobi,177.4316,177.4384,1.464,1.56
2025-07-25T07:31:09.537525,huobi,177.4318,177.4384,5.13,1.56
2025-07-25T07:31:09.835714,huobi,177.4316,177.4384,1.464,1.56
2025-07-25T07:31:10.136459,huobi,177.4324,177.4384,5.13,1.56
2025-07-25T07:31:10.235938,huobi,177.4366,177.4568,1.485,0.169
2025-07-25T07:31:10.541665,huobi,177.4366,177.447,1.485,1.462
2025-07-25T07:31:10.738098,huobi,177.4367,177.447,5.13,1.462
2025-07-25T07:31:10.935415,huobi,177.4414,177.4568,1.479,0.169
2025-07-25T07:31:10.971860,bitrue,177.42,177.45,130.274,103.459
2025-07-25T07:31:11.236771,huobi,177.4464,177.4568,5.13,0.169
2025-07-25T07:31:11.344502,huobi,177.4684,177.5109,1.568,3.68
2025-07-25T07:31:11.440266,huobi,177.4854,177.5109,1.591,3.68
2025-07-25T07:31:11.541834,huobi,177.4854,177.4969,1.591,1.595
2025-07-25T07:31:11.737451,huobi,177.4902,177.513,1.545,3.0
2025-07-25T07:31:11.836077,huobi,177.463,177.513,5.13,3.0
2025-07-25T07:31:11.940653,huobi,177.444,177.5096,5.13,3.68
2025-07-25T07:31:12.014453,bitrue,177.42,177.47,130.274,120.814
2025-07-25T07:31:12.236521,huobi,177.4851,177.4941,1.442,1.462
2025-07-25T07:31:12.446317,huobi,177.4033,177.4697,3.68,5.13
2025-07-25T07:31:12.539549,huobi,177.4035,177.4483,5.13,1.497
2025-07-25T07:31:12.737364,huobi,177.4275,177.4341,1.545,1.538
2025-07-25T07:31:13.066264,bitrue,177.46,177.5,99.924,106.898
2025-07-25T07:31:13.438557,huobi,177.4061,177.4621,1.5,3.68
2025-07-25T07:31:13.538305,huobi,177.4061,177.4423,1.5,5.13
2025-07-25T07:31:13.638368,huobi,177.4061,177.4232,1.5,1.455
2025-07-25T07:31:13.839990,huobi,177.4061,177.411,1.5,1.523
2025-07-25T07:31:14.038984,huobi,177.4061,177.4462,1.5,3.68
2025-07-25T07:31:14.112906,bitrue,177.39,177.42,98.795,92.8
2025-07-25T07:31:14.140349,huobi,177.4139,177.4506,1.595,3.68
2025-07-25T07:31:14.236920,huobi,177.4068,177.4506,5.13,3.68
2025-07-25T07:31:14.337048,huobi,177.4068,177.4297,5.13,1.555
2025-07-25T07:31:14.439067,huobi,177.4236,177.4595,1.527,5.13
2025-07-25T07:31:14.639188,huobi,177.4236,177.4599,1.527,5.527
2025-07-25T07:31:14.781607,huobi,177.431,177.4418,1.518,1.524
2025-07-25T07:31:15.161895,bitrue,177.38,177.42,110.507,92.8
2025-07-25T07:31:16.209032,bitrue,177.38,177.43,110.507,114.417
2025-07-25T07:31:16.239340,huobi,177.4419,177.474,1.593,3.68
2025-07-25T07:31:16.338862,huobi,177.4419,177.479,1.593,0.169
2025-07-25T07:31:16.438753,huobi,177.4419,177.4477,1.593,1.551
2025-07-25T07:31:16.539121,huobi,177.4419,177.4765,1.593,3.68
2025-07-25T07:31:16.635980,huobi,177.4419,177.472,1.593,3.68
2025-07-25T07:31:16.835600,huobi,177.4419,177.4516,1.593,1.565
2025-07-25T07:31:16.936483,huobi,177.4479,177.472,1.522,3.68
2025-07-25T07:31:17.255301,bitrue,177.41,177.45,128.93,125.793
2025-07-25T07:31:17.258612,huobi,177.4479,177.4602,1.522,1.56
2025-07-25T07:31:17.744601,huobi,177.4539,177.4987,1.511,5.13
2025-07-25T07:31:17.840139,huobi,177.4539,177.4959,1.511,3.68
2025-07-25T07:31:17.939041,huobi,177.4648,177.4959,1.464,3.68
2025-07-25T07:31:18.037563,huobi,177.4717,177.4772,1.565,1.559
2025-07-25T07:31:18.137502,huobi,177.4717,177.4959,1.565,3.68
2025-07-25T07:31:18.236499,huobi,177.4767,177.5056,1.546,5.13
2025-07-25T07:31:18.305171,bitrue,177.41,177.45,128.93,125.793
2025-07-25T07:31:18.337673,huobi,177.4812,177.505,1.442,5.13
2025-07-25T07:31:18.438622,huobi,177.4363,177.4777,5.527,1.595
2025-07-25T07:31:18.539490,huobi,177.4367,177.4868,5.13,3.68
2025-07-25T07:31:18.636529,huobi,177.4367,177.5,5.13,3.68
2025-07-25T07:31:18.738895,huobi,177.4736,177.4827,1.566,1.485
2025-07-25T07:31:19.237891,huobi,177.4787,177.5,1.541,3.68
2025-07-25T07:31:19.337143,huobi,177.4787,177.5093,1.541,5.527
2025-07-25T07:31:19.353461,bitrue,177.44,177.48,111.857,114.23
2025-07-25T07:31:19.439363,huobi,177.4787,177.5021,1.541,3.68
2025-07-25T07:31:19.536499,huobi,177.4787,177.4873,1.541,1.598
2025-07-25T07:31:20.435952,huobi,177.4367,177.4827,5.13,1.518
2025-07-25T07:31:20.534961,huobi,177.4367,177.4753,5.13,1.469
2025-07-25T07:31:20.736925,huobi,177.4733,177.4995,1.59,3.68
2025-07-25T07:31:20.935888,huobi,177.4367,177.492,5.13,3.68
2025-07-25T07:31:21.037366,huobi,177.4273,177.4983,5.13,3.68
2025-07-25T07:31:21.138514,huobi,177.4273,177.4804,5.13,3.68
2025-07-25T07:31:21.237426,huobi,177.4182,177.4643,5.13,1.53
2025-07-25T07:31:21.338266,huobi,177.4576,177.4642,1.451,6.43
2025-07-25T07:31:21.635549,huobi,177.4576,177.4643,1.451,1.53
2025-07-25T07:31:21.738381,huobi,177.4714,177.4983,1.561,3.68
2025-07-25T07:31:21.837388,huobi,177.4761,177.505,1.446,3.68
2025-07-25T07:31:21.936060,huobi,177.4761,177.4967,1.446,3.68
2025-07-25T07:31:22.039186,huobi,177.4761,177.4846,1.446,1.461
2025-07-25T07:31:22.136342,huobi,177.4303,177.4802,5.13,1.521
2025-07-25T07:31:22.235505,huobi,177.4303,177.474,5.13,1.566
2025-07-25T07:31:22.339625,huobi,177.4303,177.4798,5.13,1.461
2025-07-25T07:31:22.496635,bitrue,177.43,177.48,46.64,114.23
2025-07-25T07:31:22.535932,huobi,177.4706,177.4798,1.477,1.461
2025-07-25T07:31:23.339562,huobi,177.4797,177.5197,1.512,3.68
2025-07-25T07:31:23.537533,huobi,177.4853,177.4954,1.585,1.446
2025-07-25T07:31:23.845052,huobi,177.4303,177.489,5.13,1.481
2025-07-25T07:31:23.941571,huobi,177.4303,177.4832,5.13,1.522
2025-07-25T07:31:24.143005,huobi,177.4776,177.4832,1.485,1.522
2025-07-25T07:31:24.339490,huobi,177.4212,177.4779,0.169,1.502
2025-07-25T07:31:24.438282,huobi,177.4215,177.477,5.13,5.13
2025-07-25T07:31:24.538182,huobi,177.4215,177.4769,5.13,3.68
2025-07-25T07:31:24.638840,huobi,177.4676,177.4779,1.574,1.502
2025-07-25T07:31:25.037209,huobi,177.4676,177.4775,1.574,5.13
2025-07-25T07:31:25.341595,huobi,177.4044,177.4468,5.13,1.501
2025-07-25T07:31:25.537435,huobi,177.4499,177.4779,1.598,3.68
2025-07-25T07:31:25.637076,huobi,177.4445,177.4651,1.459,3.68
2025-07-25T07:31:25.737231,huobi,177.4223,177.4589,5.13,1.547
2025-07-25T07:31:25.835561,huobi,177.4499,177.4589,1.476,1.547
2025-07-25T07:31:26.337337,huobi,177.4603,177.4761,1.515,0.169
2025-07-25T07:31:26.435927,huobi,177.4649,177.4843,1.517,3.68
2025-07-25T07:31:26.536466,huobi,177.4649,177.4841,1.517,5.13
2025-07-25T07:31:26.638068,huobi,177.4649,177.4712,1.517,1.517
2025-07-25T07:31:26.678111,bitrue,177.41,177.44,128.93,97.88
2025-07-25T07:31:26.836073,huobi,177.4649,177.4684,1.517,5.13
2025-07-25T07:31:26.940461,huobi,177.4649,177.4676,1.517,5.13
2025-07-25T07:31:27.039924,huobi,177.4045,177.4575,5.13,1.483
2025-07-25T07:31:27.235259,huobi,177.4476,177.4575,1.51,1.483
2025-07-25T07:31:27.541224,huobi,177.4669,177.5038,1.467,3.68
2025-07-25T07:31:27.637289,huobi,177.4719,177.5038,1.469,3.68
2025-07-25T07:31:27.729560,bitrue,177.41,177.48,128.93,114.23
2025-07-25T07:31:27.738663,huobi,177.4719,177.4969,1.469,3.68
2025-07-25T07:31:27.837869,huobi,177.4719,177.4811,1.469,1.557
2025-07-25T07:31:28.783044,bitrue,177.44,177.48,106.559,114.23
2025-07-25T07:31:29.336041,huobi,177.4787,177.4959,1.447,3.68
2025-07-25T07:31:29.440010,huobi,177.4434,177.4959,5.13,3.68
2025-07-25T07:31:29.636708,huobi,177.4434,177.4811,5.13,1.514
2025-07-25T07:31:29.735179,huobi,177.4728,177.4811,1.497,1.514
2025-07-25T07:31:29.827383,bitrue,177.44,177.48,106.559,114.23
2025-07-25T07:31:30.438326,huobi,177.4775,177.4959,1.446,3.68
2025-07-25T07:31:30.739633,huobi,177.4434,177.4811,5.13,1.576
2025-07-25T07:31:30.836217,huobi,177.4434,177.4753,5.13,1.529
2025-07-25T07:31:31.036106,huobi,177.441,177.4753,0.169,1.529
2025-07-25T07:31:31.140357,huobi,177.4671,177.4753,1.523,1.529
2025-07-25T07:31:32.035163,huobi,177.4727,177.4959,1.569,3.68
2025-07-25T07:31:32.237592,huobi,177.4727,177.4797,1.569,1.45
2025-07-25T07:31:32.736813,huobi,177.441,177.4767,0.169,5.13
2025-07-25T07:31:33.038109,huobi,177.4663,177.4797,1.528,1.45
2025-07-25T07:31:33.336390,huobi,177.473,177.4797,1.518,1.45
2025-07-25T07:31:33.538539,huobi,177.473,177.4791,1.518,5.13
2025-07-25T07:31:33.637949,huobi,177.3995,177.4524,5.13,5.13
2025-07-25T07:31:33.737416,huobi,177.3995,177.4536,5.13,1.567
2025-07-25T07:31:33.941094,huobi,177.4487,177.4536,1.454,1.567
2025-07-25T07:31:34.041336,huobi,177.3995,177.473,5.13,3.68
2025-07-25T07:31:34.138856,huobi,177.4599,177.5138,5.13,3.68
2025-07-25T07:31:35.333003,huobi,177.46,177.5083,5.734,3.68
2025-07-25T07:31:35.333074,huobi,177.4834,177.4931,1.569,1.5
2025-07-25T07:31:35.333179,huobi,177.4883,177.5186,1.464,3.68
2025-07-25T07:31:35.333229,huobi,177.5007,177.5186,1.591,3.68
2025-07-25T07:31:35.333278,huobi,177.5007,177.5212,1.591,5.527
2025-07-25T07:31:35.333311,huobi,177.5065,177.5212,1.474,5.527
2025-07-25T07:31:35.333360,huobi,177.5065,177.515,1.474,1.458
2025-07-25T07:31:35.333683,bitrue,177.45,177.5,107.11,106.898
2025-07-25T07:31:35.638025,huobi,177.4729,177.5238,5.13,0.169
2025-07-25T07:31:35.737977,huobi,177.5183,177.5501,1.59,3.68
2025-07-25T07:31:35.936718,huobi,177.5183,177.5294,1.59,1.56
2025-07-25T07:31:36.036949,huobi,177.4793,177.5239,3.68,1.535
2025-07-25T07:31:36.135559,huobi,177.4795,177.5239,5.13,1.535
2025-07-25T07:31:36.336135,huobi,177.5127,177.5239,1.523,1.535
2025-07-25T07:31:36.437384,huobi,177.5243,177.5501,1.553,3.68
2025-07-25T07:31:36.536015,huobi,177.5297,177.5501,1.587,3.68
2025-07-25T07:31:36.638505,huobi,177.5297,177.5399,1.587,5.13
2025-07-25T07:31:36.735922,huobi,177.5297,177.5365,1.587,5.13
2025-07-25T07:31:37.035518,huobi,177.5297,177.5368,1.587,1.538
2025-07-25T07:31:37.140270,huobi,177.4815,177.5315,5.13,5.13
2025-07-25T07:31:37.144168,bitrue,177.48,177.52,94.124,94.757
2025-07-25T07:31:37.242434,huobi,177.4992,177.5551,5.13,1.5
2025-07-25T07:31:37.340523,huobi,177.517,177.5551,5.13,1.5
2025-07-25T07:31:37.478099,huobi,177.555,177.5551,1.581,1.5
2025-07-25T07:31:37.539309,huobi,177.555,177.5551,6.711,1.5
2025-07-25T07:31:37.641527,huobi,177.5556,177.5557,6.614,1.5
2025-07-25T07:31:38.042396,huobi,177.5556,177.5557,1.484,1.5
2025-07-25T07:31:38.189631,bitrue,177.51,177.54,110.281,93.276
2025-07-25T07:31:38.636081,huobi,177.5556,177.5557,6.614,1.5
2025-07-25T07:31:39.234659,bitrue,177.54,177.59,130.206,116.092
2025-07-25T07:31:40.039040,huobi,177.5847,177.5931,1.498,3.0
2025-07-25T07:31:40.236920,huobi,177.5892,177.5931,1.592,3.0
2025-07-25T07:31:40.539733,huobi,177.593,177.5931,1.594,3.0
2025-07-25T07:31:40.653281,huobi,177.593,177.5931,6.724,2.862
2025-07-25T07:31:40.738002,huobi,177.593,177.5931,10.404,2.862
2025-07-25T07:31:41.036417,huobi,177.593,177.6084,10.404,0.169
2025-07-25T07:31:41.137101,huobi,177.6322,177.6412,1.544,1.521
2025-07-25T07:31:41.237141,huobi,177.6322,177.6412,1.544,0.6072446324388712
2025-07-25T07:31:41.332967,bitrue,177.57,177.63,94.452,100.822
2025-07-25T07:31:41.736750,huobi,177.6322,177.641,1.544,5.13
2025-07-25T07:31:42.037166,huobi,177.6322,177.6412,1.544,0.6072446324388712
2025-07-25T07:31:42.338343,huobi,177.6369,177.663,1.598,3.68
2025-07-25T07:31:42.380990,bitrue,177.6,177.63,121.877,100.822
2025-07-25T07:31:42.636386,huobi,177.6369,177.6459,1.598,1.556
2025-07-25T07:31:43.038564,huobi,177.6374,177.6459,5.13,1.556
2025-07-25T07:31:43.137091,huobi,177.6458,177.668,1.59,3.0
2025-07-25T07:31:43.236056,huobi,177.6508,177.668,1.444,3.0
2025-07-25T07:31:43.335396,huobi,177.6508,177.6631,1.444,1.552
2025-07-25T07:31:43.440029,huobi,177.6574,177.668,1.519,3.0
2025-07-25T07:31:43.736392,huobi,177.6632,177.668,1.581,3.0
2025-07-25T07:31:43.838879,huobi,177.6632,177.667,1.581,5.13
2025-07-25T07:31:43.937335,huobi,177.6068,177.6612,5.13,3.68
2025-07-25T07:31:44.140674,huobi,177.5994,177.6567,0.169,3.68
2025-07-25T07:31:44.238620,huobi,177.6347,177.6523,1.476,3.68
2025-07-25T07:31:44.340046,huobi,177.6347,177.6437,1.476,1.521
2025-07-25T07:31:44.442923,huobi,177.6347,177.6426,1.476,3.68
2025-07-25T07:31:44.477962,bitrue,177.63,177.66,96.735,93.756
2025-07-25T07:31:44.587358,huobi,177.57,177.6323,5.13,3.68
2025-07-25T07:31:44.635582,huobi,177.5879,177.6367,5.13,1.477
2025-07-25T07:31:44.742717,huobi,177.6308,177.668,1.589,3.0
2025-07-25T07:31:44.839483,huobi,177.6425,177.663,1.492,3.68
2025-07-25T07:31:44.936577,huobi,177.6425,177.6597,1.492,3.68
2025-07-25T07:31:45.039418,huobi,177.6425,177.6492,1.492,1.562
2025-07-25T07:31:45.136321,huobi,177.6146,177.668,5.13,3.0
2025-07-25T07:31:45.239977,huobi,177.6494,177.668,1.568,3.0
2025-07-25T07:31:45.335675,huobi,177.6494,177.6677,1.568,5.13
2025-07-25T07:31:45.437440,huobi,177.6494,177.6542,1.568,1.453
2025-07-25T07:31:45.526556,bitrue,177.6,177.63,121.877,118.578
2025-07-25T07:31:45.740146,huobi,177.6231,177.6668,0.169,3.68
2025-07-25T07:31:45.836970,huobi,177.6554,177.668,1.562,3.0
2025-07-25T07:31:45.935620,huobi,177.6679,177.668,1.542,3.0
2025-07-25T07:31:46.439697,huobi,177.614,177.6677,5.13,5.13
2025-07-25T07:31:46.536314,huobi,177.614,177.664,5.13,1.569
2025-07-25T07:31:46.571093,bitrue,177.63,177.66,112.456,93.756
2025-07-25T07:31:46.737549,huobi,177.6597,177.668,1.596,3.0
2025-07-25T07:31:47.042998,huobi,177.6597,177.6679,1.596,5.13
2025-07-25T07:31:47.136827,huobi,177.6137,177.6674,5.527,3.68
2025-07-25T07:31:47.236049,huobi,177.6141,177.6582,5.13,1.458
2025-07-25T07:31:47.440310,huobi,177.646,177.6525,1.499,3.68
2025-07-25T07:31:47.537491,huobi,177.646,177.6523,1.499,5.13
2025-07-25T07:31:47.636681,huobi,177.646,177.6494,1.499,3.68
2025-07-25T07:31:47.840318,huobi,177.6493,177.6679,1.455,5.13
2025-07-25T07:31:48.035515,huobi,177.6493,177.6585,1.455,5.13
2025-07-25T07:31:48.539559,huobi,177.6052,177.6493,5.715,1.474
2025-07-25T07:31:48.637081,huobi,177.5938,177.6455,0.169,3.68
2025-07-25T07:31:48.665995,bitrue,177.6,177.66,121.877,93.756
2025-07-25T07:31:48.739618,huobi,177.5938,177.6342,0.169,5.13
2025-07-25T07:31:48.838406,huobi,177.6067,177.6154,1.59,1.561
2025-07-25T07:31:49.036530,huobi,177.6067,177.6153,1.59,5.13
2025-07-25T07:31:49.136671,huobi,177.5535,177.6104,5.13,5.13
2025-07-25T07:31:49.339563,huobi,177.5988,177.6104,1.578,5.13
2025-07-25T07:31:49.637322,huobi,177.5988,177.6106,1.578,1.467
2025-07-25T07:31:49.717573,bitrue,177.57,177.61,120.057,114.391
2025-07-25T07:31:50.040510,huobi,177.6036,177.6255,1.441,5.13
2025-07-25T07:31:50.236828,huobi,177.6036,177.614,1.441,1.453
2025-07-25T07:31:50.336519,huobi,177.6036,177.6136,1.441,5.13
2025-07-25T07:31:50.738151,huobi,177.6392,177.6829,5.13,3.68
2025-07-25T07:31:50.837447,huobi,177.6481,177.6785,1.556,3.68
2025-07-25T07:31:50.937026,huobi,177.6481,177.6581,1.556,1.481
2025-07-25T07:31:51.139185,huobi,177.6597,177.6879,1.516,3.0
2025-07-25T07:31:51.337174,huobi,177.6659,177.6879,1.537,3.0
2025-07-25T07:31:51.435538,huobi,177.6659,177.6747,1.537,1.478
2025-07-25T07:31:51.864034,bitrue,177.61,177.65,126.804,122.538
2025-07-25T07:31:52.839085,huobi,177.6659,177.6747,1.537,6.608
2025-07-25T07:31:52.911327,bitrue,177.61,177.66,126.804,126.186
2025-07-25T07:31:52.936746,huobi,177.6659,177.6744,1.537,5.13
2025-07-25T07:31:53.034958,huobi,177.6659,177.6747,1.537,1.478
2025-07-25T07:31:54.739379,huobi,177.6087,177.6616,5.13,5.13
2025-07-25T07:31:54.843597,huobi,177.5852,177.6474,5.13,1.463
2025-07-25T07:31:54.937972,huobi,177.5966,177.6474,5.13,1.463
2025-07-25T07:31:55.037973,huobi,177.6346,177.6473,1.578,5.13
2025-07-25T07:31:55.337090,huobi,177.6346,177.6402,1.578,5.13
2025-07-25T07:31:55.438990,huobi,177.5642,177.6203,5.13,1.563
2025-07-25T07:31:55.537307,huobi,177.5642,177.6186,5.13,5.13
2025-07-25T07:31:55.638991,huobi,177.6067,177.6155,1.443,5.13
2025-07-25T07:31:55.738206,huobi,177.5385,177.5971,3.68,5.13
2025-07-25T07:31:55.839196,huobi,177.5357,177.5836,5.13,1.517
2025-07-25T07:31:55.935334,huobi,177.5721,177.5895,1.573,5.13
2025-07-25T07:31:56.038059,huobi,177.5288,177.5828,3.0,5.13
2025-07-25T07:31:56.048143,bitrue,177.57,177.6,108.965,110.413
2025-07-25T07:31:56.138710,huobi,177.5288,177.5646,3.0,1.456
2025-07-25T07:31:56.236381,huobi,177.5297,177.5646,5.13,1.456
2025-07-25T07:31:56.336285,huobi,177.556,177.5646,1.535,1.456
2025-07-25T07:31:56.840545,huobi,177.561,177.5827,1.483,0.169
2025-07-25T07:31:57.037114,huobi,177.5657,177.5936,1.481,3.68
2025-07-25T07:31:57.092722,bitrue,177.52,177.57,113.884,90.11
2025-07-25T07:31:57.136873,huobi,177.5657,177.6153,1.481,5.13
2025-07-25T07:31:57.236044,huobi,177.5657,177.577,1.481,1.592
2025-07-25T07:31:59.435465,huobi,177.566,177.577,5.13,1.592
2025-07-25T07:32:00.050849,huobi,177.566,177.577,5.13,1.592
2025-07-25T07:32:00.139485,huobi,177.5657,177.5769,1.481,5.13
2025-07-25T07:32:00.239687,huobi,177.5657,177.577,1.481,1.592
2025-07-25T07:32:00.635969,huobi,177.566,177.577,5.13,1.592
2025-07-25T07:32:00.738326,huobi,177.5703,177.6025,1.575,3.68
2025-07-25T07:32:00.839863,huobi,177.5706,177.6372,5.13,3.68
2025-07-25T07:32:00.939924,huobi,177.6006,177.6269,1.491,3.68
2025-07-25T07:32:01.137014,huobi,177.6006,177.6107,1.491,1.443
2025-07-25T07:32:01.235350,huobi,177.6124,177.6269,1.473,3.68
2025-07-25T07:32:01.364469,huobi,177.6325,177.6475,1.525,3.68
2025-07-25T07:32:01.535950,huobi,177.6325,177.6413,1.525,1.594
2025-07-25T07:32:01.737779,huobi,177.5762,177.6333,5.13,3.68
2025-07-25T07:32:02.033751,huobi,177.6273,177.6333,1.511,3.68
2025-07-25T07:32:02.137536,huobi,177.6273,177.6427,1.511,5.527
2025-07-25T07:32:02.235113,huobi,177.6273,177.6515,1.511,3.0
2025-07-25T07:32:02.337249,bitrue,177.59,177.62,95.506,129.792
2025-07-25T07:32:02.437305,huobi,177.6273,177.6363,1.511,1.521
2025-07-25T07:32:03.338492,huobi,177.5947,177.6362,0.169,5.13
2025-07-25T07:32:03.388720,bitrue,177.59,177.62,95.506,129.792
2025-07-25T07:32:03.437683,huobi,177.5635,177.6234,5.13,3.68
2025-07-25T07:32:03.537349,huobi,177.5635,177.6135,5.13,5.13
2025-07-25T07:32:03.641622,huobi,177.5953,177.5954,1.581,5.13
2025-07-25T07:32:03.738811,huobi,177.5869,177.5916,1.588,3.68
2025-07-25T07:32:03.838751,huobi,177.5554,177.5859,0.169,3.68
2025-07-25T07:32:03.937640,huobi,177.5554,177.5768,0.169,1.55
2025-07-25T07:32:04.139621,huobi,177.5678,177.5768,1.496,1.55
2025-07-25T07:32:04.338323,huobi,177.5554,177.567,0.169,5.13
2025-07-25T07:32:04.430075,bitrue,177.53,177.59,118.33,97.026
2025-07-25T07:32:04.454745,huobi,177.5554,177.5658,0.169,3.68
2025-07-25T07:32:04.538538,huobi,177.5477,177.5577,1.5,5.13
2025-07-25T07:32:04.638951,huobi,177.4909,177.5301,3.0,5.13
2025-07-25T07:32:04.741317,huobi,177.4909,177.5033,3.0,1.524
2025-07-25T07:32:04.845479,huobi,177.4909,177.4988,3.0,1.591
2025-07-25T07:32:04.938914,huobi,177.4909,177.4976,3.0,5.13
2025-07-25T07:32:05.239742,huobi,177.4909,177.4988,3.0,1.591
2025-07-25T07:32:05.476729,bitrue,177.48,177.51,134.595,128.175
2025-07-25T07:32:06.137820,huobi,177.4909,177.5381,3.0,3.68
2025-07-25T07:32:06.237045,huobi,177.4909,177.5085,3.0,5.13
2025-07-25T07:32:06.337055,huobi,177.4909,177.4955,3.0,5.13
2025-07-25T07:32:06.439169,huobi,177.4909,177.491,3.0,1.599
2025-07-25T07:32:06.527049,bitrue,177.45,177.48,107.11,96.436
2025-07-25T07:32:06.938100,huobi,177.4909,177.491,3.0,6.729
2025-07-25T07:32:07.435380,huobi,177.4909,177.491,3.0,1.599
2025-07-25T07:32:07.576409,bitrue,177.42,177.48,113.67,96.436
2025-07-25T07:32:07.735049,huobi,177.4909,177.491,3.0,6.729
2025-07-25T07:32:08.540595,huobi,177.4813,177.4814,27.88,1.481
2025-07-25T07:32:09.035400,huobi,177.4747,177.4814,1.534,1.481
2025-07-25T07:32:09.738121,huobi,177.492,177.5325,1.502,0.169
2025-07-25T07:32:09.835659,huobi,177.5035,177.534,1.52,5.13
2025-07-25T07:32:09.935106,huobi,177.5035,177.5122,1.52,1.53
2025-07-25T07:32:10.139354,huobi,177.468,177.5078,5.13,1.566
2025-07-25T07:32:10.337343,huobi,177.5035,177.5291,1.582,5.13
2025-07-25T07:32:10.437694,huobi,177.468,177.5286,5.13,5.13
2025-07-25T07:32:10.534768,huobi,177.468,177.5126,5.13,1.559
2025-07-25T07:32:10.636812,huobi,177.5035,177.5126,1.572,1.559
2025-07-25T07:32:10.719201,bitrue,177.46,177.49,93.252,124.19
2025-07-25T07:32:10.839276,huobi,177.468,177.5078,5.13,1.542
2025-07-25T07:32:11.036876,huobi,177.4496,177.5023,5.13,3.68
2025-07-25T07:32:11.137880,huobi,177.4496,177.4974,5.13,3.68
2025-07-25T07:32:11.236312,huobi,177.4496,177.4961,5.13,3.68
2025-07-25T07:32:11.342361,huobi,177.4213,177.4735,5.13,1.555
2025-07-25T07:32:11.535954,huobi,177.4592,177.468,1.588,1.508
2025-07-25T07:32:11.765378,bitrue,177.46,177.49,93.252,124.19
2025-07-25T07:32:12.035677,huobi,177.4592,177.4674,1.588,5.13
2025-07-25T07:32:12.140808,huobi,177.4291,177.4469,3.0,1.593
2025-07-25T07:32:12.342884,huobi,177.4291,177.4323,3.0,5.13
2025-07-25T07:32:12.440440,huobi,177.4291,177.4292,3.0,6.623
2025-07-25T07:32:12.642304,huobi,177.4123,177.4124,3.0,5.13
2025-07-25T07:32:12.740079,huobi,177.4123,177.4124,3.0,6.676
2025-07-25T07:32:12.809825,bitrue,177.42,177.46,113.67,124.034
2025-07-25T07:32:13.038499,huobi,177.4123,177.4124,0.022,10.356
2025-07-25T07:32:13.138698,huobi,177.4123,177.4124,0.022,16.206
2025-07-25T07:32:13.854870,bitrue,177.32,177.35,107.545,117.719
2025-07-25T07:32:13.940856,huobi,177.2734,177.3191,3.68,1.46
2025-07-25T07:32:14.039769,huobi,177.259,177.3067,5.13,1.532
2025-07-25T07:32:14.138337,huobi,177.2625,177.3172,5.13,3.68
2025-07-25T07:32:14.237388,huobi,177.2988,177.3157,1.464,5.13
2025-07-25T07:32:14.438165,huobi,177.2988,177.307,1.464,5.13
2025-07-25T07:32:14.536617,huobi,177.2466,177.2841,5.13,1.524
2025-07-25T07:32:14.638395,huobi,177.2658,177.3275,5.13,3.68
2025-07-25T07:32:14.739069,huobi,177.2836,177.3757,5.13,5.13
2025-07-25T07:32:14.841440,huobi,177.2836,177.3387,5.13,1.457
2025-07-25T07:32:14.908516,bitrue,177.26,177.29,121.351,116.599
2025-07-25T07:32:14.939562,huobi,177.2886,177.3451,3.68,5.13
2025-07-25T07:32:15.036663,huobi,177.276,177.3451,3.68,5.13
2025-07-25T07:32:15.136125,huobi,177.3222,177.3312,1.533,1.551
2025-07-25T07:32:15.237868,huobi,177.2766,177.3305,5.13,5.13
2025-07-25T07:32:15.436056,huobi,177.3222,177.3312,1.475,1.551
2025-07-25T07:32:15.638459,huobi,177.3222,177.3311,1.475,5.13
2025-07-25T07:32:15.739027,huobi,177.2534,177.3068,5.527,1.512
2025-07-25T07:32:15.841563,huobi,177.2534,177.3014,5.527,5.13
2025-07-25T07:32:15.937776,huobi,177.2235,177.3014,5.13,5.13
2025-07-25T07:32:15.959069,bitrue,177.27,177.32,127.326,117.018
2025-07-25T07:32:16.037119,huobi,177.2309,177.2879,3.68,1.485
2025-07-25T07:32:16.135417,huobi,177.234,177.2877,5.13,5.13
2025-07-25T07:32:16.235556,huobi,177.2402,177.2879,5.13,1.485
2025-07-25T07:32:16.336581,huobi,177.2818,177.3244,1.458,0.169
2025-07-25T07:32:16.437758,huobi,177.2405,177.3075,3.68,3.68
2025-07-25T07:32:16.538738,huobi,177.2753,177.3314,5.13,3.68
2025-07-25T07:32:16.736734,huobi,177.3238,177.3342,1.462,1.539
2025-07-25T07:32:16.839028,huobi,177.3238,177.3582,1.462,3.68
2025-07-25T07:32:16.937067,huobi,177.3238,177.3533,1.462,5.13
2025-07-25T07:32:17.006596,bitrue,177.28,177.32,125.482,108.713
2025-07-25T07:32:17.036837,huobi,177.3238,177.3357,1.462,1.482
2025-07-25T07:32:17.137121,huobi,177.3369,177.3679,1.483,3.68
2025-07-25T07:32:17.237075,huobi,177.3479,177.3677,1.586,5.13
2025-07-25T07:32:17.338343,huobi,177.3479,177.3662,1.586,3.68
2025-07-25T07:32:17.434666,huobi,177.3479,177.3565,1.586,1.557
2025-07-25T07:32:17.636936,huobi,177.3616,177.3768,1.514,3.68
2025-07-25T07:32:17.741585,huobi,177.3616,177.3822,1.514,3.68
2025-07-25T07:32:17.937396,huobi,177.2844,177.3426,5.13,5.13
2025-07-25T07:32:18.038662,huobi,177.2844,177.3398,5.13,3.68
2025-07-25T07:32:18.055490,bitrue,177.28,177.33,125.482,128.561
2025-07-25T07:32:18.140191,huobi,177.3218,177.3773,5.13,3.68
2025-07-25T07:32:18.238636,huobi,177.3575,177.3934,5.13,4.0
2025-07-25T07:32:18.348575,huobi,177.3868,177.3934,1.519,4.0
2025-07-25T07:32:18.438228,huobi,177.365,177.3934,5.13,4.0
2025-07-25T07:32:18.540982,huobi,177.3794,177.3934,5.13,4.0
2025-07-25T07:32:18.638819,huobi,177.3933,177.4285,5.13,1.584
2025-07-25T07:32:18.741678,huobi,177.4223,177.4462,1.539,5.13
2025-07-25T07:32:18.838398,huobi,177.4223,177.4391,1.539,5.13
2025-07-25T07:32:18.938984,huobi,177.4223,177.4285,1.539,1.505
2025-07-25T07:32:19.107317,bitrue,177.32,177.37,128.639,95.505
2025-07-25T07:32:19.137979,huobi,177.4223,177.4283,1.539,5.13
2025-07-25T07:32:19.736753,huobi,177.3987,177.4283,0.169,5.13
2025-07-25T07:32:19.838180,huobi,177.3655,177.4134,5.13,3.68
2025-07-25T07:32:19.938185,huobi,177.3655,177.4133,5.13,7.597
2025-07-25T07:32:20.136465,huobi,177.4016,177.4133,1.579,7.597
2025-07-25T07:32:20.153835,bitrue,177.38,177.41,125.807,96.659
2025-07-25T07:32:20.241093,huobi,177.4134,177.4249,1.452,0.169
2025-07-25T07:32:20.339047,huobi,177.4227,177.4312,1.444,5.13
2025-07-25T07:32:20.438877,huobi,177.4227,177.4433,1.444,5.13
2025-07-25T07:32:20.537774,huobi,177.4227,177.4318,1.444,1.446
2025-07-25T07:32:21.201010,bitrue,177.36,177.41,134.079,96.659
2025-07-25T07:32:21.341225,huobi,177.4227,177.4317,1.444,5.13
2025-07-25T07:32:21.437993,huobi,177.3716,177.4243,5.13,3.68
2025-07-25T07:32:21.738825,huobi,177.4207,177.4271,1.458,1.494
2025-07-25T07:32:21.839058,huobi,177.4257,177.491,5.13,3.68
2025-07-25T07:32:21.938822,huobi,177.4257,177.4866,5.13,3.68
2025-07-25T07:32:22.036372,huobi,177.4257,177.4753,5.13,1.535
2025-07-25T07:32:22.137290,huobi,177.4257,177.4708,5.13,1.588
2025-07-25T07:32:22.239760,huobi,177.3766,177.4657,3.68,3.68
2025-07-25T07:32:22.249753,bitrue,177.36,177.45,134.079,128.661
2025-07-25T07:32:22.338619,huobi,177.4171,177.4663,5.567,1.482
2025-07-25T07:32:22.437748,huobi,177.4204,177.4663,5.13,1.482
2025-07-25T07:32:22.535090,huobi,177.4582,177.4663,1.454,1.482
2025-07-25T07:32:22.637595,huobi,177.4748,177.4838,1.539,0.169
2025-07-25T07:32:22.736307,huobi,177.4748,177.5027,1.539,5.13
2025-07-25T07:32:22.838891,huobi,177.4748,177.4818,1.539,1.594
2025-07-25T07:32:22.939984,huobi,177.4748,177.4988,1.539,5.13
2025-07-25T07:32:23.238071,huobi,177.4748,177.4856,1.539,1.524
2025-07-25T07:32:23.298285,bitrue,177.41,177.45,118.756,128.661
2025-07-25T07:32:23.638976,huobi,177.4513,177.4749,0.169,5.13
2025-07-25T07:32:23.740010,huobi,177.417,177.4708,5.13,3.68
2025-07-25T07:32:23.837763,huobi,177.4362,177.5066,5.13,3.0
2025-07-25T07:32:23.939934,huobi,177.487,177.5066,1.581,3.0
2025-07-25T07:32:24.037865,huobi,177.4925,177.5066,1.509,3.0
2025-07-25T07:32:24.139774,huobi,177.5065,177.5066,1.444,3.0
2025-07-25T07:32:24.354189,bitrue,177.47,177.51,114.516,128.175
2025-07-25T07:32:24.874417,huobi,177.417,177.4986,5.13,1.523
2025-07-25T07:32:24.939669,huobi,177.4483,177.4963,5.13,3.68
2025-07-25T07:32:25.038501,huobi,177.4483,177.496,5.13,3.68
2025-07-25T07:32:25.138746,huobi,177.4822,177.4898,1.571,3.68
2025-07-25T07:32:25.239376,huobi,177.4305,177.4787,5.13,3.68
2025-07-25T07:32:25.401476,bitrue,177.44,177.49,129.606,110.49
2025-07-25T07:32:25.437922,huobi,177.4675,177.4757,1.537,3.68
2025-07-25T07:32:25.538938,huobi,177.4083,177.4525,5.13,1.494
2025-07-25T07:32:25.636953,huobi,177.4083,177.4522,5.13,3.68
2025-07-25T07:32:25.741004,huobi,177.4694,177.4932,1.513,3.68
2025-07-25T07:32:25.840015,huobi,177.4749,177.4932,1.542,3.68
2025-07-25T07:32:26.037359,huobi,177.4795,177.4932,1.541,3.68
2025-07-25T07:32:26.136439,huobi,177.4886,177.5066,1.463,3.0
2025-07-25T07:32:26.239060,huobi,177.4949,177.5066,1.504,3.0
2025-07-25T07:32:26.438829,huobi,177.4949,177.5058,1.504,1.552
2025-07-25T07:32:26.448447,bitrue,177.39,177.43,93.384,120.344
2025-07-25T07:32:26.539645,huobi,177.4993,177.5066,1.481,3.0
2025-07-25T07:32:26.635257,huobi,177.5065,177.5066,1.561,3.0
2025-07-25T07:32:27.496455,bitrue,177.44,177.48,120.148,107.14
2025-07-25T07:32:27.738722,huobi,177.5182,177.5421,5.13,0.169
2025-07-25T07:32:27.846524,huobi,177.5462,177.5463,1.585,1.5
2025-07-25T07:32:28.542113,bitrue,177.52,177.56,108.051,132.145
2025-07-25T07:32:29.591864,bitrue,177.52,177.56,108.051,132.145
2025-07-25T07:32:29.638554,huobi,177.4969,177.5414,5.13,5.299
2025-07-25T07:32:29.736733,huobi,177.4841,177.538,5.13,3.68
2025-07-25T07:32:29.836754,huobi,177.4841,177.5315,5.13,1.517
2025-07-25T07:32:29.935874,huobi,177.4731,177.5262,5.13,3.68
2025-07-25T07:32:30.039174,huobi,177.4733,177.5188,5.13,1.447
2025-07-25T07:32:30.135875,huobi,177.4831,177.5392,5.13,3.68
2025-07-25T07:32:30.236519,huobi,177.5324,177.5414,1.586,0.169
2025-07-25T07:32:30.337936,huobi,177.4884,177.5414,5.13,0.169
2025-07-25T07:32:30.434278,huobi,177.4884,177.5358,5.13,1.573
2025-07-25T07:32:30.636397,huobi,177.5267,177.5357,1.487,5.13
2025-07-25T07:32:30.639739,bitrue,177.49,177.52,94.708,91.522
2025-07-25T07:32:30.738129,huobi,177.4788,177.5295,5.13,5.13
2025-07-25T07:32:30.837075,huobi,177.4788,177.5294,5.13,3.68
2025-07-25T07:32:30.936890,huobi,177.4985,177.5414,5.13,0.169
2025-07-25T07:32:31.037421,huobi,177.5413,177.5463,1.475,1.5
2025-07-25T07:32:31.236598,huobi,177.5462,177.5463,6.606,1.5
2025-07-25T07:32:31.442577,huobi,177.5462,177.5794,6.606,0.169
2025-07-25T07:32:31.541159,huobi,177.5844,177.6036,1.572,3.0
2025-07-25T07:32:31.640361,huobi,177.5718,177.6036,5.13,3.0
2025-07-25T07:32:31.689830,bitrue,177.53,177.56,128.565,110.779
2025-07-25T07:32:31.837681,huobi,177.6035,177.6036,1.479,3.0
2025-07-25T07:32:32.341650,huobi,177.5498,177.6,5.527,5.13
2025-07-25T07:32:32.437882,huobi,177.5501,177.5898,5.13,0.169
2025-07-25T07:32:32.636437,huobi,177.5883,177.5898,1.462,0.169
2025-07-25T07:32:32.735947,bitrue,177.57,177.61,127.492,118.237
2025-07-25T07:32:32.739443,huobi,177.5978,177.6036,1.564,3.0
2025-07-25T07:32:33.139758,huobi,177.5501,177.6024,5.13,1.564
2025-07-25T07:32:33.235013,huobi,177.5501,177.6012,5.13,3.68
2025-07-25T07:32:33.434941,huobi,177.5928,177.601,1.477,5.13
2025-07-25T07:32:33.537259,huobi,177.5394,177.5883,5.13,3.68
2025-07-25T07:32:33.637184,huobi,177.5344,177.5747,0.169,1.588
2025-07-25T07:32:33.790710,bitrue,177.56,177.61,124.551,112.987
2025-07-25T07:32:33.835114,huobi,177.5641,177.5725,1.502,3.68
2025-07-25T07:32:34.137197,huobi,177.5641,177.5723,1.502,5.13
2025-07-25T07:32:34.237841,huobi,177.5082,177.5571,5.13,5.13
2025-07-25T07:32:34.340403,huobi,177.5082,177.5478,5.13,1.44
2025-07-25T07:32:34.535937,huobi,177.4874,177.5468,0.169,5.13
2025-07-25T07:32:34.641569,huobi,177.4885,177.5338,5.13,1.484
2025-07-25T07:32:34.736012,huobi,177.4886,177.5338,5.705,1.484
2025-07-25T07:32:34.835397,huobi,177.5272,177.5338,1.469,1.484
2025-07-25T07:32:34.840994,bitrue,177.5,177.53,126.843,98.874
2025-07-25T07:32:35.034950,huobi,177.4952,177.5338,5.13,1.484
2025-07-25T07:32:36.483309,huobi,177.5222,177.5338,1.481,1.484
2025-07-25T07:32:36.483482,huobi,177.5222,177.5286,1.481,1.57
2025-07-25T07:32:36.483704,huobi,177.4807,177.5286,5.13,1.57
2025-07-25T07:32:36.483858,huobi,177.5186,177.5286,1.496,1.57
2025-07-25T07:32:36.484072,bitrue,177.48,177.53,99.311,98.874
2025-07-25T07:32:36.888817,huobi,177.4807,177.5238,5.13,1.557
2025-07-25T07:32:37.035863,huobi,177.5115,177.5238,1.551,1.557
2025-07-25T07:32:37.536151,huobi,177.5165,177.5238,1.469,1.557
2025-07-25T07:32:37.988502,bitrue,177.47,177.53,119.044,98.874
2025-07-25T07:32:38.236944,huobi,177.5215,177.5425,1.516,3.68
2025-07-25T07:32:38.335439,huobi,177.5342,177.5524,1.579,3.68
2025-07-25T07:32:38.536498,huobi,177.5342,177.541,1.579,1.588
2025-07-25T07:32:38.736294,huobi,177.505,177.5642,0.169,3.68
2025-07-25T07:32:38.835571,huobi,177.5508,177.5726,1.566,3.68
2025-07-25T07:32:38.935652,huobi,177.5508,177.5683,1.566,3.68
2025-07-25T07:32:39.034517,huobi,177.5508,177.556,1.566,1.57
2025-07-25T07:32:39.037516,bitrue,177.5,177.53,123.203,98.874
2025-07-25T07:32:39.136529,huobi,177.5619,177.5923,1.468,3.68
2025-07-25T07:32:39.237628,huobi,177.5842,177.5973,1.564,0.169
2025-07-25T07:32:39.337614,huobi,177.5394,177.5973,5.13,0.169
2025-07-25T07:32:39.438193,huobi,177.551,177.5973,5.13,0.169
2025-07-25T07:32:39.537446,huobi,177.5394,177.5932,5.13,3.68
2025-07-25T07:32:39.634644,huobi,177.5803,177.5893,1.487,1.464
2025-07-25T07:32:39.835615,huobi,177.5931,177.5973,1.563,0.169
2025-07-25T07:32:39.938428,huobi,177.5987,177.6036,1.55,3.0
2025-07-25T07:32:40.092657,bitrue,177.54,177.58,131.729,111.416
2025-07-25T07:32:40.241075,huobi,177.6035,177.6036,1.587,3.0
2025-07-25T07:32:40.339699,huobi,177.6035,177.6036,6.717,3.0
2025-07-25T07:32:40.438489,huobi,177.6035,177.6036,1.587,3.0
2025-07-25T07:32:40.835761,huobi,177.575,177.6066,5.13,3.0
2025-07-25T07:32:41.036528,huobi,177.6065,177.6066,1.461,3.0
2025-07-25T07:32:41.136042,huobi,177.5602,177.6058,5.13,5.13
2025-07-25T07:32:41.143567,bitrue,177.55,177.59,92.566,115.561
2025-07-25T07:32:41.236348,huobi,177.5579,177.6033,7.404,3.68
2025-07-25T07:32:41.335568,huobi,177.5579,177.6017,7.404,1.573
2025-07-25T07:32:41.436897,huobi,177.5465,177.5969,0.169,1.537
2025-07-25T07:32:41.538944,huobi,177.5169,177.5735,5.13,3.68
2025-07-25T07:32:41.641135,huobi,177.5346,177.6016,5.13,3.68
2025-07-25T07:32:41.737638,huobi,177.5975,177.6066,1.527,3.0
2025-07-25T07:32:41.837240,huobi,177.5799,177.6066,5.13,3.0
2025-07-25T07:32:42.037892,huobi,177.6065,177.6066,1.516,3.0
2025-07-25T07:32:42.193216,bitrue,177.54,177.6,131.729,190.341
2025-07-25T07:32:43.240165,bitrue,177.58,177.63,90.468,91.496
2025-07-25T07:32:43.338099,huobi,177.6533,177.6668,1.447,3.68
2025-07-25T07:32:43.438436,huobi,177.6533,177.6725,1.447,3.68
2025-07-25T07:32:43.536817,huobi,177.6533,177.6583,1.447,1.519
2025-07-25T07:32:43.635706,huobi,177.6113,177.6583,5.13,1.519
2025-07-25T07:32:43.743120,huobi,177.6293,177.6812,5.13,3.0
2025-07-25T07:32:43.843581,huobi,177.68,177.6812,1.543,3.0
2025-07-25T07:32:44.037395,huobi,177.6481,177.6812,5.13,3.0
2025-07-25T07:32:44.139177,huobi,177.6479,177.6791,5.78,1.599
2025-07-25T07:32:44.239637,huobi,177.6338,177.679,5.13,3.68
2025-07-25T07:32:44.290557,bitrue,177.58,177.63,90.468,91.496
2025-07-25T07:32:44.345207,huobi,177.6337,177.6768,5.685,3.68
2025-07-25T07:32:44.439341,huobi,177.6215,177.6676,5.681,3.68
2025-07-25T07:32:44.536144,huobi,177.6037,177.6579,5.13,1.568
2025-07-25T07:32:44.638187,huobi,177.6037,177.6526,5.13,3.68
2025-07-25T07:32:44.736908,huobi,177.5935,177.6459,5.527,3.68
2025-07-25T07:32:44.837255,huobi,177.6022,177.6378,0.169,1.457
2025-07-25T07:32:44.936983,huobi,177.6022,177.6371,0.169,5.13
2025-07-25T07:32:45.037576,huobi,177.6022,177.6333,0.169,1.552
2025-07-25T07:32:45.238025,huobi,177.6022,177.6322,0.169,5.13
2025-07-25T07:32:45.337003,huobi,177.5799,177.6306,5.13,1.524
2025-07-25T07:32:45.344884,bitrue,177.59,177.64,119.506,127.385
2025-07-25T07:32:45.535625,huobi,177.6243,177.6306,1.6,1.524
2025-07-25T07:32:46.238756,huobi,177.6291,177.6547,1.563,3.68
2025-07-25T07:32:46.438775,huobi,177.6358,177.6448,1.529,1.512
2025-07-25T07:32:46.637078,huobi,177.6408,177.6653,1.597,3.68
2025-07-25T07:32:46.735336,huobi,177.6408,177.6649,1.597,5.13
2025-07-25T07:32:46.882635,huobi,177.6503,177.6574,1.571,1.581
2025-07-25T07:32:47.738263,huobi,177.6503,177.6727,1.571,3.68
2025-07-25T07:32:47.836821,huobi,177.6503,177.6775,1.571,0.169
2025-07-25T07:32:47.935973,huobi,177.6503,177.673,1.571,1.513
2025-07-25T07:32:48.035069,huobi,177.6503,177.6775,1.571,0.169
2025-07-25T07:32:48.136848,huobi,177.6566,177.6775,1.549,0.169
2025-07-25T07:32:48.237442,huobi,177.6616,177.6688,1.524,1.57
2025-07-25T07:32:48.736978,huobi,177.6331,177.6684,5.527,5.13
2025-07-25T07:32:48.838578,huobi,177.6053,177.6636,5.13,5.13
2025-07-25T07:32:48.938601,huobi,177.587,177.642,5.13,3.68
2025-07-25T07:32:49.137317,huobi,177.6345,177.6399,1.587,5.13
2025-07-25T07:32:49.435680,huobi,177.6345,177.6433,1.587,1.516
2025-07-25T07:32:49.534148,bitrue,177.59,177.65,119.506,100.673
2025-07-25T07:32:49.835266,huobi,177.587,177.6424,5.13,3.68
2025-07-25T07:32:50.134610,huobi,177.6343,177.6424,1.463,3.68
2025-07-25T07:32:50.239057,huobi,177.6343,177.641,1.463,3.68
2025-07-25T07:32:50.337622,huobi,177.6343,177.6389,1.463,3.68
2025-07-25T07:32:50.441192,huobi,177.6343,177.6382,1.463,5.13
2025-07-25T07:32:50.538394,huobi,177.57,177.6093,8.09,1.493
2025-07-25T07:32:50.639990,huobi,177.5688,177.6037,0.169,5.13
2025-07-25T07:32:50.737182,huobi,177.5695,177.6274,5.13,3.68
2025-07-25T07:32:50.837464,huobi,177.5964,177.6224,1.506,5.13
2025-07-25T07:32:50.936373,huobi,177.5964,177.6054,1.506,1.484
2025-07-25T07:32:51.535328,huobi,177.5688,177.6053,0.169,5.13
2025-07-25T07:32:51.628151,bitrue,177.57,177.6,109.917,99.396
2025-07-25T07:32:51.637150,huobi,177.5688,177.5864,0.169,1.599
2025-07-25T07:32:51.738929,huobi,177.5688,177.5752,0.169,1.47
2025-07-25T07:32:51.842768,huobi,177.5629,177.563,3.0,1.441
2025-07-25T07:32:52.039054,huobi,177.5629,177.5881,3.0,3.68
2025-07-25T07:32:52.136742,huobi,177.5629,177.5875,3.0,3.68
2025-07-25T07:32:52.236608,huobi,177.5629,177.5674,3.0,1.492
2025-07-25T07:32:52.673029,bitrue,177.53,177.56,127.05,116.261
2025-07-25T07:32:53.142108,huobi,177.5634,177.6007,5.13,0.169
2025-07-25T07:32:53.237881,huobi,177.5835,177.6007,1.571,0.169
2025-07-25T07:32:53.338090,huobi,177.5835,177.6164,1.571,3.68
2025-07-25T07:32:53.435444,huobi,177.5835,177.5929,1.571,1.484
2025-07-25T07:32:53.635969,huobi,177.5674,177.5875,0.169,1.488
2025-07-25T07:32:53.721509,bitrue,177.53,177.6,127.05,99.396
2025-07-25T07:32:53.735686,huobi,177.5674,177.5685,0.169,1.454
2025-07-25T07:32:53.836541,huobi,177.5629,177.5685,3.0,1.454
2025-07-25T07:32:53.937509,huobi,177.5629,177.5633,3.0,5.13
2025-07-25T07:32:54.139641,huobi,177.5629,177.5638,3.0,1.484
2025-07-25T07:32:54.768279,bitrue,177.53,177.56,127.05,124.265
2025-07-25T07:32:54.939509,huobi,177.5629,177.563,3.0,6.713
2025-07-25T07:32:55.813312,bitrue,177.52,177.56,97.686,124.265
2025-07-25T07:32:55.936588,huobi,177.5629,177.563,3.0,1.583
2025-07-25T07:32:56.037711,huobi,177.5629,177.563,3.0,6.713
2025-07-25T07:32:56.335827,huobi,177.5427,177.5428,1.594,5.13
2025-07-25T07:32:56.856985,bitrue,177.5,177.56,123.203,124.265
2025-07-25T07:32:56.950576,huobi,177.4939,177.5345,5.527,5.13
2025-07-25T07:32:57.036648,huobi,177.4828,177.5245,0.169,5.13
2025-07-25T07:32:57.235109,huobi,177.5147,177.5194,1.563,1.509
2025-07-25T07:32:57.537476,huobi,177.5194,177.5489,1.59,3.68
2025-07-25T07:32:57.635503,huobi,177.4842,177.5456,5.13,5.13
2025-07-25T07:32:57.837471,huobi,177.4842,177.5279,5.13,1.447
2025-07-25T07:32:57.900882,bitrue,177.47,177.52,123.354,125.712
2025-07-25T07:32:57.936153,huobi,177.5175,177.5279,1.523,1.447
2025-07-25T07:32:58.035772,huobi,177.5175,177.5479,1.523,3.68
2025-07-25T07:32:58.135641,huobi,177.5239,177.5479,1.554,3.68
2025-07-25T07:32:58.236228,huobi,177.5239,177.5475,1.554,5.13
2025-07-25T07:32:58.439617,huobi,177.5239,177.5322,1.554,1.56
2025-07-25T07:32:58.636610,huobi,177.5239,177.531,1.554,5.13
2025-07-25T07:32:58.944663,huobi,177.4828,177.5127,0.169,5.13
2025-07-25T07:32:58.946623,bitrue,177.47,177.52,123.354,125.712
2025-07-25T07:32:59.036863,huobi,177.4828,177.5205,0.169,5.13
2025-07-25T07:32:59.136297,huobi,177.4828,177.5129,0.169,5.13
2025-07-25T07:32:59.235117,huobi,177.4944,177.5011,1.453,5.13
2025-07-25T07:32:59.336726,huobi,177.4828,177.4965,0.169,5.13
2025-07-25T07:32:59.537340,huobi,177.4884,177.4965,1.556,5.13
2025-07-25T07:32:59.993184,bitrue,177.46,177.49,97.983,108.356
2025-07-25T07:33:00.052292,huobi,177.4884,177.4965,1.556,5.13
2025-07-25T07:33:00.140832,huobi,177.5029,177.5489,1.458,3.68
2025-07-25T07:33:00.238899,huobi,177.5218,177.5484,1.492,5.13
2025-07-25T07:33:00.347464,huobi,177.4828,177.5299,0.169,3.68
2025-07-25T07:33:00.436690,huobi,177.4828,177.5187,0.169,1.523
2025-07-25T07:33:00.536091,huobi,177.5097,177.5187,1.521,1.523
2025-07-25T07:33:00.638689,huobi,177.5097,177.54,1.521,3.68
2025-07-25T07:33:00.738062,huobi,177.4994,177.5538,5.13,5.13
2025-07-25T07:33:00.840349,huobi,177.5132,177.5608,5.13,3.68
2025-07-25T07:33:00.937183,huobi,177.5132,177.5474,5.13,1.465
2025-07-25T07:33:01.039109,bitrue,177.46,177.52,97.983,125.712
2025-07-25T07:33:01.043400,huobi,177.5383,177.5474,1.445,1.465
2025-07-25T07:33:01.140109,huobi,177.5383,177.5419,1.445,3.67
2025-07-25T07:33:01.239614,huobi,177.4853,177.5329,5.13,1.464
2025-07-25T07:33:01.437437,huobi,177.5032,177.5545,5.13,3.68
2025-07-25T07:33:01.536450,huobi,177.539,177.5545,1.594,3.68
2025-07-25T07:33:01.638173,huobi,177.539,177.5595,1.594,5.527
2025-07-25T07:33:01.837459,huobi,177.539,177.5467,1.594,1.495
2025-07-25T07:33:02.083583,bitrue,177.49,177.52,114.677,125.712
2025-07-25T07:33:02.140107,huobi,177.5566,177.6127,5.13,3.68
2025-07-25T07:33:02.342235,huobi,177.5405,177.5844,5.13,1.556
2025-07-25T07:33:02.542232,huobi,177.5427,177.6127,3.68,3.68
2025-07-25T07:33:02.637739,huobi,177.5805,177.6127,1.578,3.68
2025-07-25T07:33:02.736758,huobi,177.5428,177.6127,5.13,3.68
2025-07-25T07:33:02.838151,huobi,177.5354,177.5842,5.527,3.68
2025-07-25T07:33:02.938518,huobi,177.536,177.5842,5.13,3.68
2025-07-25T07:33:03.038764,huobi,177.5234,177.5793,5.13,5.299
2025-07-25T07:33:03.127442,bitrue,177.52,177.56,91.666,124.265
2025-07-25T07:33:03.141054,huobi,177.57,177.5793,1.533,5.299
2025-07-25T07:33:03.237133,huobi,177.57,177.5793,1.533,0.169
2025-07-25T07:33:03.338038,huobi,177.5754,177.6127,1.454,3.68
2025-07-25T07:33:03.437242,huobi,177.5973,177.6205,1.492,8.13
2025-07-25T07:33:03.539606,huobi,177.5234,177.5977,5.13,1.506
2025-07-25T07:33:03.637742,huobi,177.5292,177.5864,5.13,3.68
2025-07-25T07:33:03.839126,huobi,177.5779,177.5864,1.453,3.68
2025-07-25T07:33:04.035978,huobi,177.5292,177.5822,5.13,6.667
2025-07-25T07:33:04.138625,huobi,177.5292,177.582,5.13,3.68
2025-07-25T07:33:04.173215,bitrue,177.52,177.59,91.666,116.593
2025-07-25T07:33:04.239336,huobi,177.518,177.5771,5.13,3.68
2025-07-25T07:33:04.438630,huobi,177.518,177.5666,5.13,3.68
2025-07-25T07:33:04.536948,huobi,177.513,177.5509,5.13,1.526
2025-07-25T07:33:04.836353,huobi,177.5439,177.5509,1.49,1.526
2025-07-25T07:33:05.220404,bitrue,177.51,177.56,95.971,106.16
2025-07-25T07:33:05.237435,huobi,177.4993,177.543,5.13,3.68
2025-07-25T07:33:05.536199,huobi,177.4861,177.5415,5.13,1.593
2025-07-25T07:33:05.642940,huobi,177.4861,177.5342,5.13,3.68
2025-07-25T07:33:05.836918,huobi,177.5262,177.5342,1.551,3.68
2025-07-25T07:33:05.937813,huobi,177.4861,177.5289,5.13,6.588
2025-07-25T07:33:06.039682,huobi,177.4743,177.5278,5.13,3.68
2025-07-25T07:33:06.239528,huobi,177.5316,177.5621,1.519,3.68
2025-07-25T07:33:06.271411,bitrue,177.49,177.53,114.677,90.3
2025-07-25T07:33:06.339695,huobi,177.507,177.5508,5.13,1.555
2025-07-25T07:33:06.537263,huobi,177.5384,177.5508,1.553,1.555
2025-07-25T07:33:06.937031,huobi,177.5384,177.5508,1.553,6.685
2025-07-25T07:33:07.135577,huobi,177.5384,177.5508,1.553,5.13
2025-07-25T07:33:07.237512,huobi,177.4743,177.5397,5.13,1.539
2025-07-25T07:33:07.319297,bitrue,177.5,177.53,100.989,93.414
2025-07-25T07:33:07.339940,huobi,177.4743,177.53,5.13,3.68
2025-07-25T07:33:07.537452,huobi,177.5168,177.53,1.561,3.68
2025-07-25T07:33:07.738202,huobi,177.5168,177.5226,1.561,5.756
2025-07-25T07:33:07.838329,huobi,177.4641,177.5061,3.0,3.68
2025-07-25T07:33:07.938207,huobi,177.4644,177.5015,5.13,1.584
2025-07-25T07:33:08.038155,huobi,177.4984,177.5176,1.571,3.68
2025-07-25T07:33:08.336606,huobi,177.4725,177.5176,5.13,3.68
2025-07-25T07:33:08.361545,bitrue,177.47,177.5,95.537,134.737
2025-07-25T07:33:08.437306,huobi,177.4725,177.5117,5.13,1.477
2025-07-25T07:33:08.538006,huobi,177.4725,177.5326,5.13,3.68
2025-07-25T07:33:17.427737,huobi,177.4725,177.5101,5.13,1.517
2025-07-25T07:33:17.427908,huobi,177.4994,177.5101,1.565,1.517
2025-07-25T07:33:17.428284,huobi,177.507,177.5547,5.13,3.68
2025-07-25T07:33:17.428408,huobi,177.4725,177.5547,5.13,3.68
2025-07-25T07:33:17.428527,huobi,177.4806,177.535,5.13,6.614
2025-07-25T07:33:17.428651,huobi,177.5218,177.535,1.508,6.614
2025-07-25T07:33:17.428740,huobi,177.4806,177.535,5.13,6.614
2025-07-25T07:33:17.428901,huobi,177.5246,177.5547,1.581,3.68
2025-07-25T07:33:17.428974,huobi,177.529,177.5547,1.462,3.68
2025-07-25T07:33:17.429076,huobi,177.5365,177.5547,1.494,3.68
2025-07-25T07:33:17.429177,huobi,177.5436,177.5531,1.448,1.463
2025-07-25T07:33:17.429265,huobi,177.5436,177.5485,1.448,1.585
2025-07-25T07:33:17.429367,huobi,177.4835,177.5428,5.13,1.571
2025-07-25T07:33:17.429480,huobi,177.4835,177.5422,5.13,3.68
2025-07-25T07:33:17.429632,huobi,177.5313,177.5422,1.457,3.68
2025-07-25T07:33:17.429759,huobi,177.5313,177.538,1.457,1.518
2025-07-25T07:33:17.429815,huobi,177.4835,177.5331,5.13,1.474
2025-07-25T07:33:17.429911,huobi,177.4835,177.559,5.13,5.527
2025-07-25T07:33:17.430017,huobi,177.5021,177.5694,3.68,3.68
2025-07-25T07:33:17.430086,huobi,177.5465,177.5694,1.455,3.68
2025-07-25T07:33:17.430130,huobi,177.5465,177.5538,1.455,1.524
2025-07-25T07:33:17.430174,huobi,177.5268,177.5694,5.13,3.68
2025-07-25T07:33:17.430242,huobi,177.5565,177.5744,1.59,0.169
2025-07-25T07:33:17.430311,huobi,177.5857,177.6119,1.478,3.68
2025-07-25T07:33:17.430456,huobi,177.5925,177.6119,1.493,3.68
2025-07-25T07:33:17.430568,huobi,177.6048,177.6169,1.559,3.0
2025-07-25T07:33:17.430684,huobi,177.6168,177.6169,1.575,3.0
2025-07-25T07:33:17.430822,huobi,177.6523,177.6643,1.472,1.5
2025-07-25T07:33:17.430918,huobi,177.6289,177.6643,5.13,1.5
2025-07-25T07:33:17.431152,huobi,177.6642,177.6643,1.5,1.5
2025-07-25T07:33:17.431231,huobi,177.6642,177.6771,1.5,1.567
2025-07-25T07:33:17.431350,huobi,177.6642,177.6753,1.5,3.68
2025-07-25T07:33:17.431573,huobi,177.6752,177.7122,1.479,3.68
2025-07-25T07:33:17.431702,huobi,177.6928,177.7122,1.586,3.68
2025-07-25T07:33:17.431829,huobi,177.7027,177.7122,1.475,3.68
2025-07-25T07:33:17.431959,huobi,177.7244,177.7326,1.565,3.68
2025-07-25T07:33:17.432080,huobi,177.6673,177.7326,5.13,3.68
2025-07-25T07:33:17.432195,huobi,177.6514,177.7098,5.13,3.68
2025-07-25T07:33:17.432286,huobi,177.6181,177.679,5.13,3.68
2025-07-25T07:33:17.432399,huobi,177.6736,177.679,1.569,3.68
2025-07-25T07:33:17.432692,huobi,177.6181,177.6831,5.13,1.454
2025-07-25T07:33:17.434863,huobi,177.678,177.7125,1.441,5.13
2025-07-25T07:33:17.434951,huobi,177.678,177.7075,1.441,3.68
2025-07-25T07:33:17.435062,huobi,177.658,177.7125,5.13,5.13
2025-07-25T07:33:17.435174,huobi,177.6994,177.7077,1.47,1.594
2025-07-25T07:33:17.437507,huobi,177.6994,177.7077,1.47,6.724
2025-07-25T07:33:17.438252,huobi,177.6994,177.7072,1.47,3.68
2025-07-25T07:33:17.438486,huobi,177.6231,177.6983,3.68,3.68
2025-07-25T07:33:17.438662,huobi,177.6385,177.6983,5.13,3.68
2025-07-25T07:33:17.439263,huobi,177.6932,177.71,1.458,3.68
2025-07-25T07:33:17.439341,huobi,177.6999,177.71,1.58,3.68
2025-07-25T07:33:17.439607,huobi,177.6531,177.71,5.13,3.68
2025-07-25T07:33:17.439838,huobi,177.6531,177.7039,5.13,3.68
2025-07-25T07:33:17.440461,huobi,177.6327,177.6897,5.13,3.68
2025-07-25T07:33:17.440930,huobi,177.6327,177.6844,5.13,3.68
2025-07-25T07:33:17.440992,huobi,177.6327,177.6793,5.13,1.449
2025-07-25T07:33:17.441219,huobi,177.6721,177.6793,1.575,1.449
2025-07-25T07:33:17.441485,huobi,177.6721,177.6793,1.575,6.579
2025-07-25T07:33:17.441610,huobi,177.6199,177.6747,5.13,6.681
2025-07-25T07:33:17.441997,huobi,177.6121,177.6632,5.13,1.471
2025-07-25T07:33:17.442302,huobi,177.6514,177.6629,1.593,3.68
2025-07-25T07:33:17.442847,bitrue,177.46,177.5,97.983,134.737
2025-07-25T07:33:17.443111,bitrue,177.5,177.53,124.173,101.51
2025-07-25T07:33:17.443346,bitrue,177.49,177.53,106.393,101.51
2025-07-25T07:33:17.443404,bitrue,177.51,177.54,97.453,129.533
2025-07-25T07:33:17.443483,bitrue,177.63,177.67,116.709,120.192
2025-07-25T07:33:17.443570,bitrue,177.63,177.66,116.709,106.479
2025-07-25T07:33:17.452197,bitrue,177.63,177.7,116.709,109.94
2025-07-25T07:33:17.452322,bitrue,177.63,177.67,116.709,129.067
2025-07-25T07:33:17.635401,huobi,177.6514,177.6579,1.593,1.506
2025-07-25T07:33:17.738015,huobi,177.6121,177.6579,5.13,6.636
2025-07-25T07:33:17.830532,bitrue,177.62,177.67,122.998,129.067
2025-07-25T07:33:17.835756,huobi,177.6121,177.6526,5.13,1.452
2025-07-25T07:33:18.036294,huobi,177.6456,177.6526,1.499,1.452
2025-07-25T07:33:18.641373,huobi,177.6121,177.6526,5.13,1.452
2025-07-25T07:33:18.739716,huobi,177.5895,177.6294,5.13,1.576
2025-07-25T07:33:18.881360,bitrue,177.6,177.64,109.236,94.201
2025-07-25T07:33:18.883567,huobi,177.5688,177.6186,5.13,6.698
2025-07-25T07:33:18.937433,huobi,177.5688,177.6186,5.13,1.568
2025-07-25T07:33:19.137011,huobi,177.5688,177.6044,5.13,1.552
2025-07-25T07:33:19.236921,huobi,177.5945,177.5995,1.454,1.487
2025-07-25T07:33:19.636769,huobi,177.5945,177.6232,1.454,3.68
2025-07-25T07:33:19.932191,bitrue,177.58,177.61,107.481,96.889
2025-07-25T07:33:19.937365,huobi,177.6052,177.6402,1.515,0.169
2025-07-25T07:33:20.037538,huobi,177.6236,177.6522,1.454,3.68
2025-07-25T07:33:20.138458,huobi,177.6281,177.6522,1.564,3.68
2025-07-25T07:33:20.238216,huobi,177.6281,177.6375,1.564,1.521
2025-07-25T07:33:20.336435,huobi,177.6281,177.6368,1.564,3.68
2025-07-25T07:33:20.437989,huobi,177.5717,177.6312,3.68,1.47
2025-07-25T07:33:20.535274,huobi,177.5829,177.6235,5.13,1.596
2025-07-25T07:33:20.736553,huobi,177.6141,177.6235,1.553,1.596
2025-07-25T07:33:20.936662,huobi,177.6277,177.6514,1.577,3.68
2025-07-25T07:33:20.982574,bitrue,177.57,177.62,213.691,110.37
2025-07-25T07:33:21.281627,huobi,177.6277,177.6325,1.577,1.502
2025-07-25T07:33:21.436509,huobi,177.5838,177.6325,5.13,6.632
2025-07-25T07:33:21.735908,huobi,177.6235,177.6325,1.491,1.502
2025-07-25T07:33:21.938116,huobi,177.5832,177.6236,0.169,1.475
2025-07-25T07:33:22.028907,bitrue,177.57,177.62,96.14,110.37
2025-07-25T07:33:22.037086,huobi,177.5834,177.618,5.13,1.501
2025-07-25T07:33:22.235111,huobi,177.609,177.618,1.448,1.501
2025-07-25T07:33:22.337987,huobi,177.5662,177.6127,5.13,3.68
2025-07-25T07:33:22.535306,huobi,177.6025,177.6071,1.524,1.53
2025-07-25T07:33:22.637991,huobi,177.6025,177.6071,1.524,6.66
2025-07-25T07:33:22.935554,huobi,177.6025,177.6213,1.524,0.169
2025-07-25T07:33:23.136091,huobi,177.607,177.6213,1.494,0.169
2025-07-25T07:33:23.336271,huobi,177.607,177.6213,1.494,5.299
2025-07-25T07:33:23.434973,huobi,177.607,177.615,1.494,1.532
2025-07-25T07:33:23.636550,huobi,177.5534,177.6021,5.13,1.556
2025-07-25T07:33:23.740313,huobi,177.5534,177.6021,5.13,6.686
2025-07-25T07:33:23.848029,huobi,177.5532,177.5954,3.0,5.13
2025-07-25T07:33:23.941955,huobi,177.5532,177.5805,3.0,5.13
2025-07-25T07:33:24.037423,huobi,177.5533,177.6095,5.13,3.68
2025-07-25T07:33:24.125074,bitrue,177.54,177.59,106.155,134.602
2025-07-25T07:33:24.237087,huobi,177.5741,177.6095,1.496,3.68
2025-07-25T07:33:24.336727,huobi,177.5741,177.5831,1.496,1.529
2025-07-25T07:33:24.541396,huobi,177.5532,177.578,3.0,1.535
