timestamp,exchange,bid,ask,bid_vol,ask_vol
2025-07-25T07:48:08.931112,huobi,177.1556,177.1657,1.531,1.578
2025-07-25T07:48:08.931228,huobi,177.1627,177.1863,5.13,5.527
2025-07-25T07:48:09.030674,huobi,177.1606,177.2041,1.522,8.5
2025-07-25T07:48:09.116003,bitrue,177.11,177.14,91.106,115.658
2025-07-25T07:48:09.130510,huobi,177.1607,177.1697,5.13,1.468
2025-07-25T07:48:09.232007,huobi,177.1606,177.1697,1.522,1.468
2025-07-25T07:48:10.230737,huobi,177.1333,177.1647,5.13,1.57
2025-07-25T07:48:10.399648,bitrue,177.11,177.16,91.106,106.165
2025-07-25T07:48:10.529323,huobi,177.1556,177.1647,1.469,1.57
2025-07-25T07:48:10.831490,huobi,177.1606,177.1893,1.483,5.527
2025-07-25T07:48:10.929691,huobi,177.1609,177.1893,5.13,5.527
2025-07-25T07:48:11.029029,huobi,177.1606,177.1893,1.483,5.527
2025-07-25T07:48:11.130549,huobi,177.1606,177.1697,1.483,1.562
2025-07-25T07:48:12.129473,huobi,177.1228,177.1697,5.13,1.562
2025-07-25T07:48:12.428421,huobi,177.1583,177.1647,1.565,1.452
2025-07-25T07:48:12.729004,huobi,177.1228,177.1644,5.13,5.13
2025-07-25T07:48:12.830119,huobi,177.1162,177.148,5.13,1.571
2025-07-25T07:48:13.029232,huobi,177.0982,177.1477,5.13,5.13
2025-07-25T07:48:13.131293,huobi,177.136,177.148,1.499,1.571
2025-07-25T07:48:13.535057,bitrue,177.1,177.13,128.14,103.424
2025-07-25T07:48:13.728153,huobi,177.136,177.1479,1.499,5.13
2025-07-25T07:48:13.930277,huobi,177.0966,177.142,0.169,5.13
2025-07-25T07:48:14.029543,huobi,177.0871,177.142,5.13,5.13
2025-07-25T07:48:14.231715,huobi,177.131,177.1426,1.456,1.569
2025-07-25T07:48:14.328874,huobi,177.131,177.1426,1.456,6.699
2025-07-25T07:48:14.429010,huobi,177.131,177.1425,1.456,5.13
2025-07-25T07:48:14.582181,bitrue,177.08,177.13,116.095,103.424
2025-07-25T07:48:14.630802,huobi,177.131,177.1414,1.456,5.13
2025-07-25T07:48:14.830862,huobi,177.131,177.137,1.456,3.31
2025-07-25T07:48:14.931383,huobi,177.131,177.1319,1.456,5.13
2025-07-25T07:48:15.329721,huobi,177.0825,177.1168,3.0,1.544
2025-07-25T07:48:15.429045,huobi,177.0825,177.1134,3.0,5.13
2025-07-25T07:48:15.628467,huobi,177.106,177.1134,1.582,5.13
2025-07-25T07:48:15.632116,bitrue,177.05,177.09,95.375,123.283
2025-07-25T07:48:15.929865,huobi,177.0587,177.1069,3.0,5.13
2025-07-25T07:48:16.030152,huobi,177.0587,177.079,3.0,1.443
2025-07-25T07:48:16.131026,huobi,177.0587,177.0679,3.0,1.464
2025-07-25T07:48:16.228762,huobi,177.0588,177.0679,1.573,1.464
2025-07-25T07:48:16.331216,huobi,177.0588,177.0678,1.573,5.13
2025-07-25T07:48:16.447364,huobi,177.0588,177.0679,1.573,1.464
2025-07-25T07:48:16.687846,bitrue,177.03,177.06,101.62,120.51
2025-07-25T07:48:17.738317,bitrue,177.0,177.06,97.473,120.51
2025-07-25T07:48:18.728480,huobi,177.0761,177.1036,1.489,8.5
2025-07-25T07:48:18.829720,huobi,177.0761,177.1035,1.489,5.13
2025-07-25T07:48:18.928730,huobi,177.0484,177.0795,5.13,1.528
2025-07-25T07:48:19.028919,huobi,177.0385,177.0794,5.13,5.13
2025-07-25T07:48:19.128415,huobi,177.0698,177.0795,1.575,1.528
2025-07-25T07:48:19.229815,huobi,177.0378,177.0729,0.169,5.13
2025-07-25T07:48:19.329984,huobi,177.0122,177.0679,3.31,1.51
2025-07-25T07:48:19.428972,huobi,177.0225,177.0679,5.13,1.51
2025-07-25T07:48:19.529377,huobi,177.0588,177.0679,1.559,1.51
2025-07-25T07:48:19.832821,huobi,177.0588,177.0675,1.559,5.13
2025-07-25T07:48:19.930713,huobi,177.0588,177.0673,1.559,3.31
2025-07-25T07:48:20.029505,huobi,177.0588,177.0664,1.559,5.13
2025-07-25T07:48:20.131612,huobi,177.0588,177.0673,1.559,3.31
2025-07-25T07:48:20.230743,huobi,177.0588,177.0672,1.559,5.13
2025-07-25T07:48:20.353952,huobi,177.0016,177.0489,3.31,5.13
2025-07-25T07:48:20.431713,huobi,176.984,177.024,3.0,5.13
2025-07-25T07:48:20.529826,huobi,176.984,177.0236,3.0,5.13
2025-07-25T07:48:20.630851,huobi,176.985,177.0239,5.13,7.372
2025-07-25T07:48:20.729957,huobi,176.984,177.0117,3.0,1.49
2025-07-25T07:48:20.830142,huobi,177.0025,177.0117,1.55,1.49
2025-07-25T07:48:21.430047,huobi,177.0073,177.0239,1.441,7.372
2025-07-25T07:48:21.529892,huobi,177.0192,177.0664,1.471,0.169
2025-07-25T07:48:21.629509,huobi,177.0192,177.0583,1.471,8.5
2025-07-25T07:48:21.728866,huobi,177.0192,177.0531,1.471,5.13
2025-07-25T07:48:21.828926,huobi,177.0192,177.0281,1.471,1.529
2025-07-25T07:48:21.943578,bitrue,176.97,177.02,103.498,127.12
2025-07-25T07:48:22.431994,huobi,176.9865,177.0236,5.13,1.452
2025-07-25T07:48:22.628322,huobi,177.0077,177.0236,1.503,1.452
2025-07-25T07:48:22.731470,huobi,177.0077,177.0233,1.503,7.839
2025-07-25T07:48:22.828929,huobi,176.984,177.0041,3.0,5.13
2025-07-25T07:48:22.929262,huobi,176.984,176.9997,3.0,1.579
2025-07-25T07:48:23.029127,huobi,176.9901,176.9997,1.493,1.579
2025-07-25T07:48:24.031522,huobi,176.9978,177.0298,1.469,0.169
2025-07-25T07:48:24.045155,bitrue,176.96,176.99,93.241,119.48
2025-07-25T07:48:24.129515,huobi,176.9978,177.0297,1.469,5.13
2025-07-25T07:48:24.229656,huobi,176.9978,177.0119,1.469,5.13
2025-07-25T07:48:24.328995,huobi,176.984,177.0018,3.0,1.455
2025-07-25T07:48:24.627430,huobi,176.9935,177.0018,1.513,1.455
2025-07-25T07:48:24.829216,huobi,176.9935,177.0015,1.513,5.13
2025-07-25T07:48:25.329984,huobi,176.9935,177.0018,1.513,1.455
2025-07-25T07:48:26.031354,huobi,176.9985,177.0482,1.442,3.31
2025-07-25T07:48:26.129451,huobi,177.0057,177.0431,1.507,8.5
2025-07-25T07:48:26.229772,huobi,177.0057,177.0359,1.507,5.13
2025-07-25T07:48:26.329841,huobi,177.0057,177.0162,1.507,1.561
2025-07-25T07:48:26.428977,huobi,177.0057,177.0159,1.507,5.13
2025-07-25T07:48:27.029609,huobi,176.984,177.0102,3.0,5.13
2025-07-25T07:48:27.187650,bitrue,176.96,177.02,93.241,132.797
2025-07-25T07:48:27.229484,huobi,177.0015,177.0102,1.449,5.13
2025-07-25T07:48:27.429690,huobi,177.0015,177.0107,1.449,1.54
2025-07-25T07:48:27.528983,huobi,176.9793,177.0359,5.527,5.13
2025-07-25T07:48:27.675884,huobi,177.0059,177.0359,1.579,5.13
2025-07-25T07:48:27.827858,huobi,177.0059,177.0133,1.579,5.13
2025-07-25T07:48:27.926937,huobi,177.0059,177.0147,1.579,1.501
2025-07-25T07:48:28.129081,huobi,177.002,177.0359,5.527,5.13
2025-07-25T07:48:28.228982,huobi,177.022,177.0535,1.571,5.13
2025-07-25T07:48:28.427528,huobi,177.022,177.0312,1.571,1.58
2025-07-25T07:48:29.276406,bitrue,176.99,177.02,107.751,132.797
2025-07-25T07:48:30.229051,huobi,176.9838,177.0302,3.31,5.13
2025-07-25T07:48:30.330119,huobi,176.9793,177.0302,5.527,5.13
2025-07-25T07:48:30.528397,huobi,176.9793,177.0153,5.527,1.503
2025-07-25T07:48:30.629896,huobi,176.9763,177.0091,0.169,5.13
2025-07-25T07:48:30.734416,huobi,176.9498,176.9947,3.31,5.13
2025-07-25T07:48:30.928189,huobi,176.953,177.0176,3.31,5.13
2025-07-25T07:48:31.127954,huobi,176.9973,177.0057,1.523,5.13
2025-07-25T07:48:31.429974,huobi,177.0141,177.0212,1.48,0.029
2025-07-25T07:48:31.529076,huobi,177.0141,177.0204,1.48,5.13
2025-07-25T07:48:31.536321,bitrue,176.96,177.02,120.806,132.797
2025-07-25T07:48:31.730627,huobi,176.9577,177.0142,3.31,5.13
2025-07-25T07:48:31.928361,huobi,176.9577,177.0091,3.31,1.592
2025-07-25T07:48:32.027742,huobi,176.9596,177.0088,5.13,5.13
2025-07-25T07:48:32.229167,huobi,176.9973,177.0088,1.505,5.13
2025-07-25T07:48:32.582203,bitrue,176.94,176.99,97.991,126.954
2025-07-25T07:48:32.729758,huobi,176.9973,176.9974,1.505,10.68
2025-07-25T07:48:33.333148,huobi,176.9505,176.98,0.169,5.13
2025-07-25T07:48:33.629594,huobi,176.9799,176.98,1.531,5.13
2025-07-25T07:48:34.330839,huobi,176.9505,176.98,0.169,5.13
2025-07-25T07:48:34.531363,huobi,176.9505,176.9636,0.169,5.13
2025-07-25T07:48:34.630839,huobi,176.9635,176.9636,1.442,5.13
2025-07-25T07:48:34.811424,bitrue,176.92,176.96,130.797,110.401
2025-07-25T07:48:34.930889,huobi,176.9505,176.9506,0.169,5.13
2025-07-25T07:48:35.031093,huobi,176.9423,176.9506,1.5,5.13
2025-07-25T07:48:35.133023,huobi,176.9505,176.9506,1.485,5.13
2025-07-25T07:48:35.857945,bitrue,176.89,176.92,126.351,110.745
2025-07-25T07:48:36.903906,bitrue,176.89,176.92,126.351,110.745
2025-07-25T07:48:37.328754,huobi,176.9505,176.9638,1.485,5.527
2025-07-25T07:48:37.427890,huobi,176.9582,176.9637,1.59,8.5
2025-07-25T07:48:37.527574,huobi,176.9582,176.9635,1.59,5.13
2025-07-25T07:48:38.229507,huobi,176.9582,176.9638,1.59,5.527
2025-07-25T07:48:38.331363,huobi,176.9582,176.9634,1.59,5.13
2025-07-25T07:48:40.230426,huobi,176.9632,176.9637,1.485,8.5
2025-07-25T07:48:40.328985,huobi,176.9682,176.9849,1.588,5.527
2025-07-25T07:48:40.427831,huobi,176.9682,176.9846,1.588,5.13
2025-07-25T07:48:40.527528,huobi,176.9682,176.9773,1.588,1.492
2025-07-25T07:48:40.729830,huobi,176.9468,176.992,5.13,3.31
2025-07-25T07:48:40.829896,huobi,176.9389,176.9886,5.13,5.13
2025-07-25T07:48:41.028972,huobi,176.9862,176.9886,1.53,5.13
2025-07-25T07:48:41.239584,bitrue,176.92,176.96,124.412,103.537
2025-07-25T07:48:41.735229,huobi,176.9383,176.971,0.169,5.13
2025-07-25T07:48:41.928466,huobi,176.9709,176.971,1.574,5.13
2025-07-25T07:48:42.028381,huobi,176.9709,176.971,1.574,15.622
2025-07-25T07:48:42.286191,bitrue,176.92,176.96,124.412,103.537
2025-07-25T07:48:42.329602,huobi,176.9709,176.971,1.574,10.492
2025-07-25T07:48:43.228283,huobi,176.982,176.9886,1.559,8.44
2025-07-25T07:48:43.329439,huobi,176.982,176.9886,1.559,5.13
2025-07-25T07:48:43.928216,huobi,176.982,176.989,1.559,5.527
2025-07-25T07:48:44.028594,huobi,176.982,176.9889,1.559,5.13
2025-07-25T07:48:44.832743,huobi,176.9194,176.9702,0.169,5.13
2025-07-25T07:48:45.037537,huobi,176.9198,176.9702,5.13,5.13
2025-07-25T07:48:45.127921,huobi,176.9701,176.9702,1.598,15.58
2025-07-25T07:48:46.329534,huobi,176.9701,176.9702,1.598,10.45
2025-07-25T07:48:46.604569,bitrue,176.9,176.96,114.283,103.537
2025-07-25T07:48:49.530709,huobi,176.9194,176.9582,0.169,5.13
2025-07-25T07:48:49.631532,huobi,176.9194,176.9503,0.169,5.13
2025-07-25T07:48:49.828137,huobi,176.9452,176.9503,1.574,5.13
2025-07-25T07:48:50.229875,huobi,176.9452,176.9533,1.574,5.527
2025-07-25T07:48:50.329429,huobi,176.9452,176.9559,1.574,1.591
2025-07-25T07:48:50.794282,bitrue,176.89,176.93,92.019,111.564
2025-07-25T07:48:50.928176,huobi,176.9575,176.9878,1.571,3.31
2025-07-25T07:48:51.031220,huobi,176.9729,176.9958,1.552,1.412
2025-07-25T07:48:51.127981,huobi,176.9729,176.9957,1.552,8.5
2025-07-25T07:48:51.229738,huobi,176.9729,176.9851,1.552,1.539
2025-07-25T07:48:51.328619,huobi,176.9314,176.9851,3.31,1.539
2025-07-25T07:48:51.431409,huobi,176.9958,177.0226,1.588,3.31
2025-07-25T07:48:51.530232,huobi,177.0037,177.0257,1.562,8.5
2025-07-25T07:48:51.631598,huobi,177.0091,177.0183,1.586,1.451
2025-07-25T07:48:51.731097,huobi,177.0205,177.0411,1.481,3.31
2025-07-25T07:48:51.831430,huobi,177.025,177.0411,1.528,3.31
2025-07-25T07:48:51.847579,bitrue,176.95,176.98,125.632,114.584
2025-07-25T07:48:52.029625,huobi,177.025,177.0369,1.528,1.545
2025-07-25T07:48:52.128858,huobi,177.025,177.0323,1.528,6.671
2025-07-25T07:48:52.229661,huobi,177.025,177.0319,1.528,5.13
2025-07-25T07:48:52.575924,huobi,177.0318,177.0411,1.529,3.31
2025-07-25T07:48:52.627473,huobi,177.0318,177.0457,1.529,3.19
2025-07-25T07:48:52.829707,huobi,177.0318,177.0406,1.529,1.556
2025-07-25T07:48:52.891044,bitrue,176.95,177.0,125.632,111.01
2025-07-25T07:48:52.929977,huobi,177.0318,177.0396,1.529,5.13
2025-07-25T07:48:53.428387,huobi,177.0318,177.0406,1.529,1.556
2025-07-25T07:48:53.933222,bitrue,176.98,177.02,120.397,132.797
2025-07-25T07:48:54.228287,huobi,177.0387,177.0457,1.475,3.19
2025-07-25T07:48:54.328516,huobi,177.0446,177.0457,1.5,3.19
2025-07-25T07:48:54.528217,huobi,177.0456,177.0457,1.526,3.19
2025-07-25T07:48:54.979209,bitrue,176.98,177.04,120.397,105.796
2025-07-25T07:48:55.065562,huobi,177.0456,177.0457,6.656,3.19
2025-07-25T07:48:55.129002,huobi,177.0456,177.0457,1.526,3.19
2025-07-25T07:48:56.028165,bitrue,177.01,177.05,121.567,119.188
2025-07-25T07:48:57.127811,huobi,177.0456,177.0457,6.656,3.19
2025-07-25T07:48:57.228672,huobi,177.0492,177.0493,1.47,1.5
2025-07-25T07:48:59.529665,huobi,177.0545,177.0546,1.544,5.527
2025-07-25T07:48:59.628737,huobi,177.0115,177.0597,10.23,6.63
2025-07-25T07:48:59.728522,huobi,177.0116,177.057,5.13,5.13
2025-07-25T07:48:59.828411,huobi,177.0115,177.057,10.23,5.13
2025-07-25T07:48:59.928873,huobi,177.0398,177.0466,1.46,5.13
2025-07-25T07:49:00.150228,huobi,177.0398,177.0468,1.46,2.98
2025-07-25T07:49:00.229693,huobi,177.0398,177.0477,1.46,1.474
2025-07-25T07:49:00.528445,huobi,177.0443,177.0579,1.455,5.527
2025-07-25T07:49:00.627902,huobi,177.0443,177.0578,1.455,5.13
2025-07-25T07:49:00.730465,huobi,177.0443,177.0498,1.455,5.13
2025-07-25T07:49:00.830736,huobi,177.0443,177.0444,1.455,5.13
2025-07-25T07:49:01.229439,huobi,177.0443,177.0444,1.455,2.14
2025-07-25T07:49:01.375743,bitrue,176.98,177.02,120.397,124.468
2025-07-25T07:49:01.629859,huobi,176.9749,177.0292,3.0,8.11
2025-07-25T07:49:01.727631,huobi,176.975,177.0292,5.13,8.11
2025-07-25T07:49:01.828545,huobi,177.0255,177.0292,1.586,8.11
2025-07-25T07:49:02.328288,huobi,177.0255,177.0292,1.586,5.13
2025-07-25T07:49:02.423367,bitrue,176.96,177.02,132.362,124.468
2025-07-25T07:49:02.630240,huobi,177.0305,177.0491,1.548,2.98
2025-07-25T07:49:02.828578,huobi,177.0305,177.0395,1.548,5.589
2025-07-25T07:49:03.028419,huobi,177.0305,177.0394,1.548,8.11
2025-07-25T07:49:04.230068,huobi,176.9749,177.0164,3.0,1.597
2025-07-25T07:49:04.332245,huobi,176.9749,177.0113,3.0,1.465
2025-07-25T07:49:04.429259,huobi,177.0049,177.0113,1.483,1.465
2025-07-25T07:49:04.528014,huobi,177.0049,177.0113,1.483,6.595
2025-07-25T07:49:05.228096,huobi,177.0049,177.0113,1.483,1.465
2025-07-25T07:49:05.561935,bitrue,176.96,176.99,132.362,117.911
2025-07-25T07:49:05.828253,huobi,177.0049,177.0113,1.483,6.595
2025-07-25T07:49:06.026806,huobi,177.0049,177.0113,1.483,1.465
2025-07-25T07:49:06.727959,huobi,177.0049,177.0113,1.483,6.595
2025-07-25T07:49:07.128808,huobi,177.0049,177.0113,1.483,1.465
2025-07-25T07:49:07.628178,huobi,177.0049,177.0113,1.483,6.595
2025-07-25T07:49:07.928725,huobi,177.0049,177.0113,1.483,1.465
2025-07-25T07:49:09.264709,huobi,177.0049,177.0113,1.483,6.595
2025-07-25T07:49:09.528694,huobi,177.0049,177.0113,1.483,1.465
2025-07-25T07:49:09.928928,huobi,177.0049,177.0113,1.483,6.595
2025-07-25T07:49:10.228883,huobi,177.0049,177.0113,1.483,1.465
2025-07-25T07:49:10.726777,huobi,177.0049,177.0113,1.483,6.595
2025-07-25T07:49:11.428258,huobi,176.9474,176.9958,3.0,1.518
2025-07-25T07:49:11.528616,huobi,176.9474,176.9822,3.0,1.568
2025-07-25T07:49:11.728646,huobi,176.9706,176.9822,1.541,1.568
2025-07-25T07:49:11.858092,bitrue,176.92,176.96,135.284,96.173
2025-07-25T07:49:12.030113,huobi,176.9474,176.9721,3.0,1.471
2025-07-25T07:49:12.229055,huobi,176.948,176.9721,5.13,1.471
2025-07-25T07:49:12.333693,huobi,176.9667,176.9721,1.486,1.471
2025-07-25T07:49:12.527615,huobi,176.9667,176.9721,1.486,6.601
2025-07-25T07:49:12.908739,bitrue,176.92,176.96,135.284,96.173
2025-07-25T07:49:12.931570,huobi,176.9667,176.9721,1.486,1.471
2025-07-25T07:49:13.527053,huobi,176.941,176.9721,0.169,1.471
2025-07-25T07:49:13.627353,huobi,176.9305,176.9721,5.13,1.471
2025-07-25T07:49:13.827828,huobi,176.9612,176.9721,1.502,1.471
2025-07-25T07:49:13.953105,bitrue,176.92,176.96,135.284,96.173
2025-07-25T07:49:14.629748,huobi,176.972,177.0112,1.517,2.98
2025-07-25T07:49:14.728530,huobi,176.9776,177.0232,1.487,8.11
2025-07-25T07:49:14.926700,huobi,176.9776,176.9851,1.487,1.562
2025-07-25T07:49:15.227511,huobi,176.9776,176.9851,1.487,6.692
2025-07-25T07:49:15.428489,huobi,176.9776,176.9851,1.487,1.562
2025-07-25T07:49:16.045856,bitrue,176.92,176.98,135.284,123.951
2025-07-25T07:49:16.628638,huobi,176.9789,177.0232,5.13,2.98
2025-07-25T07:49:16.728485,huobi,176.9852,177.0232,1.448,8.11
2025-07-25T07:49:16.927899,huobi,176.9852,176.9937,1.448,1.544
2025-07-25T07:49:17.029830,huobi,176.991,177.0261,1.472,1.412
2025-07-25T07:49:17.129714,huobi,176.991,177.0261,1.472,6.542
2025-07-25T07:49:17.328605,huobi,176.991,177.0033,1.472,1.513
2025-07-25T07:49:17.428000,huobi,176.9971,177.0033,1.578,1.513
2025-07-25T07:49:18.138258,bitrue,176.95,176.98,125.316,123.951
2025-07-25T07:49:19.128350,huobi,176.9981,177.027,5.13,0.169
2025-07-25T07:49:19.182359,bitrue,176.95,176.99,125.316,102.951
2025-07-25T07:49:19.228007,huobi,177.0225,177.0579,1.556,5.527
2025-07-25T07:49:19.428253,huobi,177.0225,177.032,1.556,1.546
2025-07-25T07:49:19.827710,huobi,176.9969,177.032,5.527,6.676
2025-07-25T07:49:20.128764,huobi,177.0209,177.032,1.499,1.546
2025-07-25T07:49:20.223561,bitrue,176.98,177.01,133.168,92.756
2025-07-25T07:49:22.430951,huobi,177.0309,177.0597,1.457,0.169
2025-07-25T07:49:22.528758,huobi,177.0309,177.0597,1.457,5.299
2025-07-25T07:49:22.727532,huobi,177.0309,177.0391,1.457,6.646
2025-07-25T07:49:22.828106,huobi,176.9912,177.0391,0.169,5.13
2025-07-25T07:49:22.927060,huobi,176.981,177.0347,5.13,1.47
2025-07-25T07:49:23.128353,huobi,176.99,177.0347,5.13,1.47
2025-07-25T07:49:23.231653,huobi,177.0339,177.0712,1.478,2.98
2025-07-25T07:49:23.329343,huobi,177.034,177.0712,5.13,2.98
2025-07-25T07:49:23.360318,bitrue,176.98,177.02,133.168,110.943
2025-07-25T07:49:23.531599,huobi,177.034,177.0431,5.13,1.543
2025-07-25T07:49:24.327497,huobi,177.0447,177.0712,5.13,2.98
2025-07-25T07:49:24.410622,bitrue,176.98,177.04,133.168,129.009
2025-07-25T07:49:24.427376,huobi,177.0462,177.0712,1.58,2.98
2025-07-25T07:49:24.527494,huobi,177.0462,177.0556,1.58,1.456
2025-07-25T07:49:25.327504,huobi,177.0468,177.074,5.13,0.169
2025-07-25T07:49:25.426984,huobi,177.0516,177.074,1.515,0.169
2025-07-25T07:49:25.627177,huobi,177.0516,177.0605,1.515,1.56
2025-07-25T07:49:26.503555,bitrue,177.01,177.04,125.819,129.009
2025-07-25T07:49:26.628726,huobi,177.0562,177.074,5.13,0.169
2025-07-25T07:49:26.729879,huobi,177.0608,177.074,5.13,0.169
2025-07-25T07:49:26.930229,huobi,177.0739,177.0745,1.511,3.19
2025-07-25T07:49:27.227040,huobi,177.0744,177.0745,1.444,3.19
2025-07-25T07:49:27.551432,bitrue,177.01,177.06,125.819,120.51
2025-07-25T07:49:27.631433,huobi,177.0744,177.0745,6.574,3.19
2025-07-25T07:49:28.031290,huobi,177.0852,177.1097,5.13,0.169
2025-07-25T07:49:28.128667,huobi,177.1053,177.1097,1.562,0.169
2025-07-25T07:49:28.596110,bitrue,177.04,177.07,112.16,108.273
2025-07-25T07:49:28.727414,huobi,177.1096,177.1097,1.536,0.169
2025-07-25T07:49:28.828260,huobi,177.1096,177.1119,1.536,1.5
2025-07-25T07:49:29.638245,bitrue,177.07,177.11,106.595,126.673
2025-07-25T07:49:29.926804,huobi,177.1096,177.1169,1.536,3.0
2025-07-25T07:49:30.689547,bitrue,177.07,177.11,106.595,126.673
2025-07-25T07:49:32.128494,huobi,177.0493,177.1144,5.13,1.53
2025-07-25T07:49:32.227455,huobi,177.0613,177.1114,5.13,2.98
2025-07-25T07:49:32.327908,huobi,177.0613,177.1114,5.13,8.11
2025-07-25T07:49:32.427991,huobi,177.1009,177.1114,1.474,8.11
2025-07-25T07:49:32.795379,bitrue,177.05,177.11,107.116,126.673
2025-07-25T07:49:32.827308,huobi,177.1009,177.1114,1.474,2.98
2025-07-25T07:49:33.126550,huobi,177.1009,177.1114,1.474,8.11
2025-07-25T07:49:33.527968,huobi,177.1009,177.1144,1.474,1.53
2025-07-25T07:49:33.826698,huobi,177.1009,177.1067,1.474,1.568
2025-07-25T07:49:34.128368,huobi,177.1009,177.1067,1.474,6.698
2025-07-25T07:49:34.228300,huobi,177.0533,177.1067,5.13,5.13
2025-07-25T07:49:34.331695,huobi,177.0408,177.0927,0.169,1.566
2025-07-25T07:49:34.430438,huobi,177.0408,177.0904,5.299,8.11
2025-07-25T07:49:34.527268,huobi,177.0831,177.0904,1.476,8.11
2025-07-25T07:49:34.628768,huobi,177.0831,177.0904,1.476,7.986
2025-07-25T07:49:35.130347,huobi,177.0831,177.0878,1.476,6.607
2025-07-25T07:49:35.229588,huobi,177.0408,177.0875,0.169,8.11
2025-07-25T07:49:35.330267,huobi,177.0228,177.0714,3.0,1.451
2025-07-25T07:49:35.428970,huobi,177.0228,177.0615,3.0,1.499
2025-07-25T07:49:35.630581,huobi,177.0228,177.0523,3.0,1.588
2025-07-25T07:49:35.730619,huobi,177.0228,177.0477,3.0,6.653
2025-07-25T07:49:35.832106,huobi,177.0228,177.0308,3.0,6.587
2025-07-25T07:49:35.940950,bitrue,177.04,177.07,112.16,134.759
2025-07-25T07:49:36.129144,huobi,177.0228,177.0308,3.0,1.457
2025-07-25T07:49:36.329941,huobi,177.0228,177.0308,3.0,6.587
2025-07-25T07:49:36.726664,huobi,177.0228,177.0229,3.0,1.463
2025-07-25T07:49:36.986602,bitrue,176.98,177.01,133.168,108.107
2025-07-25T07:49:38.035345,bitrue,176.98,177.01,133.168,108.107
2025-07-25T07:49:39.033679,huobi,177.0397,177.0688,1.45,2.98
2025-07-25T07:49:39.226993,huobi,177.0397,177.0467,1.45,1.508
2025-07-25T07:49:39.929690,huobi,177.0397,177.0786,1.45,5.527
2025-07-25T07:49:40.028725,huobi,177.0397,177.0958,1.45,8.11
2025-07-25T07:49:40.124328,bitrue,176.98,177.04,133.168,122.773
2025-07-25T07:49:40.229645,huobi,177.0397,177.0467,1.45,1.462
2025-07-25T07:49:42.526548,huobi,177.0397,177.0958,1.45,8.11
2025-07-25T07:49:42.828418,huobi,177.0397,177.0517,1.45,1.461
2025-07-25T07:49:43.327930,huobi,177.0401,177.0517,5.13,1.461
2025-07-25T07:49:43.531764,huobi,177.0455,177.0958,1.591,2.98
2025-07-25T07:49:43.631266,huobi,177.0566,177.0958,1.544,8.11
2025-07-25T07:49:43.828158,huobi,177.0566,177.0657,1.544,1.525
2025-07-25T07:49:44.297051,bitrue,177.01,177.06,108.786,123.725
2025-07-25T07:49:44.829881,huobi,177.0566,177.0927,1.544,2.98
2025-07-25T07:49:44.932382,huobi,177.0566,177.0927,1.544,8.11
2025-07-25T07:49:45.030314,huobi,177.0205,177.0657,5.13,1.591
2025-07-25T07:49:45.228669,huobi,177.0201,177.0569,0.169,1.468
2025-07-25T07:49:45.328128,huobi,177.0201,177.0524,0.169,6.601
2025-07-25T07:49:45.528674,huobi,177.0431,177.0524,1.541,1.471
2025-07-25T07:49:45.833205,huobi,177.0201,177.0462,0.169,2.98
2025-07-25T07:49:45.931179,huobi,176.9886,177.038,5.13,1.504
2025-07-25T07:49:46.128246,huobi,177.0331,177.038,1.512,1.504
2025-07-25T07:49:46.429002,huobi,176.9797,177.0332,5.527,6.689
2025-07-25T07:49:46.528129,huobi,176.9801,177.0325,5.13,8.11
2025-07-25T07:49:46.730740,huobi,177.0231,177.0325,1.566,8.11
2025-07-25T07:49:47.227658,huobi,177.0231,177.0325,1.566,2.98
2025-07-25T07:49:47.328382,huobi,177.0231,177.0332,1.566,1.559
2025-07-25T07:49:47.428926,huobi,177.0231,177.0332,1.566,6.689
2025-07-25T07:49:47.434810,bitrue,176.98,177.03,122.04,96.134
2025-07-25T07:49:47.527749,huobi,177.0231,177.0332,1.566,1.559
2025-07-25T07:49:49.128916,huobi,177.0231,177.0315,1.566,8.11
2025-07-25T07:49:50.130491,huobi,177.0231,177.0315,1.566,2.98
2025-07-25T07:49:50.229162,huobi,177.0235,177.0608,5.13,0.169
2025-07-25T07:49:50.328375,huobi,177.0231,177.0606,1.566,8.11
2025-07-25T07:49:50.530778,huobi,177.0232,177.0326,6.786,1.583
2025-07-25T07:49:50.633454,huobi,176.9618,176.9903,3.0,1.556
2025-07-25T07:49:50.730011,huobi,176.9618,176.9903,3.0,6.686
2025-07-25T07:49:50.830508,huobi,176.9853,177.0606,1.578,8.11
2025-07-25T07:49:50.929556,huobi,176.9853,177.0191,1.578,5.13
2025-07-25T07:49:51.129125,huobi,176.9853,176.9983,1.578,1.553
2025-07-25T07:49:51.327438,huobi,176.9855,176.9983,5.13,1.553
2025-07-25T07:49:51.428630,huobi,176.9853,176.9983,1.578,1.553
2025-07-25T07:49:51.615961,bitrue,176.95,176.99,125.316,99.983
2025-07-25T07:49:51.828295,huobi,176.9992,177.0606,1.571,8.11
2025-07-25T07:49:52.030125,huobi,176.9992,177.0071,1.571,1.567
2025-07-25T07:49:52.667217,bitrue,176.98,177.01,94.138,119.796
2025-07-25T07:49:52.930675,huobi,176.9717,176.9944,5.527,1.57
2025-07-25T07:49:53.029675,huobi,176.9677,176.9944,0.169,6.7
2025-07-25T07:49:53.228392,huobi,176.9838,176.9944,1.496,6.7
2025-07-25T07:49:53.630483,huobi,176.9838,176.9944,1.496,1.57
2025-07-25T07:49:53.711519,bitrue,176.95,177.01,125.316,119.796
2025-07-25T07:49:54.727746,huobi,176.9886,176.9944,1.444,1.57
2025-07-25T07:49:54.763342,bitrue,176.95,177.01,125.316,119.796
2025-07-25T07:49:54.828396,huobi,176.9886,176.9944,1.444,6.7
2025-07-25T07:49:55.129236,huobi,176.9761,176.9944,5.527,6.7
2025-07-25T07:49:55.427002,huobi,176.9826,176.9944,1.471,1.57
2025-07-25T07:49:55.628249,huobi,176.9761,176.9944,5.527,1.57
2025-07-25T07:49:55.926804,huobi,176.9886,176.9944,1.597,1.57
2025-07-25T07:49:56.430112,huobi,176.989,177.0303,5.13,0.169
2025-07-25T07:49:56.545369,huobi,176.9933,177.0559,5.13,8.11
2025-07-25T07:49:56.629553,huobi,176.9934,177.0559,8.752,8.11
2025-07-25T07:49:56.731625,huobi,176.9932,177.0023,1.563,6.64
2025-07-25T07:49:56.931429,huobi,176.9932,177.0023,1.563,1.51
2025-07-25T07:49:59.329056,huobi,176.9982,177.0559,1.542,8.11
2025-07-25T07:49:59.431393,huobi,177.003,177.0559,10.158,8.11
2025-07-25T07:49:59.529203,huobi,177.0073,177.0559,1.492,8.11
2025-07-25T07:49:59.632373,huobi,177.0226,177.0579,1.593,0.169
2025-07-25T07:49:59.730649,huobi,177.0436,177.0813,1.5,2.98
2025-07-25T07:49:59.829930,huobi,177.0437,177.0813,5.13,2.98
2025-07-25T07:49:59.928847,huobi,177.0437,177.0537,5.13,1.521
2025-07-25T07:49:59.989879,bitrue,177.01,177.04,109.868,104.034
2025-07-25T07:50:00.038658,huobi,177.0437,177.0537,5.13,1.521
2025-07-25T07:50:00.329461,huobi,177.0444,177.0537,5.13,1.521
2025-07-25T07:50:00.630214,huobi,177.0438,177.0537,6.204,1.521
2025-07-25T07:50:00.728773,huobi,177.0438,177.0845,6.204,5.299
2025-07-25T07:50:00.828663,huobi,177.0481,177.0845,1.588,5.299
2025-07-25T07:50:00.930026,huobi,177.0481,177.0572,1.588,1.466
2025-07-25T07:50:01.032337,bitrue,177.01,177.04,109.868,104.034
2025-07-25T07:50:01.329869,huobi,177.0525,177.0845,1.527,0.169
2025-07-25T07:50:01.430864,huobi,177.0635,177.0944,1.532,2.822
2025-07-25T07:50:01.531098,huobi,177.085,177.0984,1.54,3.19
2025-07-25T07:50:01.632640,huobi,177.0915,177.0984,1.582,3.19
2025-07-25T07:50:01.729173,huobi,177.0915,177.0975,1.582,5.13
2025-07-25T07:50:02.330995,huobi,177.0915,177.0984,1.582,3.19
2025-07-25T07:50:02.530627,huobi,177.0915,177.0974,1.582,5.13
2025-07-25T07:50:03.125479,bitrue,177.05,177.08,122.257,113.221
2025-07-25T07:50:04.029024,huobi,177.0636,177.0893,9.051,1.535
2025-07-25T07:50:04.128584,huobi,177.0461,177.0891,0.169,5.13
2025-07-25T07:50:04.168437,bitrue,177.05,177.08,122.257,113.221
2025-07-25T07:50:04.230237,huobi,177.0217,177.0598,0.169,1.539
2025-07-25T07:50:04.330712,huobi,177.0082,177.0598,5.13,1.539
2025-07-25T07:50:04.430725,huobi,177.0084,177.0598,2.98,1.539
2025-07-25T07:50:04.530823,huobi,177.0084,177.0597,2.98,5.13
2025-07-25T07:50:04.633517,huobi,177.0515,177.0597,1.495,5.13
2025-07-25T07:50:05.211470,bitrue,177.01,177.04,109.868,90.755
2025-07-25T07:50:05.231588,huobi,177.0201,177.0508,0.169,5.13
2025-07-25T07:50:05.431261,huobi,177.0465,177.0508,1.537,5.13
2025-07-25T07:50:05.529592,huobi,177.0201,177.0371,0.169,5.13
2025-07-25T07:50:05.629929,huobi,177.0201,177.0299,0.169,5.13
2025-07-25T07:50:05.829927,huobi,177.0222,177.0299,1.553,5.13
2025-07-25T07:50:06.229397,huobi,177.0201,177.0297,0.169,2.98
2025-07-25T07:50:06.258880,bitrue,177.0,177.04,109.215,90.755
2025-07-25T07:50:06.331252,huobi,177.0201,177.0292,0.169,5.13
2025-07-25T07:50:06.429123,huobi,177.0222,177.0292,1.558,5.13
2025-07-25T07:50:07.304168,bitrue,176.98,177.01,120.505,128.313
2025-07-25T07:50:07.631137,huobi,177.0222,177.0297,1.558,2.98
2025-07-25T07:50:07.727652,huobi,177.0222,177.033,1.558,1.518
2025-07-25T07:50:08.230854,huobi,177.0222,177.033,1.558,6.648
2025-07-25T07:50:08.328965,huobi,177.0222,177.0309,1.558,5.13
2025-07-25T07:50:08.631236,huobi,177.0135,177.0223,3.0,5.13
2025-07-25T07:50:08.731248,huobi,177.0135,177.0136,3.0,5.13
2025-07-25T07:50:08.929065,huobi,177.0135,177.0136,3.0,6.652
2025-07-25T07:50:10.246114,bitrue,176.96,177.01,130.274,128.313
2025-07-25T07:50:10.247099,huobi,177.0135,177.0136,0.816,6.652
2025-07-25T07:50:10.247357,huobi,177.0135,177.0136,0.816,1.522
2025-07-25T07:50:10.439900,bitrue,176.96,177.01,130.274,128.313
2025-07-25T07:50:11.129116,huobi,177.0135,177.0447,0.816,5.13
2025-07-25T07:50:11.228929,huobi,177.0135,177.043,0.816,5.13
2025-07-25T07:50:11.429550,huobi,177.0135,177.0149,0.816,1.589
2025-07-25T07:50:12.628348,huobi,177.0135,177.0145,0.816,5.13
2025-07-25T07:50:12.729603,huobi,177.0135,177.0149,0.816,1.589
2025-07-25T07:50:13.229442,huobi,177.0135,177.0146,0.816,5.13
2025-07-25T07:50:13.430133,huobi,177.0135,177.0149,0.816,1.589
2025-07-25T07:50:13.729207,huobi,177.0058,177.0149,1.51,1.589
2025-07-25T07:50:14.230302,huobi,177.0058,177.0147,1.51,5.13
2025-07-25T07:50:14.428878,huobi,177.0058,177.0149,1.51,1.589
2025-07-25T07:50:14.729642,huobi,177.0058,177.0142,1.51,5.13
2025-07-25T07:50:15.236055,huobi,176.9824,177.0104,0.169,1.583
2025-07-25T07:50:15.330363,huobi,176.9824,177.0102,0.169,5.13
2025-07-25T07:50:15.530226,huobi,176.9999,177.0102,1.442,5.13
2025-07-25T07:50:15.729510,huobi,176.9999,177.0034,1.442,5.13
2025-07-25T07:50:16.628199,huobi,176.9999,177.0054,1.442,1.528
2025-07-25T07:50:16.827913,huobi,176.9999,177.0044,1.442,5.13
2025-07-25T07:50:17.730244,huobi,176.9478,176.9616,3.0,5.13
2025-07-25T07:50:17.835021,huobi,176.9478,176.9572,3.0,5.13
2025-07-25T07:50:17.929990,huobi,176.9497,176.9572,1.526,5.13
2025-07-25T07:50:18.229262,huobi,176.9497,176.9573,1.526,1.448
2025-07-25T07:50:18.830486,bitrue,176.92,176.96,135.284,124.088
2025-07-25T07:50:19.878369,bitrue,176.92,176.96,135.284,124.088
2025-07-25T07:50:20.732053,huobi,176.9503,176.9573,5.13,1.448
2025-07-25T07:50:20.831027,huobi,176.9498,176.9573,11.034,1.448
2025-07-25T07:50:23.327832,huobi,176.95,176.9573,5.13,1.448
2025-07-25T07:50:23.629997,huobi,176.9633,177.0119,1.472,5.13
2025-07-25T07:50:23.731228,huobi,176.9696,177.0045,1.508,5.13
2025-07-25T07:50:23.829195,huobi,176.9696,176.9782,1.508,1.477
2025-07-25T07:50:23.929802,huobi,176.9699,176.9782,5.13,1.477
2025-07-25T07:50:24.129015,huobi,176.9696,176.9782,1.508,1.477
2025-07-25T07:50:25.104880,bitrue,176.92,176.98,135.284,91.166
2025-07-25T07:50:25.229877,huobi,176.9498,176.9697,11.034,1.456
2025-07-25T07:50:25.328591,huobi,176.9498,176.9651,11.034,1.463
2025-07-25T07:50:25.528587,huobi,176.955,176.9651,1.598,1.463
2025-07-25T07:50:26.129773,huobi,176.9385,176.9542,0.169,1.566
2025-07-25T07:50:26.427956,huobi,176.9445,176.9542,1.575,1.566
2025-07-25T07:50:27.192326,bitrue,176.92,176.95,135.284,120.51
2025-07-25T07:50:29.528486,huobi,176.9447,176.9542,5.13,1.566
2025-07-25T07:50:30.529566,huobi,176.971,177.0097,1.554,2.98
2025-07-25T07:50:30.630361,huobi,176.971,177.0094,1.554,0.029
2025-07-25T07:50:30.730960,huobi,176.971,177.0093,1.554,5.13
2025-07-25T07:50:30.827314,huobi,176.971,176.9815,1.554,1.454
2025-07-25T07:50:31.382131,bitrue,176.92,176.98,135.284,91.166
2025-07-25T07:50:32.028299,huobi,176.971,176.9809,1.554,5.13
2025-07-25T07:50:32.127890,huobi,176.971,176.9815,1.554,1.454
2025-07-25T07:50:33.232520,huobi,176.971,176.9808,1.554,5.13
2025-07-25T07:50:33.330300,huobi,176.971,176.9754,1.554,5.13
2025-07-25T07:50:33.529136,huobi,176.9385,176.9754,0.169,5.13
2025-07-25T07:50:33.730974,huobi,176.9385,176.972,0.169,1.488
2025-07-25T07:50:33.829966,huobi,176.9628,176.9713,1.529,5.13
2025-07-25T07:50:34.229253,huobi,176.9068,176.9577,5.527,1.531
2025-07-25T07:50:34.328972,huobi,176.9157,176.9577,2.98,1.531
2025-07-25T07:50:34.528874,huobi,176.9478,176.9568,1.576,5.13
2025-07-25T07:50:34.732626,huobi,176.9042,176.95,0.169,1.482
2025-07-25T07:50:34.833166,huobi,176.8893,176.9202,75.599,5.13
2025-07-25T07:50:35.028170,huobi,176.9164,176.9202,1.577,5.13
2025-07-25T07:50:35.230349,huobi,176.9164,176.9227,1.577,5.13
2025-07-25T07:50:35.569869,bitrue,176.89,176.92,120.88,100.131
2025-07-25T07:50:36.130467,huobi,176.8893,176.8894,75.599,5.13
2025-07-25T07:50:36.233455,huobi,176.8847,176.8848,3.0,6.655
2025-07-25T07:50:36.728439,huobi,176.8847,176.8848,3.0,1.525
2025-07-25T07:50:37.028321,huobi,176.8847,176.8848,3.0,6.655
2025-07-25T07:50:37.660105,bitrue,176.83,176.86,124.275,115.01
2025-07-25T07:50:38.628225,huobi,176.8847,176.8848,3.0,1.525
2025-07-25T07:50:39.766466,huobi,176.8847,176.8848,3.0,6.655
2025-07-25T07:50:39.832308,huobi,176.8847,176.8848,3.0,9.635
2025-07-25T07:50:40.329185,huobi,176.865,176.8651,1.5,6.588
2025-07-25T07:50:40.530392,huobi,176.8209,176.8528,5.527,5.13
2025-07-25T07:50:40.728570,huobi,176.847,176.8528,1.463,5.13
2025-07-25T07:50:40.797998,bitrue,176.81,176.86,95.308,115.01
2025-07-25T07:50:40.828851,huobi,176.8209,176.8528,5.527,5.13
2025-07-25T07:50:41.028298,huobi,176.8473,176.8534,1.527,1.449
2025-07-25T07:50:41.432325,huobi,176.8478,176.8888,5.13,5.13
2025-07-25T07:50:41.528543,huobi,176.8566,176.8888,1.454,5.13
2025-07-25T07:50:41.727061,huobi,176.8566,176.8616,1.454,1.442
2025-07-25T07:50:42.528215,huobi,176.8433,176.8607,5.527,5.13
2025-07-25T07:50:42.629956,huobi,176.8433,176.8616,5.527,1.442
2025-07-25T07:50:42.828980,huobi,176.8524,176.8616,1.541,1.442
2025-07-25T07:50:43.828239,huobi,176.8524,176.8613,1.541,5.13
2025-07-25T07:50:44.327388,huobi,176.8209,176.8565,5.527,1.509
2025-07-25T07:50:44.429477,huobi,176.8146,176.8452,0.169,1.443
2025-07-25T07:50:44.549120,huobi,176.8222,176.8735,5.13,5.13
2025-07-25T07:50:44.627281,huobi,176.8374,176.8735,1.536,5.13
2025-07-25T07:50:44.828720,huobi,176.8374,176.8466,1.536,1.456
2025-07-25T07:50:45.527655,huobi,176.8472,176.8842,1.553,2.98
2025-07-25T07:50:45.628067,huobi,176.8474,176.8895,5.13,5.527
2025-07-25T07:50:45.731393,huobi,176.8474,176.8566,5.13,1.469
2025-07-25T07:50:46.630653,huobi,176.8938,176.915,5.13,0.169
2025-07-25T07:50:46.729447,huobi,176.899,176.939,5.13,3.0
2025-07-25T07:50:46.929980,huobi,176.899,176.9192,5.13,1.487
2025-07-25T07:50:47.033070,huobi,176.9101,176.9192,1.468,1.487
2025-07-25T07:50:47.188752,huobi,176.9103,176.939,5.13,3.0
2025-07-25T07:50:47.232443,huobi,176.9514,176.9741,5.13,0.5
2025-07-25T07:50:47.334669,huobi,176.9642,176.9741,5.13,0.5
2025-07-25T07:50:47.433136,huobi,176.9715,176.9741,5.13,0.5
2025-07-25T07:50:47.534291,huobi,176.9715,177.0001,5.13,1.5
2025-07-25T07:50:47.731063,huobi,176.9867,177.0001,5.13,1.5
2025-07-25T07:50:47.830948,huobi,176.9914,177.0001,5.13,1.5
2025-07-25T07:50:47.929397,huobi,176.9911,177.0001,1.548,1.5
2025-07-25T07:50:48.028640,huobi,176.9911,176.9997,1.548,1.536
2025-07-25T07:50:48.153153,bitrue,176.88,176.92,112.964,100.131
2025-07-25T07:50:49.201517,bitrue,176.95,176.98,113.249,91.166
2025-07-25T07:50:49.231430,huobi,177.0,177.0001,6.701,1.5
2025-07-25T07:50:50.241976,bitrue,176.95,177.0,113.249,113.203
2025-07-25T07:50:50.628526,huobi,177.011,177.0237,1.534,1.573
2025-07-25T07:50:51.629627,huobi,177.026,177.0661,1.456,2.98
2025-07-25T07:50:51.729499,huobi,177.026,177.0649,1.456,2.98
2025-07-25T07:50:51.830064,huobi,177.026,177.0357,1.456,1.524
2025-07-25T07:50:51.974883,huobi,177.0341,177.0649,5.13,2.98
2025-07-25T07:50:52.128469,huobi,177.0341,177.0437,5.13,1.47
2025-07-25T07:50:52.460300,bitrue,176.98,177.02,129.499,127.774
2025-07-25T07:50:52.632461,huobi,177.04,177.0649,5.13,2.98
2025-07-25T07:50:52.730124,huobi,177.0435,177.0741,1.445,1.411
2025-07-25T07:50:52.929718,huobi,177.0435,177.0502,1.445,1.501
2025-07-25T07:50:53.231609,huobi,177.0641,177.0991,1.459,2.98
2025-07-25T07:50:53.331487,huobi,177.0822,177.1037,1.58,1.5
2025-07-25T07:50:53.502665,bitrue,176.98,177.04,129.499,126.041
2025-07-25T07:50:53.529140,huobi,177.0867,177.1037,1.449,1.5
2025-07-25T07:50:53.629753,huobi,177.0867,177.0952,1.449,5.13
2025-07-25T07:50:53.730415,huobi,177.0867,177.1037,1.449,1.5
2025-07-25T07:50:53.829514,huobi,177.0867,177.0935,1.449,1.449
2025-07-25T07:50:53.929491,huobi,177.0871,177.0935,5.13,1.449
2025-07-25T07:50:54.029568,huobi,177.0867,177.0935,1.449,1.449
2025-07-25T07:50:54.232507,huobi,177.0868,177.0935,5.13,1.449
2025-07-25T07:50:54.329266,huobi,177.0867,177.0935,1.449,1.449
2025-07-25T07:50:54.547268,bitrue,177.03,177.08,105.223,113.221
2025-07-25T07:50:55.603575,bitrue,177.03,177.08,105.223,113.221
2025-07-25T07:50:55.928055,huobi,177.0515,177.0887,5.527,1.571
2025-07-25T07:50:56.029473,huobi,177.0337,177.0871,5.13,2.98
2025-07-25T07:50:56.128576,huobi,177.0337,177.0792,5.13,1.464
2025-07-25T07:50:56.228299,huobi,177.0676,177.0792,1.511,1.464
2025-07-25T07:50:56.661936,bitrue,177.01,177.05,94.188,123.208
2025-07-25T07:50:57.231487,huobi,177.0676,177.0785,1.511,5.13
2025-07-25T07:50:57.428740,huobi,177.0337,177.0696,5.13,1.6
2025-07-25T07:50:57.694548,bitrue,177.01,177.05,94.188,123.208
2025-07-25T07:50:57.729862,huobi,177.0582,177.0696,1.502,1.6
2025-07-25T07:50:58.427814,huobi,177.0582,177.0687,1.502,5.13
2025-07-25T07:50:58.740736,bitrue,177.01,177.05,94.188,123.208
2025-07-25T07:50:58.828848,huobi,177.0582,177.0696,1.502,1.6
2025-07-25T07:50:59.827841,huobi,177.0582,177.0693,1.502,5.13
2025-07-25T07:50:59.928477,huobi,177.0582,177.0649,1.502,1.467
2025-07-25T07:51:00.039582,huobi,177.0257,177.064,0.169,2.98
2025-07-25T07:51:00.134275,huobi,177.0084,177.0548,5.13,1.446
2025-07-25T07:51:00.333946,huobi,177.0457,177.0548,1.533,1.446
2025-07-25T07:51:00.430540,huobi,176.9895,177.0423,2.98,5.13
2025-07-25T07:51:00.534712,huobi,176.9841,177.0378,5.13,5.13
2025-07-25T07:51:00.629986,huobi,177.0237,177.0253,1.562,8.584
2025-07-25T07:51:00.829122,huobi,176.989,177.0201,0.169,6.659
2025-07-25T07:51:00.840057,bitrue,176.99,177.05,99.935,123.208
2025-07-25T07:51:00.927674,huobi,176.989,177.0145,0.169,1.578
2025-07-25T07:51:01.128937,huobi,177.0077,177.0145,1.571,1.578
2025-07-25T07:51:01.627314,huobi,177.0077,177.0145,1.571,6.708
2025-07-25T07:51:01.829021,huobi,177.0077,177.0145,1.571,1.578
2025-07-25T07:51:01.884676,bitrue,176.95,176.99,113.249,111.066
2025-07-25T07:51:02.728693,huobi,177.0077,177.0145,1.571,6.708
2025-07-25T07:51:02.933398,bitrue,176.95,176.99,113.249,111.066
2025-07-25T07:51:03.128644,huobi,177.0077,177.0145,1.571,1.578
2025-07-25T07:51:03.329605,huobi,177.0077,177.0345,1.571,5.13
2025-07-25T07:51:03.428329,huobi,177.0077,177.0338,1.571,8.11
2025-07-25T07:51:03.627425,huobi,177.0077,177.0169,1.571,1.537
2025-07-25T07:51:04.728055,huobi,177.0143,177.0338,1.499,2.98
2025-07-25T07:51:04.827694,huobi,177.0143,177.0338,1.499,8.11
2025-07-25T07:51:05.027001,huobi,177.0143,177.0219,1.499,1.482
2025-07-25T07:51:06.072612,bitrue,176.95,177.01,113.249,113.803
2025-07-25T07:51:06.330420,huobi,177.024,177.056,1.569,2.822
2025-07-25T07:51:06.528810,huobi,177.024,177.0348,1.569,1.547
2025-07-25T07:51:06.631312,huobi,176.9891,177.0346,5.13,8.11
2025-07-25T07:51:06.727574,huobi,176.989,177.0346,0.169,8.11
2025-07-25T07:51:06.828851,huobi,176.989,177.0234,0.169,1.476
2025-07-25T07:51:06.933506,huobi,176.989,177.021,0.169,8.11
2025-07-25T07:51:07.029189,huobi,176.9934,177.0234,5.13,1.476
2025-07-25T07:51:07.123049,bitrue,176.98,177.01,129.594,113.803
2025-07-25T07:51:07.128111,huobi,177.0142,177.0234,1.523,1.476
2025-07-25T07:51:08.173085,bitrue,176.95,177.01,132.141,113.803
2025-07-25T07:51:08.529116,huobi,177.0233,177.0522,1.57,2.98
2025-07-25T07:51:08.828200,huobi,177.0233,177.0332,1.57,1.561
2025-07-25T07:51:11.120370,bitrue,176.98,177.01,101.812,113.803
2025-07-25T07:51:11.120830,huobi,177.0233,177.0332,1.57,6.691
2025-07-25T07:51:11.120955,huobi,177.0233,177.0332,1.57,1.561
2025-07-25T07:51:11.327480,huobi,177.0233,177.0331,1.57,8.639
2025-07-25T07:51:11.630376,huobi,177.0233,177.0286,1.57,1.497
2025-07-25T07:51:11.728238,huobi,176.9756,177.0286,5.13,6.627
2025-07-25T07:51:12.028847,huobi,177.0167,177.0286,1.551,1.497
2025-07-25T07:51:12.426894,huobi,177.0167,177.0286,1.551,6.627
2025-07-25T07:51:12.927670,huobi,177.0167,177.023,1.551,1.517
2025-07-25T07:51:13.027294,huobi,177.0167,177.023,1.551,6.647
2025-07-25T07:51:13.228349,huobi,177.0167,177.023,1.551,1.517
2025-07-25T07:51:13.409396,bitrue,176.95,177.01,132.141,113.803
2025-07-25T07:51:15.727135,huobi,177.0167,177.023,1.551,6.647
2025-07-25T07:51:19.530102,huobi,177.0167,177.023,1.551,1.517
2025-07-25T07:51:21.328913,huobi,177.0167,177.023,1.551,6.647
2025-07-25T07:51:24.827833,huobi,176.9728,177.0177,5.527,6.588
2025-07-25T07:51:25.026585,huobi,177.0076,177.0177,1.542,6.588
2025-07-25T07:51:25.429240,huobi,177.0076,177.0177,1.542,1.458
2025-07-25T07:51:25.730947,huobi,177.0077,177.0464,5.13,2.98
2025-07-25T07:51:25.828139,huobi,177.0178,177.0464,1.456,8.11
2025-07-25T07:51:25.928661,huobi,177.0178,177.0418,1.456,8.11
2025-07-25T07:51:26.027159,huobi,177.0178,177.0282,1.456,6.695
2025-07-25T07:51:26.328034,huobi,177.0178,177.0279,1.456,2.98
2025-07-25T07:51:26.431603,huobi,176.9496,176.9975,5.13,6.604
2025-07-25T07:51:26.528862,huobi,176.9632,176.9975,5.13,1.474
2025-07-25T07:51:26.629357,huobi,176.9906,176.9975,1.537,1.474
2025-07-25T07:51:27.002303,bitrue,176.95,177.01,132.141,113.803
2025-07-25T07:51:27.031773,huobi,176.9422,176.9829,3.0,1.566
2025-07-25T07:51:27.130345,huobi,176.9422,176.9581,3.0,6.669
2025-07-25T07:51:27.233631,huobi,176.9422,176.943,3.0,6.637
2025-07-25T07:51:27.332101,huobi,176.9422,176.9423,3.0,6.604
2025-07-25T07:51:28.045672,bitrue,176.9,176.93,107.029,124.542
2025-07-25T07:51:28.130349,huobi,176.9422,176.9423,3.0,9.584
2025-07-25T07:51:28.230459,huobi,176.8711,176.9071,66.27,1.554
2025-07-25T07:51:28.330091,huobi,176.8882,176.9,1.53,8.11
2025-07-25T07:51:28.731140,huobi,176.8711,176.8721,66.27,6.598
2025-07-25T07:51:28.929214,huobi,176.8711,176.8721,66.27,1.468
2025-07-25T07:51:29.036157,huobi,176.8711,176.8712,66.27,6.584
2025-07-25T07:51:29.090480,bitrue,176.85,176.89,99.931,116.93
2025-07-25T07:51:29.132896,huobi,176.7857,176.8426,2.98,1.482
2025-07-25T07:51:29.229955,huobi,176.8138,176.8426,5.13,1.482
2025-07-25T07:51:29.346907,huobi,176.8348,176.8426,1.577,1.482
2025-07-25T07:51:30.028064,huobi,176.867,176.892,1.593,2.98
2025-07-25T07:51:30.135513,bitrue,176.8,176.83,101.383,126.364
2025-07-25T07:51:30.227450,huobi,176.8678,176.8743,5.13,1.557
2025-07-25T07:51:30.329346,huobi,176.8845,176.922,5.13,2.98
2025-07-25T07:51:30.430393,huobi,176.9111,176.9324,1.451,3.19
2025-07-25T07:51:30.530340,huobi,176.8868,176.9294,5.13,8.11
2025-07-25T07:51:30.627527,huobi,176.8864,176.9143,8.82,1.539
2025-07-25T07:51:30.728411,huobi,176.8574,176.9108,5.13,8.11
2025-07-25T07:51:30.829550,huobi,176.8349,176.8843,5.13,2.98
2025-07-25T07:51:30.928465,huobi,176.8349,176.8667,5.13,1.548
2025-07-25T07:51:31.031456,huobi,176.7958,176.8432,3.0,8.11
2025-07-25T07:51:31.131981,huobi,176.7958,176.8245,3.0,2.98
2025-07-25T07:51:31.181855,bitrue,176.83,176.91,118.133,121.272
2025-07-25T07:51:31.234007,huobi,176.7958,176.8091,3.0,1.452
2025-07-25T07:51:31.330001,huobi,176.7958,176.8042,3.0,6.722
2025-07-25T07:51:31.432346,huobi,176.7958,176.7994,3.0,6.65
2025-07-25T07:51:31.530036,huobi,176.7958,176.7959,3.0,6.704
2025-07-25T07:51:32.128022,huobi,176.7958,176.7959,3.0,14.038
2025-07-25T07:51:32.231384,huobi,176.7549,176.7748,1.5,5.13
2025-07-25T07:51:32.246893,bitrue,176.75,176.81,132.231,116.888
2025-07-25T07:51:32.328505,huobi,176.7549,176.7658,1.5,2.98
2025-07-25T07:51:32.529924,huobi,176.7549,176.7913,1.5,8.11
2025-07-25T07:51:32.728534,huobi,176.771,176.7958,1.495,5.299
2025-07-25T07:51:32.843909,huobi,176.7795,176.8089,1.47,2.98
2025-07-25T07:51:32.928329,huobi,176.7711,176.7908,5.13,1.478
2025-07-25T07:51:33.028816,huobi,176.7711,176.8089,5.13,2.98
2025-07-25T07:51:33.229495,huobi,176.8006,176.8351,1.539,2.98
2025-07-25T07:51:33.301230,bitrue,176.72,176.75,109.213,130.553
2025-07-25T07:51:33.328098,huobi,176.8056,176.8351,1.552,8.11
2025-07-25T07:51:33.427956,huobi,176.8056,176.8123,1.552,1.571
2025-07-25T07:51:33.628354,huobi,176.8105,176.8351,1.55,2.98
2025-07-25T07:51:33.733694,huobi,176.8327,176.8591,1.525,2.98
2025-07-25T07:51:33.832540,huobi,176.8327,176.8591,1.525,8.11
2025-07-25T07:51:33.929034,huobi,176.8327,176.8422,1.525,1.572
2025-07-25T07:51:34.345614,bitrue,176.78,176.84,107.626,128.855
2025-07-25T07:51:34.628902,huobi,176.8338,176.8422,5.13,1.572
2025-07-25T07:51:34.729601,huobi,176.8506,176.8591,1.55,2.98
2025-07-25T07:51:34.927772,huobi,176.8506,176.8578,1.55,1.555
2025-07-25T07:51:35.131731,huobi,176.8616,176.8636,5.13,10.574
2025-07-25T07:51:35.283021,huobi,176.8635,176.8636,6.644,10.574
2025-07-25T07:51:35.329065,huobi,176.8819,176.9134,1.576,2.98
2025-07-25T07:51:35.394210,bitrue,176.81,176.84,97.135,128.855
2025-07-25T07:51:35.429916,huobi,176.8819,176.8906,1.576,1.558
2025-07-25T07:51:35.627679,huobi,176.8654,176.9134,5.13,2.98
2025-07-25T07:51:35.732182,huobi,176.8878,176.9134,1.449,8.11
2025-07-25T07:51:35.929115,huobi,176.8878,176.8978,1.449,1.442
2025-07-25T07:51:36.228168,huobi,176.9018,176.9224,1.441,8.11
2025-07-25T07:51:36.327061,huobi,176.9018,176.9224,1.441,2.98
2025-07-25T07:51:36.428463,huobi,176.9018,176.9148,1.441,1.545
2025-07-25T07:51:36.443733,bitrue,176.84,176.88,102.962,122.826
2025-07-25T07:51:36.527256,huobi,176.9068,176.9224,1.443,2.98
2025-07-25T07:51:36.728265,huobi,176.9116,176.9224,1.489,2.98
2025-07-25T07:51:36.827432,huobi,176.9116,176.9198,1.489,1.598
2025-07-25T07:51:37.495350,bitrue,176.84,176.89,102.962,133.261
2025-07-25T07:51:37.526565,huobi,176.9116,176.9153,1.489,8.11
2025-07-25T07:51:37.727403,huobi,176.9116,176.9117,1.489,2.98
2025-07-25T07:51:37.827527,huobi,176.9116,176.9117,1.489,8.11
2025-07-25T07:51:38.131554,huobi,176.9116,176.9117,1.489,2.98
2025-07-25T07:51:38.327727,huobi,176.9116,176.9198,1.489,1.598
2025-07-25T07:51:38.530187,huobi,176.9116,176.9198,1.489,6.728
2025-07-25T07:51:38.629510,huobi,176.8574,176.9102,5.13,2.98
2025-07-25T07:51:38.730826,huobi,176.8574,176.9053,5.13,2.98
2025-07-25T07:51:38.829942,huobi,176.9025,176.9053,1.593,2.98
2025-07-25T07:51:38.927060,huobi,176.9025,176.9053,1.593,8.11
2025-07-25T07:51:39.026650,huobi,176.8574,176.9053,5.13,8.11
2025-07-25T07:51:39.127899,huobi,176.8574,176.9002,5.13,1.45
2025-07-25T07:51:39.228219,huobi,176.8574,176.8997,5.13,2.98
2025-07-25T07:51:39.428443,huobi,176.8925,176.8997,1.564,2.98
