timestamp,exchange,bid,ask,bid_vol,ask_vol
2025-07-25T07:48:08.949093,huobi,3.06836,3.06837,162.0,391.85
2025-07-25T07:48:09.030164,huobi,3.06774,3.06807,214.0,378.0
2025-07-25T07:48:09.116036,bitrue,3.0685,3.0686,1260.9,145302.0
2025-07-25T07:48:09.128449,huobi,3.06783,3.06806,162.0,13.85
2025-07-25T07:48:09.228587,huobi,3.06785,3.06786,162.0,378.0
2025-07-25T07:48:09.327516,huobi,3.06785,3.06786,811.92,13.85
2025-07-25T07:48:09.341394,bitrue,3.0685,3.0686,1260.9,145302.0
2025-07-25T07:48:09.527955,huobi,3.06785,3.06786,1228.44,13.85
2025-07-25T07:48:09.727620,huobi,3.06785,3.06786,1969.86,391.85
2025-07-25T07:48:09.829599,huobi,3.06785,3.06786,1697.94,391.85
2025-07-25T07:48:09.927634,huobi,3.06785,3.06786,1697.94,13.85
2025-07-25T07:48:10.027913,huobi,3.06785,3.06786,1697.94,391.85
2025-07-25T07:48:10.329965,huobi,3.06785,3.06786,2398.31,391.85
2025-07-25T07:48:10.528113,huobi,3.06785,3.06786,3065.82,391.85
2025-07-25T07:48:10.829300,huobi,3.06785,3.06786,3336.02,13.85
2025-07-25T07:48:10.929079,huobi,3.06785,3.06786,4029.8,391.85
2025-07-25T07:48:11.028455,huobi,3.06785,3.06786,3597.6,391.85
2025-07-25T07:48:11.129977,huobi,3.06785,3.06786,2808.3,391.85
2025-07-25T07:48:11.227170,huobi,3.06785,3.06786,2808.3,553.85
2025-07-25T07:48:11.436714,bitrue,3.0679,3.068,3674.8,119435.2
2025-07-25T07:48:12.029141,huobi,3.0676,3.06786,281.89,553.85
2025-07-25T07:48:12.128994,huobi,3.0676,3.06761,443.89,378.0
2025-07-25T07:48:12.327667,huobi,3.0676,3.0677,1126.85,378.0
2025-07-25T07:48:12.427970,huobi,3.0676,3.06761,1126.85,391.85
2025-07-25T07:48:12.482094,bitrue,3.0678,3.0679,1707.7,69615.5
2025-07-25T07:48:12.728252,huobi,3.0676,3.06761,844.96,391.85
2025-07-25T07:48:12.932133,huobi,3.06727,3.06733,163.0,378.0
2025-07-25T07:48:13.028266,huobi,3.06725,3.06733,100.0,378.0
2025-07-25T07:48:13.130584,huobi,3.06725,3.06743,100.0,378.0
2025-07-25T07:48:13.228881,huobi,3.06726,3.0675,378.0,279.5
2025-07-25T07:48:13.427362,huobi,3.06726,3.06734,378.0,378.0
2025-07-25T07:48:13.528384,huobi,3.06726,3.06742,378.0,378.0
2025-07-25T07:48:13.727718,huobi,3.06725,3.06728,100.0,378.0
2025-07-25T07:48:13.930010,huobi,3.06725,3.06726,100.0,378.0
2025-07-25T07:48:14.130295,huobi,3.06725,3.06728,100.0,13.85
2025-07-25T07:48:14.231130,huobi,3.06725,3.06727,100.0,378.0
2025-07-25T07:48:14.328440,huobi,3.06727,3.06728,378.0,13.85
2025-07-25T07:48:14.428381,huobi,3.06725,3.06726,100.0,391.85
2025-07-25T07:48:14.830137,huobi,3.06673,3.06682,163.0,378.0
2025-07-25T07:48:14.928880,huobi,3.06675,3.06688,163.0,378.0
2025-07-25T07:48:15.128043,huobi,3.06675,3.06708,163.0,163.0
2025-07-25T07:48:15.229709,huobi,3.06675,3.06676,163.0,378.0
2025-07-25T07:48:15.329149,huobi,3.0667,3.06671,282.36,391.85
2025-07-25T07:48:15.428372,huobi,3.06631,3.06654,378.0,378.0
2025-07-25T07:48:15.620093,bitrue,3.0672,3.0673,12230.9,54410.2
2025-07-25T07:48:15.928311,huobi,3.06628,3.06654,284.49,378.0
2025-07-25T07:48:16.029398,huobi,3.06586,3.06622,378.0,163.0
2025-07-25T07:48:16.128454,huobi,3.06569,3.0658,378.0,378.0
2025-07-25T07:48:16.228712,huobi,3.06569,3.06585,378.0,378.0
2025-07-25T07:48:16.328770,huobi,3.06553,3.06595,378.0,270.53
2025-07-25T07:48:16.444032,huobi,3.06604,3.06631,277.72,378.0
2025-07-25T07:48:16.527690,huobi,3.06589,3.0661,378.0,176.85
2025-07-25T07:48:16.727491,huobi,3.06609,3.0661,378.0,176.85
2025-07-25T07:48:17.428615,huobi,3.06609,3.0661,1126.84,176.85
2025-07-25T07:48:17.628117,huobi,3.06609,3.0661,1108.84,176.85
2025-07-25T07:48:17.727375,bitrue,3.0658,3.0659,86428.2,65796.6
2025-07-25T07:48:18.427507,huobi,3.06629,3.06706,655.25,214.0
2025-07-25T07:48:18.528079,huobi,3.06637,3.0666,672.92,378.0
2025-07-25T07:48:18.627547,huobi,3.06637,3.06647,294.92,541.0
2025-07-25T07:48:18.727936,huobi,3.06646,3.06647,282.76,176.85
2025-07-25T07:48:18.828048,huobi,3.06646,3.06647,282.76,13.85
2025-07-25T07:48:19.028268,huobi,3.06612,3.06638,378.0,378.0
2025-07-25T07:48:19.127804,huobi,3.06612,3.06633,378.0,378.0
2025-07-25T07:48:19.228877,huobi,3.06565,3.06607,214.0,378.0
2025-07-25T07:48:19.328759,huobi,3.06587,3.06604,293.4,163.0
2025-07-25T07:48:19.427956,huobi,3.06523,3.06594,592.0,378.0
2025-07-25T07:48:19.629168,huobi,3.06565,3.06578,671.95,378.0
2025-07-25T07:48:19.830658,huobi,3.06523,3.06561,378.0,274.61
2025-07-25T07:48:19.929591,huobi,3.06523,3.06534,378.0,378.0
2025-07-25T07:48:20.028933,huobi,3.06485,3.06543,2.99,163.0
2025-07-25T07:48:20.130560,huobi,3.06542,3.06543,280.6,163.0
2025-07-25T07:48:20.229333,huobi,3.06517,3.06568,682.94,274.09
2025-07-25T07:48:20.352160,huobi,3.06517,3.06518,682.94,378.0
2025-07-25T07:48:20.430421,huobi,3.06452,3.06488,378.0,378.0
2025-07-25T07:48:20.529751,huobi,3.06436,3.06514,592.0,214.0
2025-07-25T07:48:20.629652,huobi,3.06415,3.06485,592.0,541.0
2025-07-25T07:48:20.729312,huobi,3.06415,3.06484,592.0,378.0
2025-07-25T07:48:20.829440,huobi,3.06483,3.06484,289.63,378.0
2025-07-25T07:48:20.883928,bitrue,3.065,3.0651,39027.6,72833.8
2025-07-25T07:48:20.929081,huobi,3.06452,3.06478,378.0,378.0
2025-07-25T07:48:21.027810,huobi,3.06421,3.06476,592.0,378.0
2025-07-25T07:48:21.127291,huobi,3.06421,3.06463,592.0,378.0
2025-07-25T07:48:21.228098,huobi,3.06421,3.06466,378.0,378.0
2025-07-25T07:48:21.327655,huobi,3.06465,3.06466,271.88,13.85
2025-07-25T07:48:21.828582,huobi,3.06465,3.06466,485.88,13.85
2025-07-25T07:48:21.928654,huobi,3.06465,3.06466,863.88,13.85
2025-07-25T07:48:22.128322,huobi,3.06434,3.06465,378.0,13.85
2025-07-25T07:48:22.228126,huobi,3.06434,3.06455,378.0,378.0
2025-07-25T07:48:22.331887,huobi,3.06434,3.06465,378.0,13.85
2025-07-25T07:48:22.431444,huobi,3.06404,3.06452,2.99,297.73
2025-07-25T07:48:22.528296,huobi,3.06404,3.06432,380.99,378.0
2025-07-25T07:48:22.828043,huobi,3.06404,3.06432,2.99,378.0
2025-07-25T07:48:22.985995,bitrue,3.0644,3.0645,19966.4,72513.5
2025-07-25T07:48:23.028482,huobi,3.06369,3.06404,378.0,13.85
2025-07-25T07:48:23.128750,huobi,3.0637,3.06404,592.0,13.85
2025-07-25T07:48:23.227605,huobi,3.0637,3.06397,378.0,378.0
2025-07-25T07:48:23.527432,huobi,3.06383,3.06397,291.06,378.0
2025-07-25T07:48:23.627618,huobi,3.0637,3.06397,378.0,378.0
2025-07-25T07:48:23.727983,huobi,3.06323,3.06383,592.0,378.0
2025-07-25T07:48:23.827154,huobi,3.06371,3.06382,656.46,13.85
2025-07-25T07:48:23.927804,huobi,3.06371,3.06379,278.46,378.0
2025-07-25T07:48:24.029842,huobi,3.06371,3.06382,378.0,13.85
2025-07-25T07:48:24.227687,huobi,3.06323,3.06375,592.0,378.0
2025-07-25T07:48:24.427772,huobi,3.06323,3.0638,592.0,163.0
2025-07-25T07:48:24.526947,huobi,3.06367,3.06378,670.22,391.85
2025-07-25T07:48:24.627162,huobi,3.06367,3.06375,292.22,378.0
2025-07-25T07:48:24.734348,huobi,3.06367,3.06378,670.22,13.85
2025-07-25T07:48:24.828524,huobi,3.06323,3.06368,378.0,378.0
2025-07-25T07:48:24.930366,huobi,3.06288,3.06378,214.0,378.0
2025-07-25T07:48:25.035019,huobi,3.06288,3.06358,592.0,378.0
2025-07-25T07:48:25.078548,bitrue,3.0638,3.0639,36164.4,56325.9
2025-07-25T07:48:25.173225,huobi,3.06351,3.06356,277.36,378.0
2025-07-25T07:48:25.230509,huobi,3.06351,3.06355,277.36,13.85
2025-07-25T07:48:25.328295,huobi,3.06354,3.06355,298.55,13.85
2025-07-25T07:48:25.529751,huobi,3.06354,3.06355,676.55,13.85
2025-07-25T07:48:26.028956,huobi,3.06394,3.06428,288.3,163.0
2025-07-25T07:48:26.128494,huobi,3.06421,3.0646,274.21,378.0
2025-07-25T07:48:26.228204,huobi,3.06421,3.06422,274.21,541.0
2025-07-25T07:48:26.428432,huobi,3.06421,3.06422,704.42,541.0
2025-07-25T07:48:26.630809,huobi,3.06421,3.06422,1408.94,541.0
2025-07-25T07:48:26.728054,huobi,3.06375,3.06376,278.02,13.85
2025-07-25T07:48:26.828022,huobi,3.06375,3.06376,278.02,391.85
2025-07-25T07:48:27.178018,bitrue,3.064,3.0641,19021.1,34016.8
2025-07-25T07:48:27.228077,huobi,3.06294,3.0636,592.0,378.0
2025-07-25T07:48:27.327953,huobi,3.06307,3.0639,592.0,163.0
2025-07-25T07:48:27.428840,huobi,3.06386,3.06387,288.38,13.85
2025-07-25T07:48:27.528110,huobi,3.06386,3.06387,1015.74,13.85
2025-07-25T07:48:28.128505,huobi,3.06418,3.06421,378.0,704.52
2025-07-25T07:48:28.327602,huobi,3.0642,3.06421,656.92,704.52
2025-07-25T07:48:28.427089,huobi,3.0642,3.06421,656.92,718.37
2025-07-25T07:48:28.628144,huobi,3.0642,3.06421,656.92,13.85
2025-07-25T07:48:29.126989,huobi,3.0642,3.06421,1398.09,13.85
2025-07-25T07:48:29.230814,huobi,3.0642,3.06456,1398.09,296.47
2025-07-25T07:48:29.267147,bitrue,3.0641,3.0642,65608.9,74739.1
2025-07-25T07:48:29.329084,huobi,3.06426,3.06459,214.0,378.0
2025-07-25T07:48:29.428838,huobi,3.06426,3.06459,592.0,378.0
2025-07-25T07:48:29.528277,huobi,3.06444,3.0645,294.0,378.0
2025-07-25T07:48:29.627684,huobi,3.06444,3.06458,294.0,163.0
2025-07-25T07:48:29.727065,huobi,3.06444,3.06448,294.0,378.0
2025-07-25T07:48:29.828100,huobi,3.06444,3.06445,294.0,541.0
2025-07-25T07:48:29.926757,huobi,3.0642,3.06436,741.17,378.0
2025-07-25T07:48:30.126399,huobi,3.06427,3.06442,276.76,13.85
2025-07-25T07:48:30.228195,huobi,3.0642,3.06421,741.17,554.85
2025-07-25T07:48:30.427129,huobi,3.06361,3.06387,378.0,391.85
2025-07-25T07:48:30.527179,huobi,3.06384,3.06386,668.44,163.0
2025-07-25T07:48:30.628815,huobi,3.06315,3.06348,2.99,378.0
2025-07-25T07:48:30.731457,huobi,3.06282,3.06348,378.0,378.0
2025-07-25T07:48:30.828307,huobi,3.06282,3.06334,378.0,378.0
2025-07-25T07:48:30.927769,huobi,3.06333,3.06351,378.0,378.0
2025-07-25T07:48:31.027157,huobi,3.06286,3.06339,592.0,378.0
2025-07-25T07:48:31.327324,huobi,3.06321,3.06338,663.0,391.85
2025-07-25T07:48:31.429951,huobi,3.06337,3.06338,662.18,13.85
2025-07-25T07:48:31.528071,huobi,3.06349,3.0635,674.14,61.0
2025-07-25T07:48:31.628083,huobi,3.06318,3.06331,378.0,378.0
2025-07-25T07:48:31.730574,huobi,3.06318,3.06337,378.0,378.0
2025-07-25T07:48:31.927129,huobi,3.06336,3.06337,289.23,378.0
2025-07-25T07:48:32.027269,huobi,3.06318,3.06336,378.0,13.85
2025-07-25T07:48:32.227679,huobi,3.06327,3.06336,281.63,13.85
2025-07-25T07:48:32.326849,huobi,3.06327,3.06336,659.63,13.85
2025-07-25T07:48:32.427935,huobi,3.06327,3.06332,281.63,378.0
2025-07-25T07:48:32.528864,huobi,3.06327,3.06332,281.63,378.0
2025-07-25T07:48:32.663188,huobi,3.06327,3.06331,659.63,13.85
2025-07-25T07:48:32.728372,huobi,3.06327,3.06328,281.63,378.0
2025-07-25T07:48:32.828644,huobi,3.06327,3.06328,281.63,391.85
2025-07-25T07:48:33.331710,huobi,3.06259,3.06299,214.0,378.0
2025-07-25T07:48:33.429099,huobi,3.06259,3.06306,592.0,378.0
2025-07-25T07:48:33.528956,huobi,3.06259,3.06301,592.0,378.0
2025-07-25T07:48:33.618087,bitrue,3.0634,3.0635,8545.7,55181.9
2025-07-25T07:48:33.629263,huobi,3.06292,3.06309,276.42,13.85
2025-07-25T07:48:33.728192,huobi,3.06292,3.06306,276.42,378.0
2025-07-25T07:48:33.830684,huobi,3.06261,3.06305,378.0,13.85
2025-07-25T07:48:33.928113,huobi,3.06261,3.06292,378.0,378.0
2025-07-25T07:48:34.127926,huobi,3.06261,3.06291,378.0,163.0
2025-07-25T07:48:34.227709,huobi,3.06261,3.06278,378.0,378.0
2025-07-25T07:48:34.329102,huobi,3.06229,3.06266,380.99,378.0
2025-07-25T07:48:34.430574,huobi,3.06222,3.06235,5669.13,378.0
2025-07-25T07:48:34.529255,huobi,3.06198,3.06247,378.0,378.0
2025-07-25T07:48:34.629942,huobi,3.06234,3.06258,291.6,378.0
2025-07-25T07:48:34.729284,huobi,3.06225,3.06258,749.4,378.0
2025-07-25T07:48:34.833287,huobi,3.06225,3.06227,749.4,378.0
2025-07-25T07:48:35.030504,huobi,3.06225,3.06226,749.4,541.0
2025-07-25T07:48:35.130835,huobi,3.06171,3.06216,298.46,214.0
2025-07-25T07:48:35.228661,huobi,3.06171,3.06206,676.46,378.0
2025-07-25T07:48:35.327647,huobi,3.06171,3.06205,676.46,13.85
2025-07-25T07:48:35.427382,huobi,3.06171,3.062,676.46,378.0
2025-07-25T07:48:35.527367,huobi,3.06171,3.06199,676.46,378.0
2025-07-25T07:48:35.628139,huobi,3.06182,3.06198,655.45,13.85
2025-07-25T07:48:35.849134,bitrue,3.0626,3.0628,17855.2,59217.1
2025-07-25T07:48:35.927656,huobi,3.06182,3.06194,277.45,378.0
2025-07-25T07:48:36.027608,huobi,3.06151,3.06196,378.0,163.0
2025-07-25T07:48:36.128091,huobi,3.06151,3.06191,378.0,163.0
2025-07-25T07:48:36.229944,huobi,3.0619,3.06191,671.47,163.0
2025-07-25T07:48:36.327277,huobi,3.0619,3.06191,671.47,176.85
2025-07-25T07:48:36.427663,huobi,3.0619,3.06191,378.0,176.85
2025-07-25T07:48:36.893974,bitrue,3.0617,3.0618,26042.1,9910.2
2025-07-25T07:48:37.227946,huobi,3.0619,3.06191,1097.42,176.85
2025-07-25T07:48:37.427256,huobi,3.0619,3.06191,1836.88,176.85
2025-07-25T07:48:37.527243,huobi,3.0619,3.06191,2111.02,176.85
2025-07-25T07:48:38.528343,huobi,3.0619,3.06191,652.14,176.85
2025-07-25T07:48:38.627901,huobi,3.0619,3.06191,1325.3,176.85
2025-07-25T07:48:38.928129,huobi,3.0619,3.06191,2010.58,176.85
2025-07-25T07:48:40.127307,huobi,3.0619,3.06191,2807.49,176.85
2025-07-25T07:48:40.228354,huobi,3.06196,3.06347,214.0,378.0
2025-07-25T07:48:40.328180,huobi,3.06234,3.06282,657.65,163.0
2025-07-25T07:48:40.427295,huobi,3.06245,3.06282,657.99,163.0
2025-07-25T07:48:40.527107,huobi,3.06245,3.06264,657.99,163.0
2025-07-25T07:48:40.729068,huobi,3.06252,3.06262,296.57,163.0
2025-07-25T07:48:40.829451,huobi,3.06261,3.06262,877.99,163.0
2025-07-25T07:48:40.929842,huobi,3.06191,3.06318,2.99,163.0
2025-07-25T07:48:41.027944,huobi,3.06297,3.06318,675.28,163.0
2025-07-25T07:48:41.227274,huobi,3.06297,3.06311,675.28,378.0
2025-07-25T07:48:41.230595,bitrue,3.0621,3.0622,47827.5,59849.7
2025-07-25T07:48:41.328882,huobi,3.06297,3.06306,297.28,378.0
2025-07-25T07:48:41.428056,huobi,3.06266,3.06284,378.0,378.0
2025-07-25T07:48:41.527654,huobi,3.06266,3.06316,378.0,163.0
2025-07-25T07:48:41.627089,huobi,3.06266,3.06293,378.0,163.0
2025-07-25T07:48:41.734037,huobi,3.062,3.06298,214.0,284.91
2025-07-25T07:48:41.829067,huobi,3.06272,3.06284,378.0,541.0
2025-07-25T07:48:41.927098,huobi,3.06241,3.06278,378.0,378.0
2025-07-25T07:48:42.126916,huobi,3.06268,3.06288,675.59,378.0
2025-07-25T07:48:42.226820,huobi,3.06268,3.06282,675.59,163.0
2025-07-25T07:48:42.276709,bitrue,3.0621,3.0622,47827.5,59847.9
2025-07-25T07:48:42.327506,huobi,3.06276,3.06282,654.32,163.0
2025-07-25T07:48:42.427183,huobi,3.06281,3.06282,658.64,163.0
2025-07-25T07:48:42.575329,huobi,3.06281,3.06282,1377.74,163.0
2025-07-25T07:48:42.626348,huobi,3.06281,3.06282,1377.74,176.85
2025-07-25T07:48:42.727839,huobi,3.06281,3.06282,719.1,554.85
2025-07-25T07:48:42.827705,huobi,3.06281,3.06282,719.1,176.85
2025-07-25T07:48:42.926530,huobi,3.06281,3.06282,719.1,554.85
2025-07-25T07:48:43.027309,huobi,3.06281,3.06282,719.1,176.85
2025-07-25T07:48:43.127385,huobi,3.06271,3.06277,284.95,378.0
2025-07-25T07:48:43.227146,huobi,3.06271,3.06279,662.95,163.0
2025-07-25T07:48:43.327824,bitrue,3.0626,3.0627,20312.2,34417.8
2025-07-25T07:48:43.428205,huobi,3.06271,3.06278,284.95,378.0
2025-07-25T07:48:43.527710,huobi,3.06271,3.06279,284.95,176.85
2025-07-25T07:48:43.727349,huobi,3.06271,3.06277,284.95,391.85
2025-07-25T07:48:43.829169,huobi,3.06271,3.06278,284.95,163.0
2025-07-25T07:48:43.927698,huobi,3.06271,3.06277,284.95,13.85
2025-07-25T07:48:44.027968,huobi,3.062,3.06272,592.0,554.85
2025-07-25T07:48:44.128355,huobi,3.062,3.06271,592.0,13.85
2025-07-25T07:48:44.227021,huobi,3.062,3.06265,592.0,378.0
2025-07-25T07:48:44.327243,huobi,3.062,3.0622,378.0,378.0
2025-07-25T07:48:44.428065,huobi,3.062,3.06214,378.0,13.85
2025-07-25T07:48:44.528125,huobi,3.06213,3.06214,674.85,13.85
2025-07-25T07:48:44.626962,huobi,3.06213,3.06214,296.85,13.85
2025-07-25T07:48:44.730497,huobi,3.06162,3.06198,592.0,378.0
2025-07-25T07:48:44.831693,huobi,3.06152,3.06187,378.0,378.0
2025-07-25T07:48:44.928536,huobi,3.06152,3.06167,378.0,13.85
2025-07-25T07:48:45.036676,huobi,3.06078,3.06167,592.0,378.0
2025-07-25T07:48:45.127481,huobi,3.06126,3.06164,378.0,378.0
2025-07-25T07:48:45.227774,huobi,3.06104,3.0616,214.0,378.0
2025-07-25T07:48:45.327620,huobi,3.06104,3.0616,592.0,378.0
2025-07-25T07:48:45.526893,huobi,3.06134,3.0616,673.75,378.0
2025-07-25T07:48:45.547752,bitrue,3.0623,3.0624,18857.3,51729.6
2025-07-25T07:48:45.727255,huobi,3.06134,3.0617,673.75,163.0
2025-07-25T07:48:45.827194,huobi,3.06134,3.06163,673.75,378.0
2025-07-25T07:48:46.227031,huobi,3.06145,3.06172,282.05,163.0
2025-07-25T07:48:46.327971,huobi,3.06166,3.06167,671.84,163.0
2025-07-25T07:48:46.595777,bitrue,3.0616,3.0624,48.4,51729.6
2025-07-25T07:48:46.627148,huobi,3.06166,3.06167,1373.69,176.85
2025-07-25T07:48:46.727080,huobi,3.06166,3.06167,995.69,176.85
2025-07-25T07:48:46.827522,huobi,3.06166,3.06167,701.85,176.85
2025-07-25T07:48:46.927079,huobi,3.06166,3.06167,701.85,176.85
2025-07-25T07:48:47.027630,huobi,3.06166,3.06167,701.85,541.0
2025-07-25T07:48:47.627747,huobi,3.06166,3.06167,701.85,163.0
2025-07-25T07:48:47.640134,bitrue,3.0616,3.0617,48.4,43548.4
2025-07-25T07:48:47.726747,huobi,3.06166,3.06167,701.85,554.85
2025-07-25T07:48:48.026838,huobi,3.06166,3.06167,701.85,176.85
2025-07-25T07:48:48.427018,huobi,3.06166,3.06167,979.2,176.85
2025-07-25T07:48:48.527280,huobi,3.06166,3.06167,655.35,176.85
2025-07-25T07:48:48.627613,huobi,3.06135,3.06167,378.0,176.85
2025-07-25T07:48:48.727202,huobi,3.06135,3.06166,378.0,541.0
2025-07-25T07:48:48.828417,huobi,3.06156,3.06162,282.6,13.85
2025-07-25T07:48:48.927711,huobi,3.06156,3.06158,282.6,378.0
2025-07-25T07:48:49.027363,huobi,3.06156,3.06166,282.6,163.0
2025-07-25T07:48:49.127266,huobi,3.06156,3.06164,282.6,378.0
2025-07-25T07:48:49.528524,huobi,3.06104,3.06175,592.0,286.73
2025-07-25T07:48:49.629368,huobi,3.06104,3.06145,592.0,378.0
2025-07-25T07:48:49.728048,huobi,3.06104,3.06131,592.0,378.0
2025-07-25T07:48:49.827437,huobi,3.06079,3.06165,592.0,289.76
2025-07-25T07:48:49.928268,huobi,3.06132,3.06133,295.05,391.85
2025-07-25T07:48:50.142465,huobi,3.06079,3.06131,592.0,378.0
2025-07-25T07:48:50.228351,huobi,3.06079,3.06152,592.0,378.0
2025-07-25T07:48:50.328891,huobi,3.06135,3.06149,665.4,163.0
2025-07-25T07:48:50.427507,huobi,3.06135,3.06143,665.4,61.0
2025-07-25T07:48:50.527447,huobi,3.06135,3.0614,287.4,378.0
2025-07-25T07:48:50.628050,huobi,3.06135,3.06141,665.4,13.85
2025-07-25T07:48:50.727449,huobi,3.06135,3.06143,665.4,61.0
2025-07-25T07:48:50.783326,bitrue,3.0613,3.0614,31.8,45200.5
2025-07-25T07:48:50.827838,huobi,3.06142,3.06143,651.61,61.0
2025-07-25T07:48:51.027840,huobi,3.06142,3.06143,1332.39,61.0
2025-07-25T07:48:51.228392,huobi,3.06171,3.06215,650.74,163.0
2025-07-25T07:48:51.327974,huobi,3.06174,3.06191,378.0,163.0
2025-07-25T07:48:51.429889,huobi,3.06199,3.06216,274.25,294.79
2025-07-25T07:48:51.528991,huobi,3.06244,3.06255,378.0,163.0
2025-07-25T07:48:51.629566,huobi,3.06248,3.06255,378.0,163.0
2025-07-25T07:48:51.728831,huobi,3.06272,3.06295,664.34,378.0
2025-07-25T07:48:51.830591,huobi,3.06272,3.06284,664.34,163.0
2025-07-25T07:48:51.928958,huobi,3.06272,3.06284,378.0,163.0
2025-07-25T07:48:52.028273,huobi,3.06272,3.06282,378.0,163.0
2025-07-25T07:48:52.128045,huobi,3.06165,3.06275,500.0,378.0
2025-07-25T07:48:52.228247,huobi,3.06178,3.06253,592.0,378.0
2025-07-25T07:48:52.327579,huobi,3.06178,3.06248,592.0,163.0
2025-07-25T07:48:52.427124,huobi,3.0624,3.06248,669.75,163.0
2025-07-25T07:48:52.575671,huobi,3.06247,3.06248,666.78,176.85
2025-07-25T07:48:52.626982,huobi,3.06247,3.06248,666.78,13.85
2025-07-25T07:48:52.727297,huobi,3.06247,3.06248,1346.32,13.85
2025-07-25T07:48:52.882355,bitrue,3.0625,3.0626,644.3,45978.4
2025-07-25T07:48:53.327411,huobi,3.06265,3.06285,592.0,163.0
2025-07-25T07:48:53.427776,huobi,3.06271,3.06285,592.0,163.0
2025-07-25T07:48:53.528264,huobi,3.06271,3.06301,592.0,291.48
2025-07-25T07:48:53.628034,huobi,3.06281,3.06305,290.02,163.0
2025-07-25T07:48:53.727991,huobi,3.06281,3.063,668.02,378.0
2025-07-25T07:48:53.826569,huobi,3.06281,3.06299,668.02,163.0
2025-07-25T07:48:53.928540,huobi,3.06281,3.06294,668.02,13.85
2025-07-25T07:48:54.027776,huobi,3.06281,3.06293,668.02,163.0
2025-07-25T07:48:54.227102,huobi,3.06281,3.06285,668.02,13.85
2025-07-25T07:48:54.327997,huobi,3.06284,3.06285,659.38,13.85
2025-07-25T07:48:54.828035,huobi,3.06284,3.06286,659.38,163.0
2025-07-25T07:48:54.969088,bitrue,3.0626,3.0627,82365.4,34417.8
2025-07-25T07:48:55.064819,huobi,3.06286,3.06287,561.22,781.3
2025-07-25T07:48:55.127653,huobi,3.06286,3.06287,1731.89,781.3
2025-07-25T07:48:55.228652,huobi,3.06286,3.06287,1139.89,781.3
2025-07-25T07:48:56.626680,huobi,3.06289,3.0632,592.0,163.0
2025-07-25T07:48:56.728295,huobi,3.06311,3.06318,668.77,163.0
2025-07-25T07:48:56.826887,huobi,3.06313,3.06318,214.0,163.0
2025-07-25T07:48:56.927047,huobi,3.06313,3.06317,592.0,163.0
2025-07-25T07:48:57.126777,huobi,3.06322,3.0635,592.0,163.0
2025-07-25T07:48:57.189228,bitrue,3.063,3.0631,11955.8,66058.7
2025-07-25T07:48:57.427297,huobi,3.06332,3.06348,214.0,163.0
2025-07-25T07:48:57.526977,huobi,3.06339,3.06348,290.92,163.0
2025-07-25T07:48:57.627854,huobi,3.06339,3.06342,290.92,163.0
2025-07-25T07:48:57.727443,huobi,3.06297,3.06342,592.0,163.0
2025-07-25T07:48:57.930351,huobi,3.06332,3.06342,651.37,163.0
2025-07-25T07:48:58.028334,huobi,3.06332,3.0634,651.37,163.0
2025-07-25T07:48:58.126677,huobi,3.06332,3.06336,651.37,163.0
2025-07-25T07:48:58.328592,huobi,3.06332,3.06333,651.37,13.85
2025-07-25T07:48:58.428113,huobi,3.06332,3.06333,651.37,176.85
2025-07-25T07:48:58.927184,huobi,3.06332,3.06333,1432.97,176.85
2025-07-25T07:48:59.130240,huobi,3.06332,3.06333,781.6,554.85
2025-07-25T07:48:59.274746,bitrue,3.0632,3.0633,26252.2,59028.2
2025-07-25T07:48:59.527669,huobi,3.06332,3.06333,781.6,844.86
2025-07-25T07:48:59.928337,huobi,3.0626,3.06303,214.0,378.0
2025-07-25T07:49:00.037376,huobi,3.0626,3.06302,378.0,13.85
2025-07-25T07:49:00.147685,huobi,3.0626,3.0629,378.0,288.23
2025-07-25T07:49:00.229029,huobi,3.0626,3.06279,378.0,378.0
2025-07-25T07:49:00.327567,huobi,3.06256,3.0629,657.0,288.23
2025-07-25T07:49:00.428119,huobi,3.06256,3.06289,657.0,13.85
2025-07-25T07:49:00.527671,huobi,3.06267,3.06289,274.93,13.85
2025-07-25T07:49:00.727850,huobi,3.06267,3.06268,274.93,378.0
2025-07-25T07:49:00.829152,huobi,3.06237,3.06282,378.0,13.85
2025-07-25T07:49:00.929093,huobi,3.06243,3.06278,378.0,378.0
2025-07-25T07:49:01.028099,huobi,3.06249,3.06278,285.91,378.0
2025-07-25T07:49:01.128644,huobi,3.06249,3.0625,285.91,378.0
2025-07-25T07:49:01.228944,huobi,3.06249,3.06261,663.91,13.85
2025-07-25T07:49:01.366463,bitrue,3.0627,3.0628,2512.6,34651.2
2025-07-25T07:49:01.426635,huobi,3.06249,3.0626,663.91,378.0
2025-07-25T07:49:01.629007,huobi,3.06171,3.06229,592.0,378.0
2025-07-25T07:49:01.928030,huobi,3.06213,3.0624,666.89,163.0
2025-07-25T07:49:02.027465,huobi,3.06213,3.06238,378.0,378.0
2025-07-25T07:49:02.226414,huobi,3.06215,3.06238,663.69,378.0
2025-07-25T07:49:02.327148,huobi,3.0619,3.06219,378.0,378.0
2025-07-25T07:49:02.426654,huobi,3.06198,3.06238,378.0,378.0
2025-07-25T07:49:02.527644,huobi,3.06198,3.06236,378.0,541.0
2025-07-25T07:49:02.628231,huobi,3.06228,3.06235,677.83,13.85
2025-07-25T07:49:02.727677,huobi,3.06234,3.06235,669.2,13.85
2025-07-25T07:49:02.828106,huobi,3.06172,3.06235,214.0,13.85
2025-07-25T07:49:02.928174,huobi,3.06209,3.06235,378.0,13.85
2025-07-25T07:49:03.027024,huobi,3.06209,3.06221,378.0,378.0
2025-07-25T07:49:03.126898,huobi,3.06209,3.0624,378.0,391.85
2025-07-25T07:49:03.228526,huobi,3.06216,3.0624,661.62,13.85
2025-07-25T07:49:03.326225,huobi,3.06216,3.06239,661.62,378.0
2025-07-25T07:49:03.460827,bitrue,3.0625,3.0626,644.3,98251.4
2025-07-25T07:49:03.628774,huobi,3.06216,3.06237,661.62,176.85
2025-07-25T07:49:03.728379,huobi,3.06216,3.06232,661.62,378.0
2025-07-25T07:49:04.229075,huobi,3.06172,3.0621,592.0,378.0
2025-07-25T07:49:04.329684,huobi,3.06172,3.06226,592.0,163.0
2025-07-25T07:49:04.527984,huobi,3.06193,3.06215,664.59,378.0
2025-07-25T07:49:04.628372,huobi,3.06193,3.06224,664.59,378.0
2025-07-25T07:49:04.727995,huobi,3.06193,3.06213,664.59,378.0
2025-07-25T07:49:04.830873,huobi,3.06193,3.06221,664.59,13.85
2025-07-25T07:49:04.928732,huobi,3.06205,3.06218,378.0,378.0
2025-07-25T07:49:05.026870,huobi,3.06205,3.06217,378.0,13.85
2025-07-25T07:49:05.227368,huobi,3.06206,3.06227,648.24,163.0
2025-07-25T07:49:05.551441,bitrue,3.0621,3.0622,9884.0,45526.5
2025-07-25T07:49:05.626738,huobi,3.06215,3.06227,662.49,163.0
2025-07-25T07:49:05.826630,huobi,3.06215,3.06227,662.49,541.0
2025-07-25T07:49:05.926454,huobi,3.06215,3.06238,662.49,163.0
2025-07-25T07:49:06.026401,huobi,3.06215,3.06234,662.49,163.0
2025-07-25T07:49:06.126891,huobi,3.06215,3.06225,662.49,176.85
2025-07-25T07:49:06.727072,huobi,3.06215,3.06225,378.0,176.85
2025-07-25T07:49:06.829828,huobi,3.06174,3.06207,378.0,13.85
2025-07-25T07:49:06.928600,huobi,3.06179,3.0622,378.0,378.0
2025-07-25T07:49:07.128138,huobi,3.06206,3.06222,648.78,163.0
2025-07-25T07:49:07.228424,huobi,3.06213,3.06222,657.69,163.0
2025-07-25T07:49:07.329659,huobi,3.06225,3.06226,881.34,61.0
2025-07-25T07:49:07.627419,huobi,3.06225,3.06226,667.34,61.0
2025-07-25T07:49:07.826507,huobi,3.06225,3.06226,1663.53,13.85
2025-07-25T07:49:09.264641,huobi,3.06225,3.06226,881.34,13.85
2025-07-25T07:49:09.264677,huobi,3.06225,3.06226,289.34,13.85
2025-07-25T07:49:09.264741,huobi,3.06225,3.06226,289.34,391.85
2025-07-25T07:49:09.264771,huobi,3.06225,3.06226,289.34,13.85
2025-07-25T07:49:09.264909,huobi,3.06225,3.06226,289.34,391.85
2025-07-25T07:49:09.264938,huobi,3.06225,3.06226,289.34,13.85
2025-07-25T07:49:09.264964,huobi,3.06225,3.06226,289.34,391.85
2025-07-25T07:49:09.527955,huobi,3.06225,3.06226,289.34,13.85
2025-07-25T07:49:09.626032,huobi,3.06225,3.06226,1051.49,13.85
2025-07-25T07:49:09.827516,huobi,3.06225,3.06226,1051.49,391.85
2025-07-25T07:49:10.126565,huobi,3.06225,3.06226,1051.49,13.85
2025-07-25T07:49:10.326728,huobi,3.06225,3.06226,1051.49,391.85
2025-07-25T07:49:10.726256,huobi,3.06225,3.06226,762.15,391.85
2025-07-25T07:49:11.327679,huobi,3.06225,3.06226,762.15,391.85
2025-07-25T07:49:11.428000,huobi,3.06163,3.06196,378.0,378.0
2025-07-25T07:49:11.626938,huobi,3.06211,3.06225,276.43,176.85
2025-07-25T07:49:11.727126,huobi,3.06211,3.06212,276.43,378.0
2025-07-25T07:49:11.829051,huobi,3.06163,3.06212,378.0,378.0
2025-07-25T07:49:12.029181,huobi,3.06141,3.06212,592.0,378.0
2025-07-25T07:49:12.156371,huobi,3.06141,3.06177,592.0,378.0
2025-07-25T07:49:12.227856,huobi,3.06188,3.06207,298.68,293.06
2025-07-25T07:49:12.327985,huobi,3.06198,3.06226,378.0,378.0
2025-07-25T07:49:12.427941,huobi,3.06197,3.06204,287.7,378.0
2025-07-25T07:49:12.626846,huobi,3.06197,3.06202,287.7,378.0
2025-07-25T07:49:12.826945,huobi,3.06147,3.06203,592.0,13.85
2025-07-25T07:49:12.897658,bitrue,3.062,3.0621,12951.6,20199.9
2025-07-25T07:49:12.930451,huobi,3.06147,3.06203,592.0,378.0
2025-07-25T07:49:13.026413,huobi,3.06197,3.06202,673.14,13.85
2025-07-25T07:49:13.126327,huobi,3.06197,3.06202,295.14,13.85
2025-07-25T07:49:13.226617,huobi,3.06197,3.06218,673.14,285.08
2025-07-25T07:49:13.326124,huobi,3.06197,3.06214,673.14,378.0
2025-07-25T07:49:13.426492,huobi,3.06147,3.06214,592.0,378.0
2025-07-25T07:49:13.526393,huobi,3.06134,3.06182,378.0,13.85
2025-07-25T07:49:13.626892,huobi,3.06134,3.06164,378.0,378.0
2025-07-25T07:49:13.827297,huobi,3.06144,3.06145,649.55,61.0
2025-07-25T07:49:14.428250,huobi,3.06144,3.06145,649.55,74.85
2025-07-25T07:49:14.528470,huobi,3.0616,3.06248,378.0,378.0
2025-07-25T07:49:14.628307,huobi,3.06206,3.06234,378.0,163.0
2025-07-25T07:49:14.926335,huobi,3.06219,3.06224,278.38,378.0
2025-07-25T07:49:14.988880,bitrue,3.0613,3.0614,31.8,9760.9
2025-07-25T07:49:15.026536,huobi,3.06219,3.06222,656.38,163.0
2025-07-25T07:49:15.127252,huobi,3.06219,3.0622,278.38,378.0
2025-07-25T07:49:15.427245,huobi,3.06219,3.06221,278.38,13.85
2025-07-25T07:49:15.725943,huobi,3.06219,3.06236,278.38,163.0
2025-07-25T07:49:16.226667,huobi,3.06219,3.06234,278.38,163.0
2025-07-25T07:49:16.327188,huobi,3.06219,3.06227,278.38,378.0
2025-07-25T07:49:16.426627,huobi,3.06219,3.06228,278.38,163.0
2025-07-25T07:49:16.927519,huobi,3.06219,3.06226,278.38,163.0
2025-07-25T07:49:17.028586,huobi,3.06233,3.06297,491.94,378.0
2025-07-25T07:49:17.083869,bitrue,3.0621,3.0622,29290.6,45526.5
2025-07-25T07:49:17.128043,huobi,3.06254,3.06266,673.55,163.0
2025-07-25T07:49:18.326012,huobi,3.06254,3.06258,673.55,13.85
2025-07-25T07:49:18.527799,huobi,3.06254,3.06255,295.55,378.0
2025-07-25T07:49:18.727391,huobi,3.06254,3.06255,1053.37,391.85
2025-07-25T07:49:19.127345,huobi,3.06254,3.06255,1053.37,13.85
2025-07-25T07:49:19.173687,bitrue,3.0624,3.0625,92876.2,65.0
2025-07-25T07:49:19.726872,huobi,3.06254,3.06255,757.82,13.85
2025-07-25T07:49:19.927444,huobi,3.06254,3.06255,757.82,554.85
2025-07-25T07:49:20.227348,huobi,3.06254,3.06255,757.82,888.34
2025-07-25T07:49:20.729001,huobi,3.06254,3.06255,757.82,888.34
2025-07-25T07:49:21.127055,huobi,3.06254,3.06255,757.82,888.34
2025-07-25T07:49:21.259577,bitrue,3.0621,3.0622,29290.6,54722.2
2025-07-25T07:49:21.726711,huobi,3.06254,3.06255,757.82,510.34
2025-07-25T07:49:22.026940,huobi,3.06254,3.06255,757.82,510.34
2025-07-25T07:49:22.228686,huobi,3.06284,3.06323,378.0,378.0
2025-07-25T07:49:22.327669,huobi,3.06314,3.06322,378.0,163.0
2025-07-25T07:49:22.527282,huobi,3.06314,3.06351,378.0,163.0
2025-07-25T07:49:22.727288,huobi,3.06306,3.0633,378.0,378.0
2025-07-25T07:49:22.827659,huobi,3.06306,3.06328,378.0,378.0
2025-07-25T07:49:22.926154,huobi,3.06306,3.06322,378.0,163.0
2025-07-25T07:49:23.127379,huobi,3.06306,3.06329,378.0,163.0
2025-07-25T07:49:23.230531,huobi,3.06306,3.06328,214.0,163.0
2025-07-25T07:49:23.328134,huobi,3.06327,3.06368,378.0,378.0
2025-07-25T07:49:23.350386,bitrue,3.0628,3.0629,96428.3,30891.6
2025-07-25T07:49:23.453216,huobi,3.06327,3.06367,378.0,163.0
2025-07-25T07:49:23.627561,huobi,3.06327,3.06358,378.0,163.0
2025-07-25T07:49:23.826874,huobi,3.06327,3.06354,378.0,163.0
2025-07-25T07:49:24.326958,huobi,3.06353,3.06354,378.0,163.0
2025-07-25T07:49:24.426540,huobi,3.06353,3.06354,378.0,176.85
2025-07-25T07:49:24.526744,huobi,3.06353,3.06354,1146.85,176.85
2025-07-25T07:49:24.726132,huobi,3.06353,3.06354,768.85,176.85
2025-07-25T07:49:25.454086,bitrue,3.0633,3.0634,65987.5,26009.4
2025-07-25T07:49:25.926362,huobi,3.06353,3.06354,768.85,554.85
2025-07-25T07:49:26.326215,huobi,3.06353,3.06354,768.85,554.85
2025-07-25T07:49:26.628049,huobi,3.06353,3.06354,768.85,176.85
2025-07-25T07:49:26.729275,huobi,3.06353,3.06354,768.85,13.85
2025-07-25T07:49:26.828807,huobi,3.06383,3.06401,378.0,163.0
2025-07-25T07:49:26.927997,huobi,3.06376,3.0639,378.0,163.0
2025-07-25T07:49:27.027032,huobi,3.06387,3.06388,378.0,163.0
2025-07-25T07:49:27.128955,huobi,3.06387,3.06388,378.0,176.85
2025-07-25T07:49:27.326822,huobi,3.06387,3.06407,378.0,378.0
2025-07-25T07:49:27.429596,huobi,3.06387,3.06403,378.0,378.0
2025-07-25T07:49:27.529275,huobi,3.06406,3.06419,378.0,378.0
2025-07-25T07:49:27.631389,huobi,3.06406,3.0643,378.0,163.0
2025-07-25T07:49:27.729007,huobi,3.06406,3.06419,378.0,541.0
2025-07-25T07:49:27.827134,huobi,3.06406,3.06418,378.0,378.0
2025-07-25T07:49:27.938395,huobi,3.06393,3.06418,378.0,378.0
2025-07-25T07:49:28.029316,huobi,3.06413,3.06434,378.0,163.0
2025-07-25T07:49:28.327896,huobi,3.06413,3.06432,378.0,554.85
2025-07-25T07:49:28.426887,huobi,3.06413,3.06423,378.0,378.0
2025-07-25T07:49:28.526848,huobi,3.06411,3.06412,283.43,378.0
2025-07-25T07:49:28.627544,huobi,3.06411,3.06422,283.43,378.0
2025-07-25T07:49:28.726859,huobi,3.06411,3.06419,283.43,378.0
2025-07-25T07:49:28.826581,huobi,3.06411,3.06418,283.43,378.0
2025-07-25T07:49:28.927507,huobi,3.06411,3.06417,283.43,13.85
2025-07-25T07:49:29.029304,huobi,3.06387,3.06415,61.0,163.0
2025-07-25T07:49:29.126909,huobi,3.06392,3.06417,378.0,13.85
2025-07-25T07:49:29.226506,huobi,3.06392,3.06415,378.0,176.85
2025-07-25T07:49:29.327021,huobi,3.06408,3.06415,378.0,176.85
2025-07-25T07:49:29.525956,huobi,3.06414,3.06415,378.0,176.85
2025-07-25T07:49:29.629549,bitrue,3.0642,3.0643,72236.3,71067.2
2025-07-25T07:49:29.826920,huobi,3.06409,3.06415,61.0,13.85
2025-07-25T07:49:29.926391,huobi,3.06409,3.06416,439.0,378.0
2025-07-25T07:49:30.026376,huobi,3.06409,3.06413,61.0,378.0
2025-07-25T07:49:31.526422,huobi,3.06391,3.06392,293.04,378.0
2025-07-25T07:49:31.626430,huobi,3.06391,3.06392,293.04,219.54
2025-07-25T07:49:31.725754,huobi,3.06391,3.06392,1050.19,219.54
2025-07-25T07:49:31.730821,bitrue,3.0642,3.0643,72236.3,71065.3
2025-07-25T07:49:31.826028,huobi,3.06391,3.06419,1050.19,280.13
2025-07-25T07:49:31.926005,huobi,3.06391,3.06402,1050.19,378.0
2025-07-25T07:49:32.026483,huobi,3.06391,3.06402,757.15,378.0
2025-07-25T07:49:32.128079,huobi,3.06391,3.06392,757.15,378.0
2025-07-25T07:49:32.227012,huobi,3.06391,3.06392,757.15,882.21
2025-07-25T07:49:32.326896,huobi,3.06391,3.06392,757.15,896.06
2025-07-25T07:49:32.928134,huobi,3.06391,3.06392,757.15,896.06
2025-07-25T07:49:33.527253,huobi,3.06361,3.06392,214.0,61.0
2025-07-25T07:49:33.626638,huobi,3.0636,3.06361,378.0,61.0
2025-07-25T07:49:33.831555,bitrue,3.0634,3.0635,87912.2,41046.2
2025-07-25T07:49:34.127575,huobi,3.06272,3.0635,214.0,378.0
2025-07-25T07:49:34.227395,huobi,3.06326,3.0635,378.0,378.0
2025-07-25T07:49:34.329078,huobi,3.06308,3.0635,214.0,378.0
2025-07-25T07:49:34.428120,huobi,3.06315,3.06328,378.0,378.0
2025-07-25T07:49:34.627883,huobi,3.06308,3.06328,378.0,378.0
2025-07-25T07:49:34.728387,huobi,3.06312,3.06328,284.26,378.0
2025-07-25T07:49:34.927267,huobi,3.06286,3.06328,214.0,378.0
2025-07-25T07:49:35.026655,huobi,3.06295,3.06328,378.0,378.0
2025-07-25T07:49:35.128562,huobi,3.06296,3.06328,378.0,378.0
2025-07-25T07:49:35.228407,huobi,3.06302,3.06328,272.08,378.0
2025-07-25T07:49:35.329182,huobi,3.06243,3.06294,214.0,378.0
2025-07-25T07:49:35.427828,huobi,3.06243,3.06294,378.0,287.61
2025-07-25T07:49:35.528201,huobi,3.06243,3.06264,378.0,378.0
2025-07-25T07:49:35.629192,huobi,3.06188,3.0626,378.0,283.19
2025-07-25T07:49:35.729570,huobi,3.06193,3.0623,378.0,378.0
2025-07-25T07:49:35.830356,huobi,3.06124,3.06228,214.0,163.0
2025-07-25T07:49:35.929245,huobi,3.06124,3.06212,214.0,378.0
2025-07-25T07:49:36.028454,huobi,3.06213,3.0623,286.74,378.0
2025-07-25T07:49:36.127998,huobi,3.06228,3.06229,273.34,378.0
2025-07-25T07:49:36.227070,huobi,3.06203,3.06229,378.0,378.0
2025-07-25T07:49:36.427281,huobi,3.06224,3.06238,277.61,378.0
2025-07-25T07:49:36.548032,huobi,3.06225,3.06238,378.0,378.0
2025-07-25T07:49:36.726231,huobi,3.06224,3.06238,277.61,378.0
2025-07-25T07:49:36.927416,huobi,3.06225,3.06238,378.0,378.0
2025-07-25T07:49:37.028038,huobi,3.06232,3.06241,294.82,378.0
2025-07-25T07:49:37.326900,huobi,3.06209,3.06241,378.0,378.0
2025-07-25T07:49:37.526598,huobi,3.06226,3.06241,295.16,378.0
2025-07-25T07:49:37.627030,huobi,3.06231,3.06246,378.0,297.94
2025-07-25T07:49:37.727137,huobi,3.06226,3.06245,295.16,378.0
2025-07-25T07:49:37.826742,huobi,3.06227,3.06245,378.0,378.0
2025-07-25T07:49:38.025334,bitrue,3.0622,3.0623,31486.2,9395.4
2025-07-25T07:49:38.027325,huobi,3.06154,3.06214,214.0,378.0
2025-07-25T07:49:38.127924,huobi,3.06155,3.06238,378.0,297.04
2025-07-25T07:49:38.227771,huobi,3.06202,3.06211,378.0,378.0
2025-07-25T07:49:38.326915,huobi,3.0621,3.06211,276.9,391.85
2025-07-25T07:49:38.626557,huobi,3.0621,3.06211,984.26,13.85
2025-07-25T07:49:38.727458,huobi,3.0621,3.06211,984.26,391.85
2025-07-25T07:49:38.927373,huobi,3.0621,3.06211,984.26,13.85
2025-07-25T07:49:39.031909,huobi,3.06236,3.06292,378.0,378.0
2025-07-25T07:49:39.069358,bitrue,3.0622,3.0623,31486.2,9395.4
2025-07-25T07:49:39.226223,huobi,3.06235,3.06241,288.15,378.0
2025-07-25T07:49:39.427184,huobi,3.06238,3.06252,378.0,378.0
2025-07-25T07:49:39.526342,huobi,3.06238,3.06254,378.0,13.85
2025-07-25T07:49:39.629302,huobi,3.06238,3.06254,378.0,391.85
2025-07-25T07:49:39.727258,huobi,3.06238,3.06254,378.0,13.85
2025-07-25T07:49:39.826762,huobi,3.06235,3.06254,288.15,13.85
2025-07-25T07:49:39.928850,huobi,3.06275,3.06292,378.0,378.0
2025-07-25T07:49:40.028010,huobi,3.06254,3.06273,378.0,378.0
2025-07-25T07:49:40.127455,huobi,3.06252,3.06273,378.0,378.0
2025-07-25T07:49:40.227754,huobi,3.06249,3.06273,378.0,378.0
2025-07-25T07:49:40.326574,huobi,3.06249,3.06274,378.0,13.85
2025-07-25T07:49:40.426582,huobi,3.06273,3.06274,378.0,13.85
2025-07-25T07:49:40.627361,huobi,3.06273,3.0628,378.0,163.0
2025-07-25T07:49:40.726076,huobi,3.06273,3.06279,378.0,163.0
2025-07-25T07:49:40.927710,huobi,3.06273,3.06275,378.0,176.85
2025-07-25T07:49:41.160304,bitrue,3.0624,3.0625,68124.2,9359.5
2025-07-25T07:49:41.328754,huobi,3.06304,3.06338,378.0,163.0
2025-07-25T07:49:41.427483,huobi,3.06304,3.06322,378.0,163.0
2025-07-25T07:49:41.526673,huobi,3.06304,3.06319,378.0,163.0
2025-07-25T07:49:41.629113,huobi,3.06304,3.06316,378.0,163.0
2025-07-25T07:49:42.129755,huobi,3.06297,3.06311,283.57,378.0
2025-07-25T07:49:42.326724,huobi,3.06308,3.06315,378.0,13.85
2025-07-25T07:49:42.626318,huobi,3.06308,3.06333,378.0,297.4
2025-07-25T07:49:42.926365,huobi,3.06308,3.06327,378.0,378.0
2025-07-25T07:49:43.127016,huobi,3.06308,3.06333,378.0,297.4
2025-07-25T07:49:43.227766,huobi,3.06339,3.0636,378.0,163.0
2025-07-25T07:49:43.246343,bitrue,3.0629,3.063,97838.5,61199.1
2025-07-25T07:49:43.530746,huobi,3.0637,3.0639,378.0,681.64
2025-07-25T07:49:43.727476,huobi,3.06389,3.0639,661.84,681.64
2025-07-25T07:49:44.226769,huobi,3.06389,3.0639,283.84,681.64
2025-07-25T07:49:44.526561,huobi,3.06389,3.0639,283.84,695.49
2025-07-25T07:49:44.726030,huobi,3.06389,3.0639,1025.8,681.64
2025-07-25T07:49:44.828909,huobi,3.06224,3.0636,214.0,378.0
2025-07-25T07:49:44.931487,huobi,3.06326,3.06382,378.0,378.0
2025-07-25T07:49:45.028564,huobi,3.06326,3.06359,378.0,163.0
2025-07-25T07:49:45.126850,huobi,3.06328,3.06342,284.28,378.0
2025-07-25T07:49:45.326874,huobi,3.06278,3.06306,214.0,378.0
2025-07-25T07:49:45.332842,bitrue,3.064,3.0641,51430.6,34651.9
2025-07-25T07:49:45.426799,huobi,3.06281,3.06306,378.0,378.0
2025-07-25T07:49:45.626898,huobi,3.06296,3.06306,289.24,378.0
2025-07-25T07:49:45.830630,huobi,3.06271,3.06306,2543.3,378.0
2025-07-25T07:49:45.929728,huobi,3.06243,3.06278,378.0,378.0
2025-07-25T07:49:46.027119,huobi,3.06241,3.06278,378.0,378.0
2025-07-25T07:49:46.226842,huobi,3.06244,3.06251,299.99,378.0
2025-07-25T07:49:46.328161,huobi,3.06238,3.06251,378.0,378.0
2025-07-25T07:49:46.376215,bitrue,3.064,3.0641,51428.6,34651.9
2025-07-25T07:49:46.428218,huobi,3.06194,3.06242,214.0,378.0
2025-07-25T07:49:46.527474,huobi,3.06215,3.06246,378.0,378.0
2025-07-25T07:49:46.627459,huobi,3.06228,3.06246,378.0,378.0
2025-07-25T07:49:46.730030,huobi,3.06216,3.06246,378.0,277.89
2025-07-25T07:49:46.970504,huobi,3.06216,3.06237,378.0,378.0
2025-07-25T07:49:47.127583,huobi,3.06216,3.06246,378.0,277.89
2025-07-25T07:49:47.227179,huobi,3.06225,3.06277,275.59,378.0
2025-07-25T07:49:47.327670,huobi,3.06225,3.063,275.59,214.0
2025-07-25T07:49:47.422871,bitrue,3.0628,3.0629,37077.6,88673.5
2025-07-25T07:49:47.427966,huobi,3.06214,3.06264,378.0,163.0
2025-07-25T07:49:47.527475,huobi,3.06214,3.0625,378.0,295.85
2025-07-25T07:49:47.627048,huobi,3.06214,3.06241,378.0,378.0
2025-07-25T07:49:47.727814,huobi,3.06222,3.06241,378.0,378.0
2025-07-25T07:49:48.026352,huobi,3.06222,3.06241,378.0,378.0
2025-07-25T07:49:48.127079,huobi,3.06222,3.06247,378.0,378.0
2025-07-25T07:49:48.469575,bitrue,3.0625,3.0626,23165.8,35982.4
2025-07-25T07:49:48.826667,huobi,3.06234,3.06249,378.0,13.85
2025-07-25T07:49:48.926331,huobi,3.06228,3.06244,282.6,378.0
2025-07-25T07:49:49.327176,huobi,3.0622,3.06244,378.0,378.0
2025-07-25T07:49:49.428338,huobi,3.0622,3.06247,378.0,13.85
2025-07-25T07:49:49.526530,huobi,3.06237,3.0625,378.0,295.85
2025-07-25T07:49:49.626193,huobi,3.06213,3.0623,378.0,378.0
2025-07-25T07:49:49.726908,huobi,3.06213,3.06239,378.0,378.0
2025-07-25T07:49:49.827514,huobi,3.0621,3.06221,378.0,378.0
2025-07-25T07:49:49.927254,huobi,3.06216,3.06232,378.0,378.0
2025-07-25T07:49:50.128606,huobi,3.06216,3.06235,378.0,272.48
2025-07-25T07:49:50.228220,huobi,3.06237,3.06287,378.0,378.0
2025-07-25T07:49:50.327703,huobi,3.06237,3.06256,278.18,378.0
2025-07-25T07:49:50.427502,huobi,3.06247,3.06248,378.0,13.85
2025-07-25T07:49:50.529292,huobi,3.06247,3.06261,378.0,163.0
2025-07-25T07:49:50.633430,huobi,3.06189,3.0619,738.66,378.0
2025-07-25T07:49:50.829005,huobi,3.06206,3.06283,214.0,163.0
2025-07-25T07:49:50.928717,huobi,3.06206,3.06256,592.0,378.0
2025-07-25T07:49:51.027929,huobi,3.06214,3.06253,388.0,13.85
2025-07-25T07:49:51.127528,huobi,3.06237,3.06252,668.87,163.0
2025-07-25T07:49:51.428419,huobi,3.06238,3.06251,10.0,378.0
2025-07-25T07:49:51.606818,bitrue,3.0622,3.0623,31486.2,14445.6
2025-07-25T07:49:51.726770,huobi,3.06238,3.06252,10.0,163.0
2025-07-25T07:49:51.827635,huobi,3.06238,3.06252,388.0,163.0
2025-07-25T07:49:52.027153,huobi,3.06238,3.06239,10.0,378.0
2025-07-25T07:49:52.126802,huobi,3.06238,3.06239,10.0,391.85
2025-07-25T07:49:52.226072,huobi,3.06238,3.06239,802.61,391.85
2025-07-25T07:49:52.653811,bitrue,3.0624,3.0625,33455.2,47.8
2025-07-25T07:49:52.827275,huobi,3.06238,3.06239,1481.6,391.85
2025-07-25T07:49:53.028004,huobi,3.0619,3.06209,10.0,378.0
2025-07-25T07:49:53.128877,huobi,3.06191,3.06192,10.0,378.0
2025-07-25T07:49:53.426579,huobi,3.06191,3.06192,795.35,378.0
2025-07-25T07:49:53.528110,huobi,3.06188,3.06192,5862.76,378.0
2025-07-25T07:49:53.726956,huobi,3.06188,3.06189,5862.76,13.85
2025-07-25T07:49:53.827070,huobi,3.06188,3.06189,5872.76,13.85
2025-07-25T07:49:54.026720,huobi,3.06188,3.06189,6360.28,13.85
2025-07-25T07:49:54.426995,huobi,3.06188,3.06189,6146.28,13.85
2025-07-25T07:49:54.626709,huobi,3.06188,3.06189,6146.28,391.85
2025-07-25T07:49:54.827737,huobi,3.06188,3.06189,5862.76,13.85
2025-07-25T07:49:54.927549,huobi,3.06188,3.06189,5862.76,391.85
2025-07-25T07:49:55.027241,huobi,3.06188,3.06189,5862.76,554.85
2025-07-25T07:49:55.128369,huobi,3.06188,3.06189,6619.28,834.17
2025-07-25T07:49:55.727439,huobi,3.06188,3.06189,6619.28,176.85
2025-07-25T07:49:55.799494,bitrue,3.062,3.0621,44.7,21753.7
2025-07-25T07:49:55.926043,huobi,3.06188,3.06189,7367.07,176.85
2025-07-25T07:49:56.428545,huobi,3.0622,3.0629,291.63,378.0
2025-07-25T07:49:56.541735,huobi,3.06226,3.0627,214.0,163.0
2025-07-25T07:49:56.627810,huobi,3.06195,3.06283,214.0,163.0
2025-07-25T07:49:56.728556,huobi,3.06237,3.06253,10.0,163.0
2025-07-25T07:49:56.828016,huobi,3.06207,3.06218,61.0,378.0
2025-07-25T07:49:56.845077,bitrue,3.0618,3.0619,37862.2,28527.2
2025-07-25T07:49:56.930419,huobi,3.06208,3.06247,388.0,378.0
2025-07-25T07:49:57.026499,huobi,3.06212,3.06227,657.74,163.0
2025-07-25T07:49:57.126881,huobi,3.06212,3.06225,279.74,378.0
2025-07-25T07:49:57.425832,huobi,3.06213,3.06225,388.0,163.0
2025-07-25T07:49:57.726650,huobi,3.06223,3.06224,656.96,176.85
2025-07-25T07:49:57.827514,huobi,3.06232,3.06233,662.81,61.0
2025-07-25T07:49:58.126111,huobi,3.06242,3.06267,670.18,272.55
2025-07-25T07:49:58.229319,huobi,3.06243,3.06266,214.0,163.0
2025-07-25T07:49:58.326654,huobi,3.06243,3.06264,592.0,163.0
2025-07-25T07:49:58.825985,huobi,3.06244,3.06262,388.0,163.0
2025-07-25T07:49:58.926632,huobi,3.06244,3.06261,388.0,13.85
2025-07-25T07:49:59.228290,huobi,3.06252,3.06261,214.0,13.85
2025-07-25T07:49:59.328499,huobi,3.06252,3.06298,592.0,378.0
2025-07-25T07:49:59.428632,huobi,3.06218,3.06308,378.0,163.0
2025-07-25T07:49:59.528765,huobi,3.06231,3.06291,388.0,378.0
2025-07-25T07:49:59.630139,huobi,3.06244,3.0632,592.0,270.84
2025-07-25T07:49:59.728680,huobi,3.0631,3.06359,280.81,378.0
2025-07-25T07:49:59.828413,huobi,3.0632,3.06351,378.0,163.0
2025-07-25T07:49:59.927773,huobi,3.06325,3.06383,388.0,378.0
2025-07-25T07:49:59.980974,bitrue,3.0624,3.0625,98974.2,47.8
2025-07-25T07:50:00.036637,huobi,3.06325,3.06383,388.0,378.0
2025-07-25T07:50:00.129606,huobi,3.06365,3.06404,661.84,378.0
2025-07-25T07:50:00.226997,huobi,3.06365,3.06404,283.84,378.0
2025-07-25T07:50:00.328043,huobi,3.06366,3.06411,388.0,378.0
2025-07-25T07:50:00.428415,huobi,3.06252,3.06349,592.0,378.0
2025-07-25T07:50:00.527741,huobi,3.06348,3.06349,61.0,378.0
2025-07-25T07:50:01.023863,bitrue,3.0636,3.0637,111721.5,212089.3
2025-07-25T07:50:01.027193,huobi,3.0633,3.06331,281.59,378.0
2025-07-25T07:50:01.127480,huobi,3.0633,3.06331,281.59,391.85
2025-07-25T07:50:01.327900,huobi,3.0633,3.06331,964.39,13.85
2025-07-25T07:50:01.530310,huobi,3.06378,3.06398,277.44,378.0
2025-07-25T07:50:01.631593,huobi,3.06338,3.0638,10.0,378.0
2025-07-25T07:50:01.928140,huobi,3.06363,3.06364,10.0,378.0
2025-07-25T07:50:02.028533,huobi,3.06363,3.06364,695.65,378.0
2025-07-25T07:50:02.127769,huobi,3.06363,3.06364,685.65,378.0
2025-07-25T07:50:02.228228,huobi,3.06363,3.06364,685.65,554.85
2025-07-25T07:50:02.328838,huobi,3.06363,3.06364,967.54,176.85
2025-07-25T07:50:02.428004,huobi,3.06367,3.06434,592.0,163.0
2025-07-25T07:50:02.631286,huobi,3.06398,3.06404,270.49,378.0
2025-07-25T07:50:02.731868,huobi,3.06398,3.06403,648.49,163.0
2025-07-25T07:50:02.827969,huobi,3.06398,3.06402,648.49,13.85
2025-07-25T07:50:03.117085,bitrue,3.0637,3.0638,30018.0,99885.8
2025-07-25T07:50:03.328094,huobi,3.06398,3.06402,270.49,13.85
2025-07-25T07:50:03.428300,huobi,3.06398,3.06399,61.0,13.85
2025-07-25T07:50:03.528652,huobi,3.06368,3.06399,2.99,541.0
2025-07-25T07:50:03.627699,huobi,3.06369,3.06396,388.0,378.0
2025-07-25T07:50:03.728969,huobi,3.06384,3.06396,288.16,378.0
2025-07-25T07:50:03.827754,huobi,3.06385,3.06386,10.0,378.0
2025-07-25T07:50:04.127967,huobi,3.06342,3.06343,378.0,278.11
2025-07-25T07:50:04.229382,huobi,3.06342,3.06343,10.0,278.11
2025-07-25T07:50:04.329938,huobi,3.06324,3.06343,2543.4,291.96
2025-07-25T07:50:04.429106,huobi,3.06326,3.06343,10.0,13.85
2025-07-25T07:50:04.529208,huobi,3.06326,3.06337,10.0,378.0
2025-07-25T07:50:04.631298,huobi,3.06326,3.06327,10.0,667.94
2025-07-25T07:50:04.829669,huobi,3.06268,3.06292,388.0,290.69
2025-07-25T07:50:05.128951,huobi,3.06268,3.06291,388.0,13.85
2025-07-25T07:50:05.203536,bitrue,3.0636,3.0637,111721.5,104985.9
2025-07-25T07:50:05.230185,huobi,3.06268,3.06269,388.0,285.31
2025-07-25T07:50:05.430588,huobi,3.06268,3.06269,388.0,299.16
2025-07-25T07:50:05.529344,huobi,3.06268,3.06269,1071.25,299.16
2025-07-25T07:50:05.629214,huobi,3.06268,3.06269,693.25,299.16
2025-07-25T07:50:06.428253,huobi,3.06268,3.06269,1431.43,299.16
2025-07-25T07:50:06.827964,huobi,3.06268,3.06269,2157.72,299.16
2025-07-25T07:50:07.295273,bitrue,3.063,3.0631,38401.7,95459.5
2025-07-25T07:50:08.228692,huobi,3.06268,3.06269,2900.0,299.16
2025-07-25T07:50:08.528022,huobi,3.06268,3.06269,10.0,299.16
2025-07-25T07:50:08.729127,huobi,3.06244,3.06251,388.0,270.14
2025-07-25T07:50:08.828147,huobi,3.06244,3.0625,388.0,13.85
2025-07-25T07:50:08.928137,huobi,3.06244,3.06247,10.0,378.0
2025-07-25T07:50:09.027656,huobi,3.06244,3.06245,388.0,280.57
2025-07-25T07:50:10.246674,huobi,3.06244,3.06245,388.0,294.42
2025-07-25T07:50:10.247019,huobi,3.06244,3.06245,10.0,294.42
2025-07-25T07:50:10.247260,huobi,3.06244,3.06245,388.0,294.42
2025-07-25T07:50:10.247457,huobi,3.06244,3.06245,1118.62,294.42
2025-07-25T07:50:11.028637,huobi,3.06244,3.06245,1332.62,13.85
2025-07-25T07:50:11.128113,huobi,3.0625,3.06312,592.0,378.0
2025-07-25T07:50:11.228254,huobi,3.06252,3.06274,388.0,378.0
2025-07-25T07:50:11.330478,huobi,3.06262,3.06284,378.0,13.85
2025-07-25T07:50:11.428425,huobi,3.06263,3.0627,388.0,297.82
2025-07-25T07:50:11.476456,bitrue,3.0628,3.0629,211350.9,97578.0
2025-07-25T07:50:11.729566,huobi,3.06263,3.06264,378.0,276.11
2025-07-25T07:50:11.828433,huobi,3.06244,3.06245,730.62,674.85
2025-07-25T07:50:11.928255,huobi,3.06244,3.06245,730.62,674.85
2025-07-25T07:50:12.428925,huobi,3.06244,3.06245,730.62,837.85
2025-07-25T07:50:12.522051,bitrue,3.0625,3.0626,94109.6,115979.2
2025-07-25T07:50:12.827826,huobi,3.06214,3.06215,5862.76,378.0
2025-07-25T07:50:12.928453,huobi,3.06214,3.06215,5862.76,812.0
2025-07-25T07:50:13.128120,huobi,3.06214,3.06215,5862.76,825.85
2025-07-25T07:50:13.428862,huobi,3.06215,3.06246,2.99,378.0
2025-07-25T07:50:13.528232,huobi,3.06215,3.06241,378.0,163.0
2025-07-25T07:50:13.728102,huobi,3.06214,3.06215,5872.76,282.61
2025-07-25T07:50:13.828314,huobi,3.06214,3.06215,6604.67,282.61
2025-07-25T07:50:13.928484,huobi,3.06214,3.06215,6594.67,445.61
2025-07-25T07:50:14.127879,huobi,3.06214,3.06215,6594.67,837.46
2025-07-25T07:50:15.027851,huobi,3.06214,3.06215,5575.87,837.46
2025-07-25T07:50:15.129156,huobi,3.0615,3.06151,2.99,676.39
2025-07-25T07:50:15.328236,huobi,3.0615,3.06151,2.99,839.39
2025-07-25T07:50:15.428698,huobi,3.0615,3.06151,800.01,176.85
2025-07-25T07:50:15.528305,huobi,3.0615,3.06151,800.01,465.87
2025-07-25T07:50:15.629260,huobi,3.0615,3.06151,800.01,843.87
2025-07-25T07:50:15.662513,bitrue,3.0621,3.0622,6354.9,105796.1
2025-07-25T07:50:15.727721,huobi,3.0615,3.06151,800.01,904.87
2025-07-25T07:50:16.627511,huobi,3.0615,3.06151,800.01,526.87
2025-07-25T07:50:16.713727,bitrue,3.0613,3.0614,31.8,46821.8
2025-07-25T07:50:16.727207,huobi,3.0615,3.06151,1520.32,904.87
2025-07-25T07:50:16.827303,huobi,3.0615,3.06151,800.01,904.87
2025-07-25T07:50:17.928402,huobi,3.0608,3.06084,2.99,378.0
2025-07-25T07:50:18.028480,huobi,3.06033,3.06062,388.0,378.0
2025-07-25T07:50:18.128974,huobi,3.06033,3.06046,388.0,378.0
2025-07-25T07:50:18.228922,huobi,3.06033,3.06053,388.0,285.26
2025-07-25T07:50:18.328688,huobi,3.06033,3.0605,388.0,391.85
2025-07-25T07:50:18.428101,huobi,3.06033,3.0605,388.0,13.85
2025-07-25T07:50:18.828194,huobi,3.06042,3.0605,388.0,13.85
2025-07-25T07:50:18.928357,huobi,3.06042,3.06052,388.0,13.85
2025-07-25T07:50:19.227735,huobi,3.06042,3.06052,602.0,13.85
2025-07-25T07:50:19.866570,bitrue,3.0607,3.0608,41958.8,297103.6
2025-07-25T07:50:19.927141,huobi,3.06042,3.06052,388.0,13.85
2025-07-25T07:50:20.027832,huobi,3.06047,3.06052,388.0,13.85
2025-07-25T07:50:20.730709,huobi,3.06069,3.06113,592.0,378.0
2025-07-25T07:50:20.830608,huobi,3.06069,3.06096,378.0,378.0
2025-07-25T07:50:20.929157,huobi,3.06069,3.06081,378.0,378.0
2025-07-25T07:50:21.027916,huobi,3.06037,3.06081,378.0,378.0
2025-07-25T07:50:21.128737,huobi,3.06047,3.06076,388.0,285.96
2025-07-25T07:50:21.228540,huobi,3.06047,3.06075,388.0,378.0
2025-07-25T07:50:21.329121,huobi,3.06054,3.06073,388.0,378.0
2025-07-25T07:50:21.427187,huobi,3.06054,3.06075,388.0,13.85
2025-07-25T07:50:21.527216,huobi,3.06054,3.06075,388.0,391.85
2025-07-25T07:50:21.629690,huobi,3.06054,3.06074,388.0,163.0
2025-07-25T07:50:21.728326,huobi,3.06054,3.06067,388.0,290.61
2025-07-25T07:50:21.827915,huobi,3.06054,3.06065,388.0,378.0
2025-07-25T07:50:21.928390,huobi,3.06054,3.06064,388.0,13.85
2025-07-25T07:50:22.028244,huobi,3.06054,3.06062,388.0,13.85
2025-07-25T07:50:22.628210,huobi,3.06055,3.0614,214.0,214.0
2025-07-25T07:50:22.730045,huobi,3.06061,3.06109,592.0,378.0
2025-07-25T07:50:22.827980,huobi,3.06061,3.06112,592.0,163.0
2025-07-25T07:50:22.927135,huobi,3.06061,3.0611,592.0,378.0
2025-07-25T07:50:23.026988,huobi,3.06061,3.06079,592.0,298.97
2025-07-25T07:50:23.527145,huobi,3.0607,3.06079,388.0,298.97
2025-07-25T07:50:23.628864,huobi,3.06077,3.06079,214.0,298.97
2025-07-25T07:50:23.728396,huobi,3.06078,3.06079,736.71,298.97
2025-07-25T07:50:23.827488,huobi,3.06078,3.06079,1114.71,298.97
2025-07-25T07:50:23.928825,huobi,3.06078,3.06079,1328.71,298.97
2025-07-25T07:50:24.049532,bitrue,3.0607,3.0608,41958.8,297102.6
2025-07-25T07:50:24.231116,huobi,3.06078,3.06079,1328.71,280.23
2025-07-25T07:50:25.327566,huobi,3.06078,3.06079,1104.71,280.23
2025-07-25T07:50:26.128630,huobi,3.06078,3.06079,726.71,280.23
2025-07-25T07:50:26.228905,huobi,3.06075,3.06078,388.0,71.81
2025-07-25T07:50:27.233534,huobi,3.06075,3.06078,602.0,71.81
2025-07-25T07:50:28.226869,huobi,3.06077,3.06078,388.0,71.81
2025-07-25T07:50:28.528058,huobi,3.06077,3.06079,388.0,280.23
2025-07-25T07:50:29.526998,huobi,3.06078,3.06079,388.0,280.23
2025-07-25T07:50:30.629739,huobi,3.06074,3.06144,214.0,13.85
2025-07-25T07:50:30.728127,huobi,3.05966,3.06075,214.0,378.0
2025-07-25T07:50:30.827083,huobi,3.06053,3.06074,2553.6,13.85
2025-07-25T07:50:30.926602,huobi,3.06067,3.06068,296.89,378.0
2025-07-25T07:50:31.126447,huobi,3.06067,3.06068,1045.53,378.0
2025-07-25T07:50:31.326773,huobi,3.06067,3.06068,758.64,378.0
2025-07-25T07:50:31.526723,huobi,3.06067,3.06072,758.64,378.0
2025-07-25T07:50:31.928466,huobi,3.06068,3.06069,10.0,378.0
2025-07-25T07:50:32.227282,huobi,3.06068,3.06075,388.0,280.81
2025-07-25T07:50:32.526118,huobi,3.06068,3.06074,388.0,13.85
2025-07-25T07:50:32.628187,huobi,3.06067,3.06068,748.64,554.85
2025-07-25T07:50:33.230315,huobi,3.06067,3.06068,748.64,836.2
2025-07-25T07:50:33.527995,huobi,3.06043,3.06068,274.58,176.85
2025-07-25T07:50:33.629590,huobi,3.06043,3.06044,284.58,378.0
2025-07-25T07:50:34.228443,huobi,3.06043,3.06044,4.62,378.0
2025-07-25T07:50:34.328304,huobi,3.0599,3.06044,592.0,378.0
2025-07-25T07:50:34.429289,huobi,3.06003,3.06021,383.0,378.0
2025-07-25T07:50:34.528136,huobi,3.06009,3.06021,5.0,378.0
2025-07-25T07:50:34.629078,huobi,3.05952,3.0601,5.0,378.0
2025-07-25T07:50:34.730046,huobi,3.05982,3.06009,5.0,176.85
2025-07-25T07:50:34.830621,huobi,3.05948,3.05953,5.0,378.0
2025-07-25T07:50:34.943010,huobi,3.05945,3.05953,4688.23,378.0
2025-07-25T07:50:35.027674,huobi,3.05945,3.05946,4688.23,378.0
2025-07-25T07:50:35.127893,huobi,3.05945,3.0596,4986.1,378.0
2025-07-25T07:50:35.230128,huobi,3.05945,3.05946,4688.23,378.0
2025-07-25T07:50:35.428155,huobi,3.05917,3.05946,5.0,378.0
2025-07-25T07:50:35.559045,bitrue,3.0606,3.0607,35965.3,116473.2
2025-07-25T07:50:35.628312,huobi,3.05917,3.05918,5.0,378.0
2025-07-25T07:50:36.230978,huobi,3.0581,3.05897,32.7,541.0
2025-07-25T07:50:36.330338,huobi,3.05823,3.05866,214.0,378.0
2025-07-25T07:50:36.431501,huobi,3.05848,3.05866,5.0,378.0
2025-07-25T07:50:36.530152,huobi,3.05853,3.05887,214.0,378.0
2025-07-25T07:50:36.628990,huobi,3.05853,3.05886,214.0,13.85
2025-07-25T07:50:36.728157,huobi,3.05873,3.05884,378.0,13.85
2025-07-25T07:50:36.828235,huobi,3.05873,3.05878,378.0,13.85
2025-07-25T07:50:36.928276,huobi,3.05873,3.05877,378.0,163.0
2025-07-25T07:50:37.330566,huobi,3.05876,3.05877,653.36,163.0
2025-07-25T07:50:37.650670,bitrue,3.059,3.0591,3050.8,99282.6
2025-07-25T07:50:38.127364,huobi,3.05877,3.05878,675.7,176.85
2025-07-25T07:50:38.695931,bitrue,3.0588,3.0589,12801.4,9463.0
2025-07-25T07:50:38.830688,huobi,3.05933,3.05965,378.0,541.0
2025-07-25T07:50:38.928729,huobi,3.05947,3.05959,378.0,163.0
2025-07-25T07:50:39.132738,huobi,3.05948,3.05954,378.0,163.0
2025-07-25T07:50:39.227200,huobi,3.05948,3.05952,378.0,163.0
2025-07-25T07:50:39.766424,huobi,3.05946,3.0595,293.22,163.0
2025-07-25T07:50:39.828262,huobi,3.05878,3.05918,2.99,378.0
2025-07-25T07:50:39.928904,huobi,3.05884,3.05887,163.0,378.0
2025-07-25T07:50:40.027710,huobi,3.05818,3.05857,163.0,378.0
2025-07-25T07:50:40.127865,huobi,3.05849,3.05855,163.0,378.0
2025-07-25T07:50:40.228212,huobi,3.05855,3.05856,378.0,13.85
2025-07-25T07:50:40.329129,huobi,3.05871,3.05886,378.0,163.0
2025-07-25T07:50:40.427275,huobi,3.05863,3.05886,378.0,163.0
2025-07-25T07:50:40.529495,huobi,3.05848,3.05869,378.0,378.0
2025-07-25T07:50:40.628296,huobi,3.05842,3.0586,378.0,378.0
2025-07-25T07:50:40.728011,huobi,3.05853,3.05866,378.0,378.0
2025-07-25T07:50:40.828192,huobi,3.05853,3.05856,378.0,13.85
2025-07-25T07:50:40.927166,huobi,3.05815,3.05854,378.0,378.0
2025-07-25T07:50:41.027453,huobi,3.0581,3.05864,378.0,163.0
2025-07-25T07:50:41.128084,huobi,3.05827,3.05837,163.0,378.0
2025-07-25T07:50:41.227141,huobi,3.05831,3.05837,378.0,378.0
2025-07-25T07:50:41.332219,huobi,3.05893,3.05898,378.0,163.0
2025-07-25T07:50:41.431712,huobi,3.05842,3.05898,214.0,163.0
2025-07-25T07:50:41.527641,huobi,3.05867,3.05892,378.0,378.0
2025-07-25T07:50:41.627707,huobi,3.05882,3.05891,277.79,163.0
2025-07-25T07:50:41.726824,huobi,3.05886,3.05895,61.0,289.09
2025-07-25T07:50:41.827541,huobi,3.05886,3.05889,61.0,378.0
2025-07-25T07:50:41.853033,bitrue,3.0587,3.0588,217.4,26385.3
2025-07-25T07:50:41.927571,huobi,3.05888,3.05889,61.0,378.0
2025-07-25T07:50:42.528023,huobi,3.05888,3.05889,830.13,378.0
2025-07-25T07:50:42.827142,huobi,3.05888,3.05889,830.13,682.55
2025-07-25T07:50:42.906552,bitrue,3.059,3.0591,36617.9,20799.5
2025-07-25T07:50:43.529298,huobi,3.05888,3.05889,439.0,13.85
2025-07-25T07:50:43.928223,huobi,3.05888,3.05889,61.0,13.85
2025-07-25T07:50:44.027664,huobi,3.05888,3.05889,61.0,391.85
2025-07-25T07:50:44.227200,huobi,3.05888,3.05889,439.0,13.85
2025-07-25T07:50:44.827729,huobi,3.05888,3.05911,61.0,163.0
2025-07-25T07:50:44.927682,huobi,3.05896,3.05897,378.0,163.0
2025-07-25T07:50:45.227966,huobi,3.05893,3.05894,378.0,176.85
2025-07-25T07:50:46.527468,huobi,3.05893,3.05894,1103.77,176.85
2025-07-25T07:50:46.630388,huobi,3.05923,3.05954,378.0,163.0
2025-07-25T07:50:46.828490,huobi,3.05923,3.0595,378.0,163.0
2025-07-25T07:50:47.030556,huobi,3.05949,3.06002,378.0,378.0
2025-07-25T07:50:47.185187,huobi,3.05954,3.06067,214.0,214.0
2025-07-25T07:50:47.230267,huobi,3.06005,3.06071,214.0,163.0
2025-07-25T07:50:47.330851,huobi,3.0607,3.06204,214.0,214.0
2025-07-25T07:50:47.431286,huobi,3.06092,3.06137,289.72,378.0
2025-07-25T07:50:47.533277,huobi,3.06107,3.06131,282.46,163.0
2025-07-25T07:50:47.632219,huobi,3.06021,3.06131,378.0,163.0
2025-07-25T07:50:47.730187,huobi,3.06027,3.06131,214.0,163.0
2025-07-25T07:50:47.830224,huobi,3.06108,3.06131,298.09,163.0
2025-07-25T07:50:47.928337,huobi,3.0608,3.06087,378.0,378.0
2025-07-25T07:50:48.027946,huobi,3.06084,3.0609,378.0,296.52
2025-07-25T07:50:48.428592,huobi,3.06082,3.06085,739.69,378.0
2025-07-25T07:50:48.528350,huobi,3.06083,3.06184,163.0,378.0
2025-07-25T07:50:48.627517,huobi,3.06095,3.06114,378.0,378.0
2025-07-25T07:50:48.728583,huobi,3.06079,3.06102,378.0,163.0
2025-07-25T07:50:48.829657,huobi,3.0608,3.0609,163.0,378.0
2025-07-25T07:50:48.928494,huobi,3.06082,3.06083,378.0,284.33
2025-07-25T07:50:49.027501,huobi,3.06082,3.06083,541.0,298.18
2025-07-25T07:50:49.193574,bitrue,3.0611,3.0612,32747.5,55497.9
2025-07-25T07:50:49.230942,huobi,3.06082,3.06083,541.0,284.33
2025-07-25T07:50:49.527402,huobi,3.06082,3.06083,541.0,298.18
2025-07-25T07:50:49.927417,huobi,3.06098,3.06113,378.0,541.0
2025-07-25T07:50:50.027084,huobi,3.06098,3.06111,378.0,163.0
2025-07-25T07:50:50.127132,huobi,3.06098,3.06099,378.0,297.88
2025-07-25T07:50:50.227299,huobi,3.06098,3.06099,378.0,460.88
2025-07-25T07:50:50.427753,huobi,3.06098,3.06099,686.18,460.88
2025-07-25T07:50:50.528526,huobi,3.06098,3.06099,686.18,913.73
2025-07-25T07:50:51.399553,bitrue,3.061,3.0611,17029.5,53978.1
2025-07-25T07:50:51.629077,huobi,3.06098,3.06099,686.18,535.73
2025-07-25T07:50:51.828418,huobi,3.06098,3.06099,686.18,913.73
2025-07-25T07:50:51.971190,huobi,3.06128,3.06153,378.0,378.0
2025-07-25T07:50:52.026758,huobi,3.06109,3.06122,378.0,163.0
2025-07-25T07:50:52.329824,huobi,3.06109,3.0612,378.0,163.0
2025-07-25T07:50:52.631838,huobi,3.06119,3.0612,378.0,163.0
2025-07-25T07:50:53.027944,huobi,3.06154,3.0618,378.0,378.0
2025-07-25T07:50:53.128082,huobi,3.06145,3.06165,378.0,163.0
2025-07-25T07:50:53.230176,huobi,3.06145,3.06154,378.0,163.0
2025-07-25T07:50:53.330494,huobi,3.06193,3.06209,378.0,163.0
2025-07-25T07:50:53.493773,bitrue,3.0611,3.0612,78075.4,55497.9
2025-07-25T07:50:53.528651,huobi,3.06188,3.06209,378.0,163.0
2025-07-25T07:50:53.629134,huobi,3.06156,3.06188,214.0,276.73
2025-07-25T07:50:53.728834,huobi,3.06177,3.06188,378.0,276.73
2025-07-25T07:50:53.828017,huobi,3.06187,3.06188,378.0,276.73
2025-07-25T07:50:53.928426,huobi,3.06187,3.06188,439.0,276.73
2025-07-25T07:50:54.029211,huobi,3.06217,3.06243,378.0,163.0
2025-07-25T07:50:54.128527,huobi,3.06204,3.06243,378.0,163.0
2025-07-25T07:50:54.231486,huobi,3.06204,3.06205,378.0,442.13
2025-07-25T07:50:54.327711,huobi,3.06204,3.06205,378.0,163.0
2025-07-25T07:50:54.527487,huobi,3.06204,3.06205,378.0,452.03
2025-07-25T07:50:54.827265,huobi,3.06188,3.06189,439.0,290.64
2025-07-25T07:50:55.127290,huobi,3.06188,3.06189,439.0,304.49
2025-07-25T07:50:55.592890,bitrue,3.062,3.0621,32828.6,97776.0
2025-07-25T07:50:55.626987,huobi,3.06188,3.06189,1170.68,304.49
2025-07-25T07:50:55.927479,huobi,3.05949,3.06189,378.0,390.85
2025-07-25T07:50:56.028900,huobi,3.06089,3.06108,378.0,163.0
2025-07-25T07:50:56.227665,huobi,3.06089,3.0609,378.0,308.43
2025-07-25T07:50:56.643920,bitrue,3.061,3.0611,17029.5,46296.1
2025-07-25T07:50:56.873263,huobi,3.06089,3.0609,1105.01,308.43
2025-07-25T07:50:57.328925,huobi,3.06089,3.0609,727.01,308.43
2025-07-25T07:50:57.627108,huobi,3.06089,3.0609,727.01,471.43
2025-07-25T07:50:57.727419,huobi,3.06089,3.0609,727.01,849.43
2025-07-25T07:50:58.527706,huobi,3.06019,3.0606,214.0,277.69
2025-07-25T07:50:58.627076,huobi,3.06049,3.0606,378.0,277.69
2025-07-25T07:50:58.727926,huobi,3.06049,3.06059,378.0,13.85
2025-07-25T07:50:59.027241,huobi,3.06038,3.06059,278.58,13.85
2025-07-25T07:50:59.127882,huobi,3.06058,3.06059,378.0,13.85
2025-07-25T07:50:59.782117,bitrue,3.0608,3.0609,25538.8,52551.7
2025-07-25T07:51:00.039070,huobi,3.05984,3.06059,378.0,391.85
2025-07-25T07:51:00.131173,huobi,3.06019,3.06059,214.0,13.85
2025-07-25T07:51:00.229413,huobi,3.05994,3.06036,163.0,378.0
2025-07-25T07:51:00.332467,huobi,3.05997,3.06008,163.0,378.0
2025-07-25T07:51:00.430243,huobi,3.05961,3.05972,163.0,378.0
2025-07-25T07:51:00.530313,huobi,3.05917,3.05966,163.0,378.0
2025-07-25T07:51:00.628890,huobi,3.05917,3.05964,163.0,214.0
2025-07-25T07:51:00.730189,huobi,3.05895,3.05918,163.0,378.0
2025-07-25T07:51:00.827531,huobi,3.05897,3.05918,378.0,378.0
2025-07-25T07:51:00.830876,bitrue,3.0603,3.0604,68246.9,76882.5
2025-07-25T07:51:00.926882,huobi,3.059,3.05918,163.0,378.0
2025-07-25T07:51:01.028121,huobi,3.05902,3.05903,541.0,287.78
2025-07-25T07:51:01.127060,huobi,3.05902,3.05903,163.0,287.78
2025-07-25T07:51:01.227359,huobi,3.05866,3.05903,378.0,828.78
2025-07-25T07:51:01.328775,huobi,3.05891,3.05894,378.0,282.12
2025-07-25T07:51:01.428844,huobi,3.05882,3.05893,378.0,378.0
2025-07-25T07:51:01.526315,huobi,3.05882,3.05894,378.0,282.12
2025-07-25T07:51:01.768927,huobi,3.05871,3.05885,378.0,291.49
2025-07-25T07:51:01.828992,huobi,3.05901,3.05902,378.0,163.0
2025-07-25T07:51:02.226560,huobi,3.05901,3.05902,1131.82,176.85
2025-07-25T07:51:02.728259,huobi,3.05901,3.05902,1131.82,453.14
2025-07-25T07:51:02.827073,huobi,3.05901,3.05902,753.82,453.14
2025-07-25T07:51:03.026403,huobi,3.05901,3.05902,753.82,453.14
2025-07-25T07:51:03.329271,huobi,3.05901,3.05902,1131.82,176.85
2025-07-25T07:51:03.526435,huobi,3.05901,3.05902,378.0,176.85
2025-07-25T07:51:03.726327,huobi,3.05901,3.05902,1097.57,454.94
2025-07-25T07:51:03.826615,huobi,3.05901,3.05902,1097.57,176.85
2025-07-25T07:51:03.929141,huobi,3.05931,3.05974,378.0,378.0
2025-07-25T07:51:03.974062,bitrue,3.0589,3.059,17824.0,9390.7
2025-07-25T07:51:04.026297,huobi,3.05931,3.05941,378.0,378.0
2025-07-25T07:51:04.127176,huobi,3.05927,3.05934,378.0,163.0
2025-07-25T07:51:04.226561,huobi,3.05927,3.05929,378.0,176.85
2025-07-25T07:51:05.020115,bitrue,3.0592,3.0593,79404.0,24616.3
2025-07-25T07:51:05.026457,huobi,3.05927,3.05929,378.0,176.85
2025-07-25T07:51:05.127115,huobi,3.05931,3.05992,214.0,378.0
2025-07-25T07:51:05.226457,huobi,3.05961,3.05973,378.0,163.0
2025-07-25T07:51:05.427980,huobi,3.05942,3.05953,378.0,271.31
2025-07-25T07:51:05.525975,huobi,3.05938,3.05949,378.0,163.0
2025-07-25T07:51:05.625502,huobi,3.05938,3.05949,378.0,163.0
2025-07-25T07:51:05.925951,huobi,3.05948,3.05949,378.0,163.0
2025-07-25T07:51:06.126310,huobi,3.05948,3.05949,1164.61,176.85
2025-07-25T07:51:06.227736,huobi,3.05948,3.06059,1164.61,214.0
2025-07-25T07:51:06.329958,huobi,3.05978,3.06014,378.0,378.0
2025-07-25T07:51:06.427077,huobi,3.05978,3.06002,378.0,378.0
2025-07-25T07:51:06.527990,huobi,3.05953,3.06,214.0,163.0
2025-07-25T07:51:06.630867,huobi,3.05961,3.05962,378.0,278.36
2025-07-25T07:51:06.827714,huobi,3.05948,3.05949,786.61,824.14
2025-07-25T07:51:06.933165,huobi,3.05948,3.05949,786.61,446.14
2025-07-25T07:51:07.127254,huobi,3.05975,3.05976,378.0,839.29
2025-07-25T07:51:07.427181,huobi,3.05975,3.05976,378.0,853.14
2025-07-25T07:51:07.525965,huobi,3.05975,3.05976,439.0,676.29
2025-07-25T07:51:07.728509,huobi,3.05975,3.05976,1141.94,676.29
2025-07-25T07:51:07.826227,huobi,3.05975,3.05976,1141.94,839.29
2025-07-25T07:51:08.164040,bitrue,3.0597,3.0598,90183.1,71483.4
2025-07-25T07:51:08.330899,huobi,3.05975,3.05976,1141.94,853.14
2025-07-25T07:51:08.528362,huobi,3.05975,3.05976,439.0,176.85
2025-07-25T07:51:08.827269,huobi,3.05975,3.05976,1215.83,176.85
2025-07-25T07:51:09.207766,bitrue,3.0599,3.06,44489.1,97182.8
2025-07-25T07:51:09.226588,huobi,3.05975,3.05976,1215.83,163.0
2025-07-25T07:51:09.325955,huobi,3.05975,3.05992,837.83,378.0
2025-07-25T07:51:09.426350,huobi,3.05982,3.05992,378.0,163.0
2025-07-25T07:51:09.544496,huobi,3.05982,3.05987,378.0,270.16
2025-07-25T07:51:09.625159,huobi,3.05978,3.05983,378.0,163.0
2025-07-25T07:51:09.827240,huobi,3.05978,3.05984,439.0,163.0
2025-07-25T07:51:09.926413,huobi,3.05979,3.05983,378.0,163.0
2025-07-25T07:51:10.026753,huobi,3.05979,3.05983,378.0,163.0
2025-07-25T07:51:11.120571,huobi,3.05982,3.05983,378.0,163.0
2025-07-25T07:51:11.120797,huobi,3.05978,3.05983,61.0,163.0
2025-07-25T07:51:11.120927,huobi,3.05979,3.05985,378.0,13.85
2025-07-25T07:51:11.121014,huobi,3.05975,3.05983,776.83,378.0
2025-07-25T07:51:11.127303,huobi,3.05978,3.05985,378.0,163.0
2025-07-25T07:51:11.227946,huobi,3.05978,3.05983,378.0,163.0
2025-07-25T07:51:11.326652,huobi,3.05975,3.05983,776.83,163.0
2025-07-25T07:51:11.427750,huobi,3.05975,3.05985,776.83,378.0
2025-07-25T07:51:11.527202,huobi,3.05975,3.05978,776.83,378.0
2025-07-25T07:51:11.827143,huobi,3.05975,3.05976,776.83,541.0
2025-07-25T07:51:11.927062,huobi,3.05975,3.05976,776.83,834.0
2025-07-25T07:51:12.027256,huobi,3.05891,3.05937,378.0,378.0
2025-07-25T07:51:12.126700,huobi,3.05891,3.0592,378.0,176.85
2025-07-25T07:51:12.227134,huobi,3.05891,3.0592,378.0,163.0
2025-07-25T07:51:12.327359,huobi,3.05891,3.05896,378.0,163.0
2025-07-25T07:51:12.544065,huobi,3.05891,3.05895,378.0,13.85
2025-07-25T07:51:12.626415,huobi,3.05891,3.05892,378.0,451.09
2025-07-25T07:51:12.828684,huobi,3.05885,3.05892,378.0,163.0
2025-07-25T07:51:12.927115,huobi,3.05885,3.05886,378.0,457.67
2025-07-25T07:51:13.026179,huobi,3.05885,3.05886,1083.14,457.67
2025-07-25T07:51:13.326738,huobi,3.05885,3.05886,1083.14,443.82
2025-07-25T07:51:13.401025,bitrue,3.0587,3.0588,217.4,10121.3
2025-07-25T07:51:13.626726,huobi,3.05885,3.05886,1083.14,457.67
2025-07-25T07:51:13.726215,huobi,3.05885,3.05886,378.0,457.67
2025-07-25T07:51:13.926245,huobi,3.05875,3.05876,378.0,271.66
2025-07-25T07:51:14.329358,huobi,3.05875,3.05886,727.88,13.85
2025-07-25T07:51:14.427134,huobi,3.05875,3.05884,727.88,163.0
2025-07-25T07:51:14.527556,huobi,3.05883,3.05884,378.0,163.0
2025-07-25T07:51:14.626823,huobi,3.05883,3.05884,378.0,441.1
2025-07-25T07:51:14.826730,huobi,3.05883,3.05884,378.0,454.95
2025-07-25T07:51:15.226873,huobi,3.05875,3.05884,727.88,176.85
2025-07-25T07:51:15.326141,huobi,3.05875,3.05878,727.88,163.0
2025-07-25T07:51:15.426601,huobi,3.05875,3.05876,727.88,541.0
2025-07-25T07:51:15.535887,huobi,3.05875,3.05876,727.88,163.0
2025-07-25T07:51:15.629722,huobi,3.05875,3.05876,727.88,541.0
2025-07-25T07:51:15.726838,huobi,3.05875,3.05876,727.88,474.74
2025-07-25T07:51:15.826659,huobi,3.05875,3.05876,727.88,852.74
2025-07-25T07:51:16.026518,huobi,3.05875,3.05876,727.88,1066.74
2025-07-25T07:51:16.125875,huobi,3.05875,3.05876,2.15,1066.74
2025-07-25T07:51:16.226908,huobi,3.05875,3.05876,727.88,1066.74
2025-07-25T07:51:16.326163,huobi,3.05875,3.05876,727.88,852.74
2025-07-25T07:51:16.826289,huobi,3.05875,3.05876,727.88,852.74
2025-07-25T07:51:17.127381,huobi,3.05875,3.05876,727.88,474.74
2025-07-25T07:51:17.227336,huobi,3.05875,3.05876,727.88,852.74
2025-07-25T07:51:17.581550,bitrue,3.0586,3.0587,45.8,110261.8
2025-07-25T07:51:17.626717,huobi,3.05875,3.05876,727.88,852.74
2025-07-25T07:51:17.926513,huobi,3.05875,3.05876,727.88,474.74
2025-07-25T07:51:18.026150,huobi,3.05875,3.05876,727.88,852.74
2025-07-25T07:51:18.526524,huobi,3.05853,3.0586,378.0,378.0
2025-07-25T07:51:18.626236,huobi,3.05852,3.05853,285.22,176.85
2025-07-25T07:51:18.727750,huobi,3.05852,3.05853,663.22,176.85
2025-07-25T07:51:19.427916,huobi,3.05852,3.05854,663.22,791.14
2025-07-25T07:51:19.529541,huobi,3.05889,3.05941,288.24,378.0
2025-07-25T07:51:19.626396,huobi,3.05905,3.05914,378.0,13.85
2025-07-25T07:51:19.726926,huobi,3.05905,3.05908,378.0,13.85
2025-07-25T07:51:19.826833,huobi,3.05904,3.05905,742.32,176.85
2025-07-25T07:51:20.426777,huobi,3.05904,3.05905,742.32,554.85
2025-07-25T07:51:20.626261,huobi,3.05904,3.05905,742.32,554.85
2025-07-25T07:51:21.626559,huobi,3.05904,3.05905,742.32,554.85
2025-07-25T07:51:21.761060,bitrue,3.0588,3.0589,88115.0,39.0
2025-07-25T07:51:21.826432,huobi,3.05904,3.05905,742.32,835.35
2025-07-25T07:51:21.926613,huobi,3.05904,3.05905,742.32,835.35
2025-07-25T07:51:22.825873,huobi,3.05904,3.05905,742.32,835.35
2025-07-25T07:51:23.626621,huobi,3.05887,3.05888,281.93,554.85
2025-07-25T07:51:24.626811,huobi,3.05887,3.05888,1016.12,554.85
2025-07-25T07:51:24.827080,huobi,3.05887,3.05888,734.19,615.85
2025-07-25T07:51:25.132026,huobi,3.05887,3.05888,734.19,910.41
2025-07-25T07:51:25.730592,huobi,3.05887,3.05888,734.19,237.85
2025-07-25T07:51:26.026471,huobi,3.05887,3.05888,734.19,512.77
2025-07-25T07:51:26.226287,huobi,3.05887,3.05888,734.19,890.77
2025-07-25T07:51:26.327171,huobi,3.05866,3.05888,298.2,890.77
2025-07-25T07:51:26.429666,huobi,3.05797,3.05834,163.0,163.0
2025-07-25T07:51:26.527880,huobi,3.05842,3.05858,378.0,378.0
2025-07-25T07:51:26.627774,huobi,3.05853,3.05854,677.35,163.0
2025-07-25T07:51:26.992165,bitrue,3.0585,3.0586,142.5,76547.6
2025-07-25T07:51:27.030313,huobi,3.05773,3.05862,214.0,378.0
2025-07-25T07:51:27.129180,huobi,3.05783,3.0583,214.0,554.85
2025-07-25T07:51:27.231058,huobi,3.0577,3.05813,214.0,163.0
2025-07-25T07:51:27.329630,huobi,3.05767,3.0581,2.99,163.0
2025-07-25T07:51:27.431024,huobi,3.05767,3.05808,216.99,163.0
2025-07-25T07:51:27.527546,huobi,3.05793,3.05804,378.0,378.0
2025-07-25T07:51:27.627281,huobi,3.05827,3.05829,272.35,163.0
2025-07-25T07:51:27.726748,huobi,3.05827,3.05828,272.35,602.0
2025-07-25T07:51:27.826719,huobi,3.05827,3.05828,1032.12,541.0
2025-07-25T07:51:28.230441,huobi,3.05827,3.05828,759.77,541.0
2025-07-25T07:51:28.329176,huobi,3.0574,3.05767,4.33,378.0
2025-07-25T07:51:28.428674,huobi,3.05742,3.05767,163.0,378.0
2025-07-25T07:51:28.529714,huobi,3.05742,3.05743,447.77,378.0
2025-07-25T07:51:28.627290,huobi,3.0574,3.05743,4.33,529.02
2025-07-25T07:51:28.729682,huobi,3.0574,3.05741,4.33,755.0
2025-07-25T07:51:28.829977,huobi,3.0574,3.05741,4.33,1025.37
2025-07-25T07:51:28.928296,huobi,3.0574,3.05741,742.77,1086.37
2025-07-25T07:51:29.034151,huobi,3.05689,3.05715,3.18,214.0
2025-07-25T07:51:29.081075,bitrue,3.0578,3.0579,8015.8,85675.7
2025-07-25T07:51:29.129819,huobi,3.05689,3.0569,3.18,902.27
2025-07-25T07:51:29.228284,huobi,3.05689,3.0569,3.18,1065.27
2025-07-25T07:51:30.027588,huobi,3.05689,3.0569,3.18,768.85
2025-07-25T07:51:30.126578,huobi,3.05689,3.0569,793.32,554.85
2025-07-25T07:51:30.226994,huobi,3.05689,3.0569,793.32,176.85
2025-07-25T07:51:30.328192,huobi,3.0571,3.05817,274.29,592.0
2025-07-25T07:51:30.429380,huobi,3.0575,3.05804,378.0,541.0
2025-07-25T07:51:30.529266,huobi,3.0575,3.05795,378.0,214.0
2025-07-25T07:51:30.626665,huobi,3.0577,3.05783,294.31,541.0
2025-07-25T07:51:30.727318,huobi,3.0572,3.05768,378.0,214.0
2025-07-25T07:51:30.828176,huobi,3.05696,3.05757,378.0,214.0
2025-07-25T07:51:30.927608,huobi,3.05689,3.05739,793.32,214.0
2025-07-25T07:51:31.030415,huobi,3.05689,3.05728,793.32,214.0
2025-07-25T07:51:31.130764,huobi,3.05689,3.05702,793.32,13.85
2025-07-25T07:51:31.175158,bitrue,3.0571,3.0572,26553.3,56.2
2025-07-25T07:51:31.231089,huobi,3.05633,3.05678,5.87,214.0
2025-07-25T07:51:31.328849,huobi,3.05633,3.05666,5.87,214.0
2025-07-25T07:51:31.431453,huobi,3.05633,3.05659,5.87,163.0
2025-07-25T07:51:31.528949,huobi,3.05633,3.05645,5.87,541.0
2025-07-25T07:51:31.628273,huobi,3.05633,3.05643,5.87,541.0
2025-07-25T07:51:31.730223,huobi,3.05633,3.05638,5.87,541.0
2025-07-25T07:51:31.828050,huobi,3.05633,3.05638,5.87,541.0
2025-07-25T07:51:31.927702,huobi,3.05633,3.05634,5.87,603.0
2025-07-25T07:51:32.027505,huobi,3.05633,3.05634,383.87,225.0
2025-07-25T07:51:32.127437,huobi,3.05633,3.05634,296.45,225.0
2025-07-25T07:51:32.229485,huobi,3.05633,3.05634,674.45,225.0
2025-07-25T07:51:32.528961,huobi,3.05696,3.05707,378.0,163.0
2025-07-25T07:51:32.626621,huobi,3.05706,3.05707,378.0,163.0
2025-07-25T07:51:32.727816,huobi,3.05736,3.05781,378.0,214.0
2025-07-25T07:51:32.843318,huobi,3.05736,3.0578,378.0,163.0
2025-07-25T07:51:32.927839,huobi,3.05766,3.05771,378.0,163.0
2025-07-25T07:51:33.026944,huobi,3.05826,3.0583,378.0,163.0
2025-07-25T07:51:33.127858,huobi,3.05826,3.05831,378.0,163.0
2025-07-25T07:51:33.228502,huobi,3.05836,3.05919,214.0,214.0
2025-07-25T07:51:33.291019,bitrue,3.0562,3.0563,60945.6,12791.5
2025-07-25T07:51:33.327477,huobi,3.05865,3.05872,294.1,163.0
2025-07-25T07:51:33.427348,huobi,3.05853,3.05866,378.0,163.0
2025-07-25T07:51:33.527083,huobi,3.05806,3.05857,214.0,378.0
2025-07-25T07:51:33.627509,huobi,3.05836,3.05861,378.0,378.0
2025-07-25T07:51:33.730682,huobi,3.0581,3.05857,214.0,163.0
2025-07-25T07:51:33.832482,huobi,3.05856,3.05857,288.18,163.0
2025-07-25T07:51:33.928601,huobi,3.05875,3.05897,287.22,163.0
2025-07-25T07:51:34.026367,huobi,3.05888,3.05897,378.0,163.0
2025-07-25T07:51:34.127266,huobi,3.05856,3.05894,378.0,163.0
2025-07-25T07:51:34.427260,huobi,3.05893,3.05894,669.16,176.85
2025-07-25T07:51:34.526472,huobi,3.05893,3.05894,669.16,163.0
2025-07-25T07:51:34.627297,huobi,3.05923,3.05946,378.0,163.0
2025-07-25T07:51:34.827747,huobi,3.05945,3.05946,378.0,163.0
2025-07-25T07:51:35.129404,huobi,3.0593,3.05946,648.63,163.0
2025-07-25T07:51:35.280505,huobi,3.05945,3.05977,378.0,541.0
2025-07-25T07:51:35.327926,huobi,3.05945,3.05977,378.0,163.0
2025-07-25T07:51:35.385589,bitrue,3.0588,3.0589,96380.7,39.0
2025-07-25T07:51:35.429291,huobi,3.05945,3.05963,378.0,163.0
2025-07-25T07:51:35.527648,huobi,3.05958,3.05963,675.02,163.0
2025-07-25T07:51:35.731353,huobi,3.05958,3.05963,297.02,163.0
2025-07-25T07:51:35.828662,huobi,3.05927,3.0596,378.0,378.0
2025-07-25T07:51:35.927232,huobi,3.05927,3.05961,378.0,163.0
2025-07-25T07:51:36.026423,huobi,3.05928,3.0596,541.0,378.0
2025-07-25T07:51:36.126659,huobi,3.05948,3.05961,675.42,163.0
2025-07-25T07:51:36.227839,huobi,3.05948,3.05961,378.0,163.0
2025-07-25T07:51:36.326558,huobi,3.05948,3.05961,378.0,163.0
2025-07-25T07:51:36.427709,huobi,3.05952,3.05961,671.3,163.0
2025-07-25T07:51:36.827159,huobi,3.05952,3.05961,671.3,163.0
2025-07-25T07:51:36.926865,huobi,3.05895,3.05951,541.0,13.85
2025-07-25T07:51:37.026455,huobi,3.05897,3.05946,541.0,391.85
2025-07-25T07:51:37.126833,huobi,3.0594,3.05946,653.62,13.85
2025-07-25T07:51:37.226601,huobi,3.05943,3.05944,292.33,176.85
2025-07-25T07:51:37.326085,huobi,3.05898,3.05937,378.0,271.76
2025-07-25T07:51:37.426413,huobi,3.05777,3.05893,500.0,378.0
2025-07-25T07:51:37.486084,bitrue,3.0595,3.0596,32648.2,22966.3
2025-07-25T07:51:37.526175,huobi,3.05891,3.05904,277.46,227.85
2025-07-25T07:51:37.627018,huobi,3.05903,3.05904,274.64,378.0
2025-07-25T07:51:37.727069,huobi,3.05903,3.05904,652.64,13.85
2025-07-25T07:51:37.826379,huobi,3.05903,3.05904,274.64,391.85
2025-07-25T07:51:37.926316,huobi,3.05903,3.05904,274.64,13.85
2025-07-25T07:51:38.025763,huobi,3.05874,3.05904,541.0,391.85
2025-07-25T07:51:38.129495,huobi,3.05874,3.05904,541.0,13.85
2025-07-25T07:51:38.227682,huobi,3.05903,3.05904,670.95,13.85
2025-07-25T07:51:38.326747,huobi,3.05813,3.05899,541.0,214.0
2025-07-25T07:51:38.426537,huobi,3.05824,3.05898,592.0,13.85
2025-07-25T07:51:38.528965,huobi,3.0584,3.05898,163.0,13.85
2025-07-25T07:51:38.628770,huobi,3.05869,3.05881,277.8,378.0
2025-07-25T07:51:38.728816,huobi,3.05841,3.05861,163.0,391.85
2025-07-25T07:51:38.827930,huobi,3.05842,3.05857,541.0,378.0
2025-07-25T07:51:38.926853,huobi,3.05842,3.05855,163.0,378.0
2025-07-25T07:51:39.026066,huobi,3.05813,3.05838,541.0,378.0
2025-07-25T07:51:39.126229,huobi,3.05837,3.05838,289.66,13.85
2025-07-25T07:51:39.526627,huobi,3.05837,3.05838,667.66,13.85
2025-07-25T07:51:39.590280,bitrue,3.0586,3.0589,25392.1,41922.9
2025-07-25T07:51:40.226140,huobi,3.05837,3.05838,1409.27,13.85
