timestamp,exchange,bid,ask,bid_vol,ask_vol
2025-07-25T08:37:43.983881,bitrue,3.0783,3.0784,42761.7,51848.7
2025-07-25T08:37:44.145596,bitmex,3.0829,3.0852,16.0,16.0
2025-07-25T08:37:44.213810,blofin,3.0761,3.0762,32.0,183.0
2025-07-25T08:37:44.344261,bitmex,3.0829,3.0852,16.0,10.0
2025-07-25T08:37:44.344271,bitmex,3.0829,3.0851,16.0,6.0
2025-07-25T08:37:44.344280,bitmex,3.0829,3.0851,10.0,6.0
2025-07-25T08:37:44.660567,blofin,3.0761,3.0762,32.0,183.0
2025-07-25T08:37:44.663723,bitmex,3.0829,3.0851,16.0,6.0
2025-07-25T08:37:45.077087,bitmart,3.0774,3.0777,32424.0,13627.0
2025-07-25T08:37:45.090978,bitmex,3.0829,3.0852,16.0,10.0
2025-07-25T08:37:45.146650,blofin,3.0761,3.0762,100.0,16.0
2025-07-25T08:37:45.401927,bitmex,3.0829,3.086,16.0,10.0
2025-07-25T08:37:45.409758,bitmex,3.0829,3.0859,16.0,6.0
2025-07-25T08:37:45.662498,blofin,3.0761,3.0762,100.0,16.0
2025-07-25T08:37:46.088941,bitmart,3.078,3.0781,8510.0,105247.0
2025-07-25T08:37:46.165030,blofin,3.0763,3.0764,221.0,6.0
2025-07-25T08:37:46.651998,blofin,3.0765,3.0766,30.0,48.0
2025-07-25T08:37:47.009284,bitrue,3.0789,3.079,12522.1,9423.4
2025-07-25T08:37:47.083978,bitmart,3.0778,3.0781,8365.0,97180.0
2025-07-25T08:37:47.187440,blofin,3.0765,3.0766,30.0,48.0
2025-07-25T08:37:47.654233,blofin,3.077,3.0771,213.0,23.0
2025-07-25T08:37:47.718426,bitmex,3.0829,3.0859,98.0,6.0
2025-07-25T08:37:47.872995,bitmex,3.0829,3.0859,16.0,6.0
2025-07-25T08:37:48.128435,bitmart,3.0782,3.0783,93395.0,2939.0
2025-07-25T08:37:48.166335,blofin,3.077,3.0771,151.0,24.0
2025-07-25T08:37:48.420048,bitmex,3.0829,3.0861,16.0,69.0
2025-07-25T08:37:48.424447,bitmex,3.0829,3.0861,98.0,69.0
2025-07-25T08:37:48.648118,blofin,3.077,3.0771,151.0,24.0
2025-07-25T08:37:49.022708,bitmart,3.0785,3.0786,72539.0,39350.0
2025-07-25T08:37:49.098453,bitrue,3.0792,3.0793,42979.0,19783.8
2025-07-25T08:37:49.198469,blofin,3.077,3.0771,151.0,24.0
2025-07-25T08:37:49.653554,blofin,3.077,3.0771,169.0,12.0
2025-07-25T08:37:49.671483,bitmex,3.0829,3.0867,98.0,10.0
2025-07-25T08:37:49.717904,bitmex,3.0829,3.0867,98.0,16.0
2025-07-25T08:37:49.800160,bitmex,3.0829,3.0866,98.0,6.0
2025-07-25T08:37:49.803230,bitmex,3.0829,3.0866,98.0,16.0
2025-07-25T08:37:49.916002,bitmex,3.0829,3.0865,98.0,6.0
2025-07-25T08:37:49.933526,bitmex,3.0829,3.0865,16.0,6.0
2025-07-25T08:37:49.933539,bitmex,3.0839,3.0865,275.0,6.0
2025-07-25T08:37:50.024404,bitmart,3.0787,3.0788,105619.0,941.0
2025-07-25T08:37:50.227499,blofin,3.077,3.0771,128.0,10.0
2025-07-25T08:37:50.361020,bitmex,3.0839,3.0865,285.0,6.0
2025-07-25T08:37:50.361037,bitmex,3.0839,3.0865,285.0,16.0
2025-07-25T08:37:50.361044,bitmex,3.084,3.0865,10.0,16.0
2025-07-25T08:37:50.361050,bitmex,3.084,3.0865,10.0,10.0
2025-07-25T08:37:50.361057,bitmex,3.084,3.0864,10.0,6.0
2025-07-25T08:37:50.649030,blofin,3.0772,3.0773,28.0,64.0
2025-07-25T08:37:51.069465,bitmart,3.0781,3.0782,8049.0,46237.0
2025-07-25T08:37:51.167058,blofin,3.0772,3.0773,28.0,64.0
2025-07-25T08:37:51.194000,bitrue,3.0795,3.0796,5910.3,53724.8
2025-07-25T08:37:51.656188,blofin,3.0772,3.0773,2.0,62.0
2025-07-25T08:37:52.078617,bitmart,3.078,3.0781,32707.0,18279.0
2025-07-25T08:37:52.153928,blofin,3.077,3.0771,2.48,245.0
2025-07-25T08:37:52.658891,blofin,3.077,3.0771,2.48,245.0
2025-07-25T08:37:53.066601,bitmart,3.078,3.0781,32707.0,7175.0
2025-07-25T08:37:53.210704,blofin,3.077,3.0771,2.48,245.0
2025-07-25T08:37:53.289703,bitrue,3.0792,3.0793,42979.0,34258.1
2025-07-25T08:37:53.322882,bitmex,3.0824,3.0864,6.0,6.0
2025-07-25T08:37:53.414874,bitmex,3.0826,3.0864,274.0,6.0
2025-07-25T08:37:53.654347,blofin,3.0765,3.0766,21.0,239.0
2025-07-25T08:37:54.078478,bitmart,3.0778,3.0779,35886.0,895.0
2025-07-25T08:37:54.201764,blofin,3.0765,3.0766,21.0,239.0
2025-07-25T08:37:54.655187,blofin,3.0765,3.0766,20.0,32.0
2025-07-25T08:37:55.087945,bitmart,3.0778,3.0779,95971.0,5676.0
2025-07-25T08:37:55.207491,blofin,3.0766,3.0767,33.64,127.0
2025-07-25T08:37:55.387475,bitrue,3.0788,3.0789,39.0,25272.5
2025-07-25T08:37:55.649563,blofin,3.0766,3.0767,33.64,127.0
2025-07-25T08:37:56.126463,bitmart,3.0778,3.0779,34261.0,8767.0
2025-07-25T08:37:56.231489,blofin,3.0766,3.0767,45.64,56.0
2025-07-25T08:37:56.255850,bitmex,3.0827,3.0864,10.0,6.0
2025-07-25T08:37:56.256662,bitmex,3.0827,3.0864,10.0,16.0
2025-07-25T08:37:56.260990,bitmex,3.0827,3.0864,15.0,16.0
2025-07-25T08:37:56.261385,bitmex,3.0827,3.0863,15.0,5.0
2025-07-25T08:37:56.267237,bitmex,3.0827,3.0863,15.0,15.0
2025-07-25T08:37:56.273514,bitmex,3.0827,3.0862,15.0,5.0
2025-07-25T08:37:56.276995,bitmex,3.0827,3.0862,15.0,15.0
2025-07-25T08:37:56.282433,bitmex,3.0827,3.0861,15.0,5.0
2025-07-25T08:37:56.287958,bitmex,3.0827,3.0861,15.0,15.0
2025-07-25T08:37:56.292478,bitmex,3.0827,3.086,15.0,5.0
2025-07-25T08:37:56.660386,blofin,3.0766,3.0767,45.64,56.0
2025-07-25T08:37:57.124275,bitmart,3.0778,3.0779,6746.0,74130.0
2025-07-25T08:37:57.184173,blofin,3.0766,3.0767,89.0,70.0
2025-07-25T08:37:57.655700,blofin,3.0766,3.0767,89.0,70.0
2025-07-25T08:37:58.081472,bitmart,3.077,3.0774,13731.0,67987.0
2025-07-25T08:37:58.132501,bitmex,3.0827,3.086,10.0,5.0
2025-07-25T08:37:58.171212,blofin,3.0761,3.0762,1.0,164.0
2025-07-25T08:37:58.347054,bitmex,3.0823,3.086,10.0,5.0
2025-07-25T08:37:58.482306,bitmex,3.0823,3.0859,10.0,105.0
2025-07-25T08:37:58.491181,bitmex,3.0823,3.0858,10.0,5.0
2025-07-25T08:37:58.491193,bitmex,3.0823,3.0858,10.0,38.0
2025-07-25T08:37:58.498969,bitmex,3.0823,3.0858,10.0,33.0
2025-07-25T08:37:58.498982,bitmex,3.0823,3.0857,10.0,5.0
2025-07-25T08:37:58.504074,bitmex,3.0823,3.0857,10.0,26.0
2025-07-25T08:37:58.511248,bitmex,3.0823,3.0857,10.0,21.0
2025-07-25T08:37:58.523483,bitmex,3.0823,3.0856,10.0,5.0
2025-07-25T08:37:58.655116,blofin,3.076,3.0761,0.05,264.0
2025-07-25T08:37:59.067519,bitmart,3.076,3.0762,34597.0,60193.0
2025-07-25T08:37:59.194090,blofin,3.076,3.0761,0.05,264.0
2025-07-25T08:37:59.224010,bitmex,3.0823,3.0856,10.0,15.0
2025-07-25T08:37:59.230917,bitmex,3.0823,3.0855,10.0,5.0
2025-07-25T08:37:59.239928,bitmex,3.0823,3.0855,10.0,15.0
2025-07-25T08:37:59.245012,bitmex,3.0823,3.0854,10.0,5.0
2025-07-25T08:37:59.248176,bitmex,3.0814,3.0854,10.0,5.0
2025-07-25T08:37:59.253927,bitmex,3.0814,3.0854,15.0,5.0
2025-07-25T08:37:59.578226,bitrue,3.0773,3.0774,37430.1,16548.5
2025-07-25T08:37:59.658888,blofin,3.075,3.0751,0.05,210.0
2025-07-25T08:38:00.083182,bitmart,3.076,3.0761,15368.0,38979.0
2025-07-25T08:38:00.191978,blofin,3.075,3.0751,0.05,255.0
2025-07-25T08:38:00.624870,bitrue,3.0771,3.0772,64191.9,65971.9
2025-07-25T08:38:00.652614,blofin,3.075,3.0751,0.05,255.0
2025-07-25T08:38:01.138158,bitmart,3.0759,3.076,22290.0,56042.0
2025-07-25T08:38:01.188033,blofin,3.075,3.0751,43.05,255.0
2025-07-25T08:38:01.666103,blofin,3.075,3.0751,43.05,273.0
2025-07-25T08:38:02.137938,bitmart,3.0759,3.076,30313.0,112019.0
2025-07-25T08:38:02.193426,bitmex,3.0814,3.0854,15.0,15.0
2025-07-25T08:38:02.193438,bitmex,3.0814,3.0854,5.0,15.0
2025-07-25T08:38:02.193445,bitmex,3.0814,3.0854,5.0,10.0
2025-07-25T08:38:02.193935,bitmex,3.0814,3.0853,5.0,5.0
2025-07-25T08:38:02.199057,bitmex,3.0814,3.0853,5.0,15.0
2025-07-25T08:38:02.199163,bitmex,3.0804,3.0853,5.0,15.0
2025-07-25T08:38:02.204824,bitmex,3.0804,3.0852,5.0,5.0
2025-07-25T08:38:02.209293,bitmex,3.0804,3.0852,5.0,15.0
2025-07-25T08:38:02.215275,bitmex,3.0804,3.0851,5.0,5.0
2025-07-25T08:38:02.220648,bitmex,3.0804,3.0851,5.0,15.0
2025-07-25T08:38:02.224986,bitmex,3.0804,3.0851,5.0,10.0
2025-07-25T08:38:02.225925,bitmex,3.0804,3.085,5.0,5.0
2025-07-25T08:38:02.253411,blofin,3.075,3.0751,43.05,294.0
2025-07-25T08:38:02.295072,bitmex,3.0805,3.085,274.0,5.0
2025-07-25T08:38:02.299368,bitmex,3.0805,3.085,284.0,5.0
2025-07-25T08:38:02.660452,blofin,3.0745,3.075,100.78,305.0
2025-07-25T08:38:02.840336,bitrue,3.0768,3.0769,40662.1,91967.7
2025-07-25T08:38:03.055093,bitmart,3.0756,3.0757,83470.0,7148.0
2025-07-25T08:38:03.219234,blofin,3.0745,3.075,100.78,305.0
2025-07-25T08:38:03.660942,blofin,3.0745,3.0746,312.78,135.0
2025-07-25T08:38:04.098118,bitmart,3.0756,3.0757,47399.0,36399.0
2025-07-25T08:38:04.175836,bitmex,3.0806,3.085,10.0,5.0
2025-07-25T08:38:04.175848,bitmex,3.0806,3.085,10.0,15.0
2025-07-25T08:38:04.175854,bitmex,3.0806,3.085,16.0,15.0
2025-07-25T08:38:04.184554,bitmex,3.0806,3.0849,16.0,6.0
2025-07-25T08:38:04.184567,bitmex,3.0806,3.0849,16.0,16.0
2025-07-25T08:38:04.184715,blofin,3.0745,3.0746,328.78,70.0
2025-07-25T08:38:04.192682,bitmex,3.0806,3.0849,16.0,10.0
2025-07-25T08:38:04.192694,bitmex,3.0806,3.0848,16.0,6.0
2025-07-25T08:38:04.192701,bitmex,3.0806,3.0848,16.0,16.0
2025-07-25T08:38:04.211050,bitmex,3.0806,3.0847,16.0,6.0
2025-07-25T08:38:04.211059,bitmex,3.0806,3.0847,16.0,16.0
2025-07-25T08:38:04.211064,bitmex,3.0806,3.0846,16.0,6.0
2025-07-25T08:38:04.656245,blofin,3.0745,3.0746,328.78,70.0
2025-07-25T08:38:04.929552,bitrue,3.0766,3.0767,74903.8,18834.9
2025-07-25T08:38:05.077204,bitmart,3.0758,3.0759,104188.0,2669.0
2025-07-25T08:38:05.095814,bitmex,3.0806,3.0846,103.0,6.0
2025-07-25T08:38:05.095833,bitmex,3.0807,3.0846,10.0,6.0
2025-07-25T08:38:05.123177,bitmex,3.0807,3.0846,16.0,6.0
2025-07-25T08:38:05.203910,blofin,3.0745,3.0746,328.78,70.0
2025-07-25T08:38:05.652558,blofin,3.0747,3.0748,135.0,67.0
2025-07-25T08:38:06.084629,bitmart,3.0758,3.0761,15583.0,65573.0
2025-07-25T08:38:06.144880,bitmex,3.0808,3.0846,10.0,6.0
2025-07-25T08:38:06.144888,bitmex,3.0808,3.0846,10.0,16.0
2025-07-25T08:38:06.149764,bitmex,3.0808,3.0846,16.0,16.0
2025-07-25T08:38:06.154344,bitmex,3.0808,3.0845,16.0,6.0
2025-07-25T08:38:06.158923,bitmex,3.0808,3.0845,16.0,16.0
2025-07-25T08:38:06.159881,blofin,3.0747,3.0748,19.0,57.0
2025-07-25T08:38:06.164032,bitmex,3.0808,3.0845,16.0,10.0
2025-07-25T08:38:06.164047,bitmex,3.0808,3.0844,16.0,6.0
2025-07-25T08:38:06.169382,bitmex,3.0808,3.0844,16.0,16.0
2025-07-25T08:38:06.175672,bitmex,3.0808,3.0843,16.0,6.0
2025-07-25T08:38:06.180134,bitmex,3.0808,3.0843,16.0,16.0
2025-07-25T08:38:06.183028,bitmex,3.0808,3.0842,16.0,6.0
2025-07-25T08:38:06.610672,bitmex,3.0808,3.0843,16.0,10.0
2025-07-25T08:38:06.653653,blofin,3.0747,3.0748,19.0,57.0
2025-07-25T08:38:06.785935,bitmex,3.0816,3.0843,274.0,10.0
2025-07-25T08:38:07.061518,bitrue,3.0769,3.077,27876.7,70538.5
2025-07-25T08:38:07.080775,bitmex,3.0816,3.0844,274.0,10.0
2025-07-25T08:38:07.080811,bitmex,3.0816,3.0848,274.0,69.0
2025-07-25T08:38:07.081098,bitmart,3.0761,3.0771,13689.0,13873.0
2025-07-25T08:38:07.138239,bitmex,3.0817,3.0848,10.0,69.0
2025-07-25T08:38:07.141909,bitmex,3.0817,3.0848,16.0,69.0
2025-07-25T08:38:07.141921,bitmex,3.0817,3.0848,98.0,69.0
2025-07-25T08:38:07.179339,blofin,3.0745,3.0746,250.78,34.0
2025-07-25T08:38:07.409273,bitmex,3.0817,3.0848,16.0,69.0
2025-07-25T08:38:07.546861,bitmex,3.0817,3.0847,16.0,6.0
2025-07-25T08:38:07.549643,bitmex,3.0817,3.0847,16.0,16.0
2025-07-25T08:38:07.651282,blofin,3.0757,3.0758,168.0,26.0
2025-07-25T08:38:07.670988,bitmex,3.0817,3.0847,16.0,10.0
2025-07-25T08:38:07.989683,bitmex,3.0817,3.0847,98.0,10.0
2025-07-25T08:38:07.992104,bitmex,3.0817,3.0847,16.0,10.0
2025-07-25T08:38:08.036848,bitmart,3.077,3.0771,94368.0,10255.0
2025-07-25T08:38:08.122900,bitmex,3.0818,3.0847,10.0,10.0
2025-07-25T08:38:08.127316,bitmex,3.0818,3.0847,16.0,10.0
2025-07-25T08:38:08.143903,bitmex,3.0818,3.0847,16.0,16.0
2025-07-25T08:38:08.143914,bitmex,3.0818,3.0846,16.0,6.0
2025-07-25T08:38:08.145169,bitmex,3.0818,3.0846,16.0,16.0
2025-07-25T08:38:08.163939,blofin,3.0757,3.0758,5.94,44.0
2025-07-25T08:38:08.431723,bitmex,3.0818,3.0845,16.0,6.0
2025-07-25T08:38:08.438565,bitmex,3.0818,3.0845,16.0,16.0
2025-07-25T08:38:08.461175,bitmex,3.0818,3.0844,16.0,6.0
2025-07-25T08:38:08.461810,bitmex,3.0818,3.0844,16.0,16.0
2025-07-25T08:38:08.650533,blofin,3.0757,3.0758,5.94,44.0
2025-07-25T08:38:08.776408,bitmex,3.0818,3.0843,16.0,6.0
2025-07-25T08:38:08.782490,bitmex,3.0818,3.0843,16.0,16.0
2025-07-25T08:38:09.007401,bitmex,3.0819,3.0843,6.0,16.0
2025-07-25T08:38:09.007419,bitmex,3.0819,3.0843,16.0,16.0
2025-07-25T08:38:09.007426,bitmex,3.0819,3.0843,16.0,10.0
2025-07-25T08:38:09.007433,bitmex,3.082,3.0843,6.0,10.0
2025-07-25T08:38:09.053571,bitmart,3.0766,3.0767,103221.0,51946.0
2025-07-25T08:38:09.141069,bitmex,3.082,3.0844,6.0,10.0
2025-07-25T08:38:09.159575,bitrue,3.078,3.0781,1802.8,38628.0
2025-07-25T08:38:09.180707,bitmex,3.082,3.0847,6.0,10.0
2025-07-25T08:38:09.198028,blofin,3.0754,3.0755,1.0,230.0
2025-07-25T08:38:09.223922,bitmex,3.082,3.0851,6.0,10.0
2025-07-25T08:38:09.404253,bitmex,3.082,3.0854,6.0,10.0
2025-07-25T08:38:09.635964,bitmex,3.082,3.0858,6.0,69.0
2025-07-25T08:38:09.665856,blofin,3.0758,3.0759,137.0,24.0
2025-07-25T08:38:09.932264,bitmex,3.082,3.0857,6.0,6.0
2025-07-25T08:38:10.097967,bitmart,3.0778,3.0779,48215.0,29776.0
2025-07-25T08:38:10.204016,bitrue,3.078,3.0781,1802.8,38628.0
2025-07-25T08:38:10.218090,blofin,3.0758,3.0759,137.0,24.0
2025-07-25T08:38:10.639983,bitmex,3.082,3.0858,6.0,69.0
2025-07-25T08:38:10.654764,blofin,3.0766,3.0767,33.0,51.0
2025-07-25T08:38:11.084062,bitmart,3.078,3.0781,90013.0,1855.0
2025-07-25T08:38:11.089500,bitmex,3.082,3.0858,6.0,79.0
2025-07-25T08:38:11.089513,bitmex,3.082,3.0858,16.0,79.0
2025-07-25T08:38:11.089520,bitmex,3.082,3.0857,16.0,10.0
2025-07-25T08:38:11.095818,bitmex,3.082,3.0857,10.0,10.0
2025-07-25T08:38:11.095833,bitmex,3.0821,3.0857,6.0,10.0
2025-07-25T08:38:11.099808,bitmex,3.0821,3.0857,16.0,10.0
2025-07-25T08:38:11.104875,bitmex,3.0822,3.0857,6.0,10.0
2025-07-25T08:38:11.110296,bitmex,3.0822,3.0857,953.0,10.0
2025-07-25T08:38:11.110307,bitmex,3.0822,3.0857,963.0,10.0
2025-07-25T08:38:11.115527,bitmex,3.0823,3.0857,286.0,10.0
2025-07-25T08:38:11.115539,bitmex,3.0823,3.0857,292.0,10.0
2025-07-25T08:38:11.119099,bitmex,3.0824,3.0857,6.0,10.0
2025-07-25T08:38:11.183698,blofin,3.0766,3.0767,81.0,21.0
2025-07-25T08:38:11.237193,bitmex,3.0824,3.0857,6.0,16.0
2025-07-25T08:38:11.248287,bitrue,3.079,3.0791,41593.2,14910.0
2025-07-25T08:38:11.582137,bitmex,3.0825,3.0857,10.0,16.0
2025-07-25T08:38:11.583479,bitmex,3.0825,3.0856,10.0,10.0
2025-07-25T08:38:11.586659,bitmex,3.0826,3.0856,6.0,10.0
2025-07-25T08:38:11.650547,blofin,3.0766,3.0767,81.0,21.0
2025-07-25T08:38:12.122743,bitmart,3.0779,3.078,32684.0,3456.0
2025-07-25T08:38:12.141873,bitmex,3.0826,3.0857,6.0,10.0
2025-07-25T08:38:12.216455,blofin,3.0767,3.0768,7.0,58.0
2025-07-25T08:38:12.648206,blofin,3.0767,3.0768,7.0,58.0
2025-07-25T08:38:13.067571,bitmart,3.0779,3.078,27355.0,15309.0
2025-07-25T08:38:13.209009,blofin,3.0766,3.0767,11.0,114.0
2025-07-25T08:38:13.329066,bitmex,3.0829,3.0857,274.0,10.0
2025-07-25T08:38:13.334626,bitmex,3.083,3.0857,5.0,10.0
2025-07-25T08:38:13.653837,blofin,3.0766,3.0767,11.0,114.0
2025-07-25T08:38:13.799182,bitmex,3.083,3.0863,5.0,6.0
2025-07-25T08:38:13.808919,bitmex,3.083,3.0863,87.0,6.0
2025-07-25T08:38:13.822667,bitmex,3.0831,3.0863,5.0,6.0
2025-07-25T08:38:14.123221,bitmart,3.0781,3.0785,98999.0,3872.0
2025-07-25T08:38:14.232339,blofin,3.0767,3.0768,309.0,16.0
2025-07-25T08:38:14.668022,blofin,3.0773,3.0774,102.0,1.0
2025-07-25T08:38:14.938178,bitmex,3.0826,3.0863,6.0,6.0
2025-07-25T08:38:15.025902,bitmex,3.0837,3.0863,273.0,6.0
2025-07-25T08:38:15.062654,bitmex,3.0838,3.0863,5.0,6.0
2025-07-25T08:38:15.085160,bitmart,3.0783,3.0786,14489.0,94111.0
2025-07-25T08:38:15.174966,blofin,3.0773,3.0774,102.0,1.0
2025-07-25T08:38:15.359689,bitmex,3.0838,3.0868,5.0,69.0
2025-07-25T08:38:15.361845,bitmex,3.0838,3.0867,5.0,5.0
2025-07-25T08:38:15.441681,bitrue,3.0796,3.0797,28479.9,15781.5
2025-07-25T08:38:15.650727,blofin,3.077,3.0771,1.0,241.0
2025-07-25T08:38:15.855201,bitmex,3.0837,3.0867,273.0,5.0
2025-07-25T08:38:15.881524,bitmex,3.0826,3.0867,6.0,5.0
2025-07-25T08:38:15.886073,bitmex,3.0826,3.0867,6.0,26.0
2025-07-25T08:38:15.896468,bitmex,3.0826,3.0866,6.0,5.0
2025-07-25T08:38:15.978312,bitmex,3.083,3.0866,273.0,5.0
2025-07-25T08:38:15.986113,bitmex,3.083,3.0866,283.0,5.0
2025-07-25T08:38:15.986127,bitmex,3.0831,3.0866,5.0,5.0
2025-07-25T08:38:15.999631,bitmex,3.0831,3.0866,15.0,5.0
2025-07-25T08:38:16.035827,bitmex,3.0831,3.0866,15.0,15.0
2025-07-25T08:38:16.040000,bitmex,3.0831,3.0865,15.0,5.0
2025-07-25T08:38:16.044001,bitmex,3.0832,3.0865,5.0,5.0
2025-07-25T08:38:16.129051,bitmart,3.0781,3.0787,18057.0,96528.0
2025-07-25T08:38:16.204879,blofin,3.0773,3.0774,36.0,68.0
2025-07-25T08:38:16.489723,bitrue,3.0792,3.0793,19477.0,99412.0
2025-07-25T08:38:16.651943,blofin,3.0773,3.0774,36.0,68.0
2025-07-25T08:38:16.878990,bitmex,3.0831,3.0865,10.0,5.0
2025-07-25T08:38:17.052592,bitmart,3.0773,3.078,13991.0,84403.0
2025-07-25T08:38:17.157305,bitmex,3.0827,3.0865,274.0,5.0
2025-07-25T08:38:17.162233,blofin,3.0767,3.0768,31.0,67.0
2025-07-25T08:38:17.195154,bitmex,3.0825,3.0865,10.0,5.0
2025-07-25T08:38:17.271281,bitmex,3.0825,3.0864,10.0,39.0
2025-07-25T08:38:17.276601,bitmex,3.0825,3.0863,10.0,5.0
2025-07-25T08:38:17.283379,bitmex,3.0825,3.0863,10.0,17.0
2025-07-25T08:38:17.287944,bitmex,3.0825,3.0862,10.0,5.0
2025-07-25T08:38:17.440863,bitmex,3.0825,3.0865,10.0,5.0
2025-07-25T08:38:17.458653,bitmex,3.0825,3.0864,10.0,112.0
2025-07-25T08:38:17.458668,bitmex,3.0825,3.0863,10.0,34.0
2025-07-25T08:38:17.458674,bitmex,3.0825,3.0863,10.0,39.0
2025-07-25T08:38:17.477295,bitmex,3.0825,3.0862,10.0,5.0
2025-07-25T08:38:17.619271,bitmex,3.0825,3.0865,10.0,5.0
2025-07-25T08:38:17.630599,bitmex,3.0825,3.0864,10.0,112.0
2025-07-25T08:38:17.635448,bitmex,3.0825,3.0863,10.0,5.0
2025-07-25T08:38:17.635641,bitmex,3.0825,3.0863,10.0,39.0
2025-07-25T08:38:17.643279,bitmex,3.0825,3.0862,10.0,5.0
2025-07-25T08:38:17.650174,blofin,3.0755,3.0756,22.0,97.0
2025-07-25T08:38:17.849280,bitmex,3.0825,3.0862,15.0,5.0
2025-07-25T08:38:17.862989,bitmex,3.0826,3.0862,5.0,5.0
2025-07-25T08:38:17.868988,bitmex,3.0826,3.0862,15.0,5.0
2025-07-25T08:38:17.888216,bitmex,3.0827,3.0862,5.0,5.0
2025-07-25T08:38:18.048772,bitmex,3.0823,3.0862,5.0,5.0
2025-07-25T08:38:18.123295,bitmart,3.0766,3.077,77515.0,15232.0
2025-07-25T08:38:18.189050,blofin,3.0755,3.0756,22.0,97.0
2025-07-25T08:38:18.649274,blofin,3.0755,3.0756,2.0,122.0
2025-07-25T08:38:19.085447,bitmart,3.0769,3.077,39512.0,33266.0
2025-07-25T08:38:19.233275,blofin,3.0755,3.0756,2.0,122.0
2025-07-25T08:38:19.629824,bitrue,3.0777,3.0778,65.0,727.0
2025-07-25T08:38:19.651637,blofin,3.0755,3.0756,160.0,81.0
2025-07-25T08:38:19.988934,bitmex,3.0823,3.0862,5.0,15.0
2025-07-25T08:38:19.989047,bitmex,3.0823,3.0862,15.0,15.0
2025-07-25T08:38:19.993884,bitmex,3.0823,3.0861,15.0,5.0
2025-07-25T08:38:19.994023,bitmex,3.0824,3.0861,5.0,5.0
2025-07-25T08:38:19.998356,bitmex,3.0824,3.0861,15.0,5.0
2025-07-25T08:38:19.998368,bitmex,3.0824,3.0861,15.0,15.0
2025-07-25T08:38:20.000966,bitmex,3.0824,3.0861,15.0,84.0
2025-07-25T08:38:20.004395,bitmex,3.0824,3.086,15.0,5.0
2025-07-25T08:38:20.004542,bitmex,3.0825,3.086,5.0,5.0
2025-07-25T08:38:20.004915,bitmex,3.0825,3.086,5.0,33.0
2025-07-25T08:38:20.009197,bitmex,3.0825,3.086,15.0,33.0
2025-07-25T08:38:20.009208,bitmex,3.0825,3.086,15.0,43.0
2025-07-25T08:38:20.010123,bitmex,3.0825,3.0859,15.0,5.0
2025-07-25T08:38:20.013682,bitmex,3.0825,3.0859,15.0,15.0
2025-07-25T08:38:20.018738,bitmex,3.0825,3.0858,15.0,5.0
2025-07-25T08:38:20.023830,bitmex,3.0825,3.0858,15.0,15.0
2025-07-25T08:38:20.028918,bitmex,3.0825,3.0857,15.0,5.0
2025-07-25T08:38:20.038590,bitmart,3.0769,3.077,39512.0,14161.0
2025-07-25T08:38:20.187209,bitmex,3.0826,3.0857,5.0,5.0
2025-07-25T08:38:20.192313,bitmex,3.0826,3.0857,15.0,5.0
2025-07-25T08:38:20.223299,blofin,3.0755,3.0756,94.0,111.0
2025-07-25T08:38:20.318859,bitmex,3.0826,3.0857,10.0,5.0
2025-07-25T08:38:20.318877,bitmex,3.0827,3.0857,5.0,5.0
2025-07-25T08:38:20.654124,blofin,3.0755,3.0756,94.0,111.0
2025-07-25T08:38:20.675879,bitrue,3.0778,3.0779,76771.8,39.0
2025-07-25T08:38:21.060434,bitmart,3.077,3.0771,33798.0,7144.0
2025-07-25T08:38:21.192525,blofin,3.0755,3.0756,94.0,111.0
2025-07-25T08:38:21.652635,blofin,3.0759,3.076,96.0,121.0
2025-07-25T08:38:21.784455,bitmex,3.0827,3.0858,5.0,10.0
2025-07-25T08:38:21.990994,bitmex,3.0827,3.0859,5.0,10.0
2025-07-25T08:38:21.991008,bitmex,3.0827,3.086,5.0,10.0
2025-07-25T08:38:22.080129,bitmart,3.0778,3.0781,105738.0,14174.0
2025-07-25T08:38:22.155331,blofin,3.0759,3.076,96.0,121.0
2025-07-25T08:38:22.374331,bitmex,3.0827,3.086,5.0,15.0
2025-07-25T08:38:22.652970,blofin,3.0766,3.0767,103.0,9.0
2025-07-25T08:38:22.836552,bitmex,3.0827,3.0859,5.0,5.0
2025-07-25T08:38:23.087283,bitmart,3.0778,3.0781,15868.0,48655.0
2025-07-25T08:38:23.170489,blofin,3.0767,3.0768,46.0,114.0
2025-07-25T08:38:23.673422,blofin,3.0767,3.0768,46.0,114.0
2025-07-25T08:38:23.810022,bitrue,3.0792,3.0797,708.2,15781.5
2025-07-25T08:38:23.943168,bitmex,3.0827,3.0859,15.0,5.0
2025-07-25T08:38:23.948934,bitmex,3.0828,3.0859,5.0,5.0
2025-07-25T08:38:24.040385,bitmart,3.0772,3.0773,71243.0,1325.0
2025-07-25T08:38:24.165358,blofin,3.076,3.0761,18.0,208.0
2025-07-25T08:38:24.648928,blofin,3.0761,3.0762,73.0,34.0
2025-07-25T08:38:24.857744,bitrue,3.0787,3.0788,11453.8,42350.4
2025-07-25T08:38:25.090273,bitmart,3.0776,3.0777,22911.0,576.0
2025-07-25T08:38:25.230329,blofin,3.0761,3.0762,73.0,34.0
2025-07-25T08:38:25.645355,blofin,3.0764,3.0765,151.0,14.0
2025-07-25T08:38:25.950918,bitmex,3.0828,3.0859,15.0,5.0
2025-07-25T08:38:25.950930,bitmex,3.0829,3.0859,5.0,5.0
2025-07-25T08:38:26.125268,bitmart,3.0776,3.0778,15535.0,51114.0
2025-07-25T08:38:26.202168,blofin,3.0764,3.0765,53.0,73.0
2025-07-25T08:38:26.656529,blofin,3.0764,3.0765,53.0,73.0
2025-07-25T08:38:26.951014,bitrue,3.0788,3.0789,53803.4,100779.6
2025-07-25T08:38:27.052351,bitmart,3.0777,3.0778,83316.0,7890.0
2025-07-25T08:38:27.177406,blofin,3.0766,3.0767,95.0,18.0
2025-07-25T08:38:27.650257,blofin,3.0766,3.0767,95.0,18.0
2025-07-25T08:38:28.085345,bitmart,3.0776,3.0777,15535.0,14105.0
2025-07-25T08:38:28.159475,blofin,3.0764,3.0765,49.0,164.0
2025-07-25T08:38:28.578990,bitmex,3.0829,3.086,5.0,10.0
2025-07-25T08:38:28.647987,blofin,3.0764,3.0765,49.0,164.0
2025-07-25T08:38:28.888115,bitmex,3.0829,3.086,15.0,10.0
2025-07-25T08:38:28.893556,bitmex,3.083,3.086,5.0,10.0
2025-07-25T08:38:29.036292,bitrue,3.0789,3.079,33485.4,33167.7
2025-07-25T08:38:29.083620,bitmart,3.0781,3.0782,33093.0,19519.0
2025-07-25T08:38:29.179156,blofin,3.0764,3.0765,161.0,5.0
2025-07-25T08:38:29.471629,bitmex,3.083,3.0861,5.0,69.0
2025-07-25T08:38:29.654129,blofin,3.0764,3.0765,161.0,5.0
2025-07-25T08:38:30.080750,bitmart,3.0781,3.0782,39787.0,19519.0
2025-07-25T08:38:30.185668,blofin,3.0767,3.0768,153.0,6.0
2025-07-25T08:38:30.251927,bitmex,3.083,3.086,5.0,5.0
2025-07-25T08:38:30.652061,blofin,3.0767,3.0768,153.0,6.0
2025-07-25T08:38:30.875625,bitmex,3.083,3.086,15.0,5.0
2025-07-25T08:38:30.875635,bitmex,3.083,3.086,15.0,15.0
2025-07-25T08:38:30.886499,bitmex,3.0831,3.086,5.0,15.0
2025-07-25T08:38:30.886510,bitmex,3.0831,3.086,15.0,15.0
2025-07-25T08:38:30.890978,bitmex,3.0832,3.086,5.0,15.0
2025-07-25T08:38:30.895260,bitmex,3.0832,3.086,15.0,15.0
2025-07-25T08:38:30.903584,bitmex,3.0833,3.086,5.0,15.0
2025-07-25T08:38:30.997185,bitmex,3.0833,3.0859,5.0,5.0
2025-07-25T08:38:31.003351,bitmex,3.0833,3.0859,5.0,15.0
2025-07-25T08:38:31.014395,bitmex,3.0833,3.0858,5.0,5.0
2025-07-25T08:38:31.019195,bitmex,3.0832,3.0858,10.0,5.0
2025-07-25T08:38:31.055268,bitmex,3.0832,3.0858,15.0,5.0
2025-07-25T08:38:31.079750,bitmart,3.0778,3.0782,2079.0,101819.0
2025-07-25T08:38:31.131026,bitrue,3.0792,3.0793,17345.6,33800.2
2025-07-25T08:38:31.213513,blofin,3.0767,3.0768,153.0,6.0
2025-07-25T08:38:31.348572,bitmex,3.0833,3.0858,5.0,5.0
2025-07-25T08:38:31.352925,bitmex,3.0833,3.0859,5.0,10.0
2025-07-25T08:38:31.353373,bitmex,3.0833,3.0859,15.0,10.0
2025-07-25T08:38:31.468543,bitmex,3.0834,3.0859,5.0,10.0
2025-07-25T08:38:31.653607,blofin,3.0767,3.0768,66.0,20.0
2025-07-25T08:38:31.818026,bitmex,3.0834,3.086,5.0,10.0
2025-07-25T08:38:31.820978,bitmex,3.0834,3.0861,5.0,69.0
2025-07-25T08:38:31.875916,bitmex,3.0834,3.0864,5.0,10.0
2025-07-25T08:38:31.888886,bitmex,3.0835,3.0864,272.0,10.0
2025-07-25T08:38:31.892023,bitmex,3.0836,3.0864,5.0,10.0
2025-07-25T08:38:32.065091,bitmex,3.0836,3.0867,5.0,10.0
2025-07-25T08:38:32.078938,bitmex,3.0836,3.0868,5.0,74.0
2025-07-25T08:38:32.081987,bitmart,3.0782,3.0788,72157.0,14879.0
2025-07-25T08:38:32.213171,blofin,3.0768,3.0769,151.0,7.0
2025-07-25T08:38:32.290389,bitmex,3.0836,3.0867,5.0,5.0
2025-07-25T08:38:32.648905,blofin,3.0768,3.0769,151.0,7.0
2025-07-25T08:38:33.124232,bitmart,3.0788,3.0789,56900.0,3710.0
2025-07-25T08:38:33.192462,blofin,3.0775,3.0776,28.0,70.0
2025-07-25T08:38:33.229391,bitrue,3.0799,3.08,49932.0,119337.4
2025-07-25T08:38:33.662187,blofin,3.0776,3.0777,56.0,4.0
2025-07-25T08:38:33.966628,bitmex,3.0836,3.0873,5.0,1061.0
2025-07-25T08:38:33.970463,bitmex,3.0836,3.0872,5.0,6.0
2025-07-25T08:38:33.971753,bitmex,3.0836,3.0872,88.0,6.0
2025-07-25T08:38:33.976368,bitmex,3.0837,3.0872,6.0,6.0
2025-07-25T08:38:34.084907,bitmart,3.0788,3.0792,56900.0,3020.0
2025-07-25T08:38:34.134405,bitmex,3.0837,3.0874,6.0,5.0
2025-07-25T08:38:34.211171,blofin,3.0776,3.0777,60.0,9.0
2025-07-25T08:38:34.655510,blofin,3.0776,3.0777,60.0,9.0
2025-07-25T08:38:35.082726,bitmart,3.0798,3.0799,63932.0,36637.0
2025-07-25T08:38:35.191635,blofin,3.0785,3.0786,191.0,43.0
2025-07-25T08:38:35.326965,bitrue,3.0807,3.0808,74056.3,37440.0
2025-07-25T08:38:35.649721,blofin,3.0781,3.0782,6.0,139.0
2025-07-25T08:38:36.087044,bitmart,3.0797,3.0798,35574.0,20450.0
2025-07-25T08:38:36.234970,blofin,3.0781,3.0782,6.0,139.0
2025-07-25T08:38:36.653514,blofin,3.0785,3.0786,104.0,12.0
2025-07-25T08:38:37.052234,bitmart,3.0793,3.0794,68739.0,39216.0
2025-07-25T08:38:37.231155,blofin,3.078,3.0781,119.0,17.0
2025-07-25T08:38:37.418523,bitrue,3.0804,3.0805,29582.3,116614.2
2025-07-25T08:38:37.570327,bitmex,3.0837,3.0876,6.0,9.0
2025-07-25T08:38:37.574355,bitmex,3.0837,3.0876,6.0,3.0
2025-07-25T08:38:37.652519,blofin,3.078,3.0781,119.0,17.0
2025-07-25T08:38:37.883970,bitmex,3.0837,3.0876,6.0,9.0
2025-07-25T08:38:37.884707,bitmex,3.0837,3.0876,6.0,3.0
2025-07-25T08:38:38.093500,bitmart,3.0798,3.0799,26058.0,19845.0
2025-07-25T08:38:38.164901,blofin,3.0785,3.0786,37.0,58.0
2025-07-25T08:38:38.662017,blofin,3.0785,3.0786,37.0,58.0
2025-07-25T08:38:38.779253,bitmex,3.0837,3.0876,16.0,3.0
2025-07-25T08:38:38.781051,bitmex,3.0838,3.0876,6.0,3.0
2025-07-25T08:38:38.788401,bitmex,3.0838,3.0876,16.0,3.0
2025-07-25T08:38:38.790744,bitmex,3.0839,3.0876,6.0,3.0
2025-07-25T08:38:38.796517,bitmex,3.0839,3.0876,16.0,3.0
2025-07-25T08:38:38.801819,bitmex,3.084,3.0876,6.0,3.0
2025-07-25T08:38:38.804254,bitmex,3.084,3.0876,952.0,3.0
2025-07-25T08:38:38.807738,bitmex,3.084,3.0876,962.0,3.0
2025-07-25T08:38:38.809915,bitmex,3.0841,3.0876,286.0,3.0
2025-07-25T08:38:38.817274,bitmex,3.0841,3.0876,292.0,3.0
2025-07-25T08:38:38.817291,bitmex,3.0842,3.0876,6.0,3.0
2025-07-25T08:38:39.092634,bitmart,3.0798,3.0799,26058.0,19845.0
2025-07-25T08:38:39.175337,blofin,3.0785,3.0786,76.0,3.0
2025-07-25T08:38:39.347520,bitmex,3.0842,3.0881,6.0,5.0
2025-07-25T08:38:39.353131,bitmex,3.0842,3.0882,6.0,10.0
2025-07-25T08:38:39.512030,bitrue,3.081,3.0811,7228.5,14279.2
2025-07-25T08:38:39.590150,bitmex,3.0849,3.0882,272.0,10.0
2025-07-25T08:38:39.595519,bitmex,3.085,3.0882,6.0,10.0
2025-07-25T08:38:39.652719,blofin,3.0785,3.0786,76.0,3.0
2025-07-25T08:38:40.060201,bitmart,3.0803,3.0804,79828.0,10536.0
2025-07-25T08:38:40.077536,bitmex,3.085,3.0881,6.0,6.0
2025-07-25T08:38:40.190174,blofin,3.079,3.0791,61.0,20.0
2025-07-25T08:38:40.559603,bitrue,3.0812,3.0813,10217.0,12649.0
2025-07-25T08:38:40.649208,blofin,3.079,3.0791,130.0,2.0
2025-07-25T08:38:41.061052,bitmart,3.0798,3.0799,26815.0,50487.0
2025-07-25T08:38:41.211109,blofin,3.079,3.0791,130.0,2.0
2025-07-25T08:38:41.658682,blofin,3.0785,3.0786,57.0,30.0
2025-07-25T08:38:41.959051,bitmex,3.0842,3.0881,6.0,6.0
2025-07-25T08:38:42.050262,bitmex,3.0845,3.0881,272.0,6.0
2025-07-25T08:38:42.056852,bitmex,3.0846,3.0881,6.0,6.0
2025-07-25T08:38:42.121384,bitmart,3.0797,3.08,18128.0,29500.0
2025-07-25T08:38:42.197592,blofin,3.0787,3.0788,16.0,42.0
2025-07-25T08:38:42.236958,bitmex,3.0842,3.0881,6.0,6.0
2025-07-25T08:38:42.329855,bitmex,3.0843,3.0881,272.0,6.0
2025-07-25T08:38:42.391057,bitmex,3.0844,3.0881,6.0,6.0
2025-07-25T08:38:42.662430,blofin,3.0787,3.0788,16.0,42.0
2025-07-25T08:38:43.074190,bitmart,3.0792,3.0793,26445.0,12474.0
2025-07-25T08:38:43.205014,blofin,3.078,3.0781,19.0,138.0
2025-07-25T08:38:44.247376,bitmex,3.0844,3.0881,89.0,6.0
2025-07-25T08:38:44.247393,bitmex,3.0845,3.0881,6.0,6.0
2025-07-25T08:38:44.247419,bitmex,3.0845,3.0882,6.0,10.0
2025-07-25T08:38:44.247769,bitmex,3.0845,3.0883,6.0,69.0
2025-07-25T08:38:44.248087,bitmart,3.0803,3.0806,59593.0,13887.0
2025-07-25T08:38:44.248132,blofin,3.078,3.0781,74.0,62.0
2025-07-25T08:38:44.248179,blofin,3.0785,3.0786,148.0,21.0
2025-07-25T08:38:44.248195,bitrue,3.0805,3.0806,11638.3,113680.3
2025-07-25T08:38:44.616108,bitmex,3.0845,3.0882,6.0,6.0
2025-07-25T08:38:44.627181,bitmex,3.0854,3.0882,271.0,6.0
2025-07-25T08:38:44.650965,blofin,3.0785,3.0786,148.0,21.0
2025-07-25T08:38:44.730946,bitmex,3.0855,3.0882,6.0,6.0
2025-07-25T08:38:44.744898,bitrue,3.0817,3.0818,19200.0,50911.1
2025-07-25T08:38:45.086005,bitmart,3.0803,3.0804,6235.0,8898.0
2025-07-25T08:38:45.242670,blofin,3.079,3.0791,91.0,6.0
2025-07-25T08:38:45.477965,bitmex,3.0855,3.0887,6.0,5.0
2025-07-25T08:38:45.482699,bitmex,3.0855,3.0889,6.0,5.0
2025-07-25T08:38:45.653943,blofin,3.079,3.0791,91.0,6.0
2025-07-25T08:38:46.004653,bitmex,3.0855,3.0889,87.0,5.0
2025-07-25T08:38:46.008644,bitmex,3.0855,3.0889,81.0,5.0
2025-07-25T08:38:46.009980,bitmex,3.0856,3.0889,6.0,5.0
2025-07-25T08:38:46.019531,bitmex,3.0856,3.089,6.0,69.0
2025-07-25T08:38:46.123866,bitmart,3.0808,3.0811,59595.0,14109.0
2025-07-25T08:38:46.214227,blofin,3.0795,3.0796,129.0,18.4
2025-07-25T08:38:46.306948,bitmex,3.0856,3.0889,6.0,6.0
2025-07-25T08:38:46.653431,blofin,3.0795,3.0796,129.0,18.4
2025-07-25T08:38:47.096704,bitmart,3.0808,3.0813,35637.0,16983.0
2025-07-25T08:38:47.149932,bitmex,3.0856,3.089,6.0,69.0
2025-07-25T08:38:47.154398,bitmex,3.0856,3.0895,6.0,5.0
2025-07-25T08:38:47.203205,blofin,3.0796,3.0797,29.0,39.0
2025-07-25T08:38:47.661740,blofin,3.08,3.0801,128.0,17.0
2025-07-25T08:38:47.889760,bitrue,3.0822,3.0823,77.5,12877.4
2025-07-25T08:38:48.063413,bitmart,3.0809,3.081,3547.0,52927.0
2025-07-25T08:38:48.206603,blofin,3.08,3.0801,128.0,17.0
2025-07-25T08:38:48.648249,blofin,3.08,3.0801,1.0,124.0
2025-07-25T08:38:49.042218,bitmex,3.0842,3.0895,6.0,5.0
2025-07-25T08:38:49.042245,bitmex,3.0857,3.0895,271.0,5.0
2025-07-25T08:38:49.042270,bitmex,3.0858,3.0895,6.0,5.0
2025-07-25T08:38:49.094880,bitmart,3.0807,3.081,7613.0,110269.0
2025-07-25T08:38:49.205829,blofin,3.0798,3.0799,24.0,72.0
2025-07-25T08:38:49.319143,bitmex,3.0842,3.0895,6.0,5.0
2025-07-25T08:38:49.416912,bitmex,3.0855,3.0895,271.0,5.0
2025-07-25T08:38:49.423916,bitmex,3.0856,3.0895,6.0,5.0
2025-07-25T08:38:49.654947,blofin,3.0798,3.0799,24.0,72.0
2025-07-25T08:38:50.124503,bitmart,3.0807,3.0808,4132.0,68579.0
2025-07-25T08:38:50.209959,blofin,3.0795,3.0796,3.0,44.0
2025-07-25T08:38:50.643757,bitmex,3.0856,3.0895,6.0,15.0
2025-07-25T08:38:50.649124,blofin,3.0795,3.0796,3.0,44.0
2025-07-25T08:38:50.649688,bitmex,3.0856,3.0894,6.0,6.0
2025-07-25T08:38:50.652892,bitmex,3.0856,3.0894,6.0,16.0
2025-07-25T08:38:50.658968,bitmex,3.0856,3.0893,6.0,6.0
2025-07-25T08:38:50.661534,bitmex,3.0856,3.0893,6.0,16.0
2025-07-25T08:38:50.673696,bitmex,3.0856,3.0892,6.0,6.0
2025-07-25T08:38:50.673712,bitmex,3.0856,3.0892,6.0,16.0
2025-07-25T08:38:50.677874,bitmex,3.0856,3.0891,6.0,6.0
2025-07-25T08:38:51.030231,bitrue,3.082,3.0821,11656.3,84136.0
2025-07-25T08:38:51.088982,bitmart,3.0807,3.0808,21954.0,68579.0
2025-07-25T08:38:51.177450,blofin,3.0795,3.0796,17.0,47.0
2025-07-25T08:38:51.653246,blofin,3.0795,3.0796,17.0,47.0
2025-07-25T08:38:52.007982,bitmex,3.0842,3.0891,6.0,6.0
2025-07-25T08:38:52.103039,bitmex,3.0853,3.0891,270.0,6.0
2025-07-25T08:38:52.107636,bitmex,3.0854,3.0891,6.0,6.0
2025-07-25T08:38:52.117588,bitmart,3.0807,3.0808,49187.0,27757.0
2025-07-25T08:38:52.193754,blofin,3.0795,3.0796,55.0,44.0
2025-07-25T08:38:52.554496,bitmex,3.0854,3.0891,87.0,6.0
2025-07-25T08:38:52.568347,bitmex,3.0855,3.0891,5.0,6.0
2025-07-25T08:38:52.652702,blofin,3.0795,3.0796,55.0,44.0
2025-07-25T08:38:53.062923,bitmart,3.0809,3.081,108640.0,7136.0
2025-07-25T08:38:53.204214,blofin,3.08,3.0801,51.0,21.75
2025-07-25T08:38:53.652767,blofin,3.08,3.0801,51.0,21.75
2025-07-25T08:38:53.803279,bitmex,3.0855,3.0896,5.0,10.0
2025-07-25T08:38:53.841190,bitmex,3.0855,3.0896,5.0,15.0
2025-07-25T08:38:53.857487,bitmex,3.0855,3.0896,5.0,10.0
2025-07-25T08:38:53.858510,bitmex,3.0855,3.0895,5.0,5.0
2025-07-25T08:38:54.032735,bitmart,3.0809,3.0813,84505.0,4937.0
2025-07-25T08:38:54.164197,blofin,3.08,3.0801,51.0,21.75
2025-07-25T08:38:54.664184,blofin,3.0803,3.0804,14.0,1.0
2025-07-25T08:38:54.731853,bitmex,3.0856,3.0895,270.0,5.0
2025-07-25T08:38:54.733380,bitmex,3.0857,3.0895,5.0,5.0
2025-07-25T08:38:55.067029,bitmart,3.0809,3.081,1309.0,29715.0
2025-07-25T08:38:55.182089,blofin,3.0795,3.0796,110.0,37.0
2025-07-25T08:38:55.212498,bitrue,3.0822,3.0823,87.9,12877.4
2025-07-25T08:38:55.227413,bitmex,3.0855,3.0895,5.0,5.0
2025-07-25T08:38:55.292458,bitmex,3.0842,3.0895,6.0,5.0
2025-07-25T08:38:55.321267,bitmex,3.0854,3.0895,270.0,5.0
2025-07-25T08:38:55.326210,bitmex,3.0855,3.0895,5.0,5.0
2025-07-25T08:38:55.664694,blofin,3.0795,3.0796,110.0,37.0
2025-07-25T08:38:56.059222,bitmart,3.0807,3.0808,44307.0,42675.0
2025-07-25T08:38:56.185735,blofin,3.0795,3.0796,45.0,34.0
2025-07-25T08:38:56.651962,blofin,3.0795,3.0796,45.0,34.0
2025-07-25T08:38:56.910371,bitmex,3.0842,3.0895,6.0,5.0
2025-07-25T08:38:57.113999,bitmart,3.0801,3.0808,14896.0,34622.0
2025-07-25T08:38:57.147648,bitmex,3.0842,3.0894,6.0,33.0
2025-07-25T08:38:57.153835,bitmex,3.0842,3.0893,6.0,5.0
2025-07-25T08:38:57.153841,bitmex,3.0842,3.0893,6.0,15.0
2025-07-25T08:38:57.156818,bitmex,3.0842,3.0892,6.0,30.0
2025-07-25T08:38:57.170984,bitmex,3.0842,3.0891,6.0,5.0
2025-07-25T08:38:57.214538,blofin,3.0795,3.0796,45.0,34.0
2025-07-25T08:38:57.308838,bitrue,3.0819,3.082,73.8,24648.5
2025-07-25T08:38:57.340989,bitmex,3.0842,3.0893,6.0,5.0
2025-07-25T08:38:57.341000,bitmex,3.0842,3.0895,6.0,5.0
2025-07-25T08:38:57.359338,bitmex,3.0842,3.0894,6.0,38.0
2025-07-25T08:38:57.366038,bitmex,3.0842,3.0893,6.0,5.0
2025-07-25T08:38:57.366048,bitmex,3.0842,3.0893,6.0,16.0
2025-07-25T08:38:57.486408,bitmex,3.0842,3.0893,6.0,5.0
2025-07-25T08:38:57.522959,bitmex,3.0842,3.0895,6.0,5.0
2025-07-25T08:38:57.660230,blofin,3.079,3.0791,1.0,192.0
2025-07-25T08:38:58.126343,bitmart,3.0799,3.0802,84801.0,12665.0
2025-07-25T08:38:58.171564,blofin,3.0787,3.0788,186.0,5.0
2025-07-25T08:38:58.687768,blofin,3.0787,3.0788,186.0,5.0
2025-07-25T08:38:59.089400,bitmart,3.0802,3.0807,7607.0,37259.0
2025-07-25T08:38:59.175100,blofin,3.0789,3.079,46.0,52.0
2025-07-25T08:38:59.405170,bitrue,3.0813,3.0814,1975.3,21499.4
2025-07-25T08:38:59.429463,bitmex,3.0852,3.0895,270.0,5.0
2025-07-25T08:38:59.438299,bitmex,3.0853,3.0895,5.0,5.0
2025-07-25T08:38:59.684586,blofin,3.0794,3.0795,144.0,25.0
2025-07-25T08:38:59.876332,bitmex,3.0853,3.0895,86.0,5.0
2025-07-25T08:38:59.879846,bitmex,3.0853,3.0895,81.0,5.0
2025-07-25T08:38:59.879856,bitmex,3.0854,3.0895,5.0,5.0
2025-07-25T08:39:00.071282,bitmart,3.0804,3.0808,49380.0,7208.0
2025-07-25T08:39:00.293165,blofin,3.0794,3.0795,1.0,111.0
2025-07-25T08:39:00.652925,blofin,3.0794,3.0795,1.0,111.0
2025-07-25T08:39:01.052943,bitmex,3.0842,3.0895,6.0,5.0
2025-07-25T08:39:01.126935,bitmex,3.0842,3.0894,6.0,30.0
2025-07-25T08:39:01.132693,bitmart,3.08,3.0801,8463.0,64422.0
2025-07-25T08:39:01.132837,bitmex,3.0842,3.0893,6.0,5.0
2025-07-25T08:39:01.141950,bitmex,3.0842,3.0892,6.0,38.0
2025-07-25T08:39:01.147526,bitmex,3.0842,3.0891,6.0,5.0
2025-07-25T08:39:01.147532,bitmex,3.0842,3.0891,6.0,16.0
2025-07-25T08:39:01.170327,bitmex,3.0842,3.089,6.0,5.0
2025-07-25T08:39:01.179813,bitmex,3.0844,3.089,270.0,5.0
2025-07-25T08:39:01.182228,blofin,3.0789,3.079,11.0,105.0
2025-07-25T08:39:01.189564,bitmex,3.0845,3.089,5.0,5.0
2025-07-25T08:39:01.329266,bitmex,3.0845,3.0893,5.0,5.0
2025-07-25T08:39:01.332923,bitmex,3.0845,3.0895,5.0,5.0
2025-07-25T08:39:01.497276,bitrue,3.0812,3.0813,53354.6,65445.1
2025-07-25T08:39:01.641609,blofin,3.0787,3.0788,4.0,135.0
2025-07-25T08:39:02.066473,bitmart,3.0797,3.0798,20966.0,76289.0
2025-07-25T08:39:02.215659,bitmex,3.0845,3.0894,5.0,120.0
2025-07-25T08:39:02.216236,bitmex,3.0845,3.0893,5.0,36.0
2025-07-25T08:39:02.216248,bitmex,3.0845,3.0893,5.0,41.0
2025-07-25T08:39:02.219337,blofin,3.0787,3.0788,4.0,135.0
2025-07-25T08:39:02.223660,bitmex,3.0845,3.0892,5.0,5.0
2025-07-25T08:39:02.380387,bitmex,3.0845,3.0895,5.0,5.0
2025-07-25T08:39:02.391630,bitmex,3.0845,3.0894,5.0,81.0
2025-07-25T08:39:02.397037,bitmex,3.0845,3.0893,5.0,24.0
2025-07-25T08:39:02.397882,bitmex,3.0845,3.0893,5.0,29.0
2025-07-25T08:39:02.401825,bitmex,3.0845,3.0892,5.0,5.0
2025-07-25T08:39:02.408828,bitmex,3.0845,3.0892,5.0,15.0
2025-07-25T08:39:02.532197,bitmex,3.0845,3.0891,5.0,5.0
2025-07-25T08:39:02.665679,blofin,3.0786,3.0787,48.0,47.0
2025-07-25T08:39:02.691124,bitmex,3.0842,3.0891,6.0,5.0
2025-07-25T08:39:02.790424,bitmex,3.0842,3.089,6.0,30.0
2025-07-25T08:39:02.796381,bitmex,3.0842,3.0889,6.0,5.0
2025-07-25T08:39:02.806687,bitmex,3.0842,3.0888,6.0,35.0
2025-07-25T08:39:02.817568,bitmex,3.0842,3.0887,6.0,5.0
2025-07-25T08:39:02.817581,bitmex,3.0842,3.0887,6.0,16.0
2025-07-25T08:39:02.821928,bitmex,3.0842,3.0886,6.0,5.0
2025-07-25T08:39:02.944285,bitmex,3.0842,3.0885,6.0,31.0
2025-07-25T08:39:02.951606,bitmex,3.0842,3.0884,6.0,5.0
2025-07-25T08:39:02.954023,bitmex,3.0842,3.0884,6.0,16.0
2025-07-25T08:39:02.960201,bitmex,3.0838,3.0884,6.0,16.0
2025-07-25T08:39:02.960211,bitmex,3.0838,3.0884,6.0,11.0
2025-07-25T08:39:02.960218,bitmex,3.0838,3.0883,6.0,5.0
2025-07-25T08:39:03.081278,bitmex,3.0838,3.0882,6.0,25.0
2025-07-25T08:39:03.087412,bitmex,3.0838,3.0882,6.0,35.0
2025-07-25T08:39:03.087423,bitmex,3.0838,3.0881,6.0,5.0
2025-07-25T08:39:03.091855,bitmex,3.0838,3.0881,6.0,15.0
2025-07-25T08:39:03.098515,bitmex,3.0838,3.088,6.0,5.0
2025-07-25T08:39:03.107850,bitmex,3.0838,3.088,6.0,15.0
2025-07-25T08:39:03.112585,bitmex,3.0838,3.088,6.0,10.0
2025-07-25T08:39:03.112603,bitmex,3.0838,3.0879,6.0,5.0
2025-07-25T08:39:03.117399,bitmex,3.0838,3.0879,6.0,15.0
2025-07-25T08:39:03.123695,bitmex,3.0838,3.0878,6.0,5.0
2025-07-25T08:39:03.128398,bitmart,3.0784,3.0792,17906.0,86850.0
2025-07-25T08:39:03.133983,bitmex,3.0838,3.0878,6.0,74.0
2025-07-25T08:39:03.140740,bitmex,3.0838,3.0877,6.0,5.0
2025-07-25T08:39:03.211587,blofin,3.0779,3.078,1.0,30.0
2025-07-25T08:39:03.584390,bitrue,3.0808,3.0809,52.0,39579.3
2025-07-25T08:39:03.653493,blofin,3.0779,3.078,1.0,30.0
2025-07-25T08:39:03.765428,bitmex,3.0838,3.0877,6.0,26.0
2025-07-25T08:39:03.771513,bitmex,3.0838,3.0877,6.0,21.0
2025-07-25T08:39:03.771527,bitmex,3.0838,3.0876,6.0,5.0
2025-07-25T08:39:04.129535,bitmart,3.0791,3.0792,62712.0,8252.0
2025-07-25T08:39:04.197532,blofin,3.0773,3.0774,183.0,4.0
2025-07-25T08:39:04.666952,blofin,3.0783,3.0784,145.0,1.0
2025-07-25T08:39:05.068451,bitmart,3.0795,3.0796,29438.0,2787.0
2025-07-25T08:39:05.172897,blofin,3.0783,3.0784,145.0,1.0
2025-07-25T08:39:05.475365,bitmex,3.0838,3.0876,6.0,15.0
2025-07-25T08:39:05.655776,blofin,3.0784,3.0785,65.0,105.0
2025-07-25T08:39:05.677353,bitrue,3.0807,3.0808,92876.2,18524.5
2025-07-25T08:39:06.104056,bitmart,3.0795,3.0796,31987.0,10962.0
2025-07-25T08:39:06.180116,blofin,3.0784,3.0785,48.0,28.0
2025-07-25T08:39:06.660106,blofin,3.0784,3.0785,48.0,28.0
2025-07-25T08:39:07.064383,bitmart,3.0795,3.0796,31987.0,24383.0
2025-07-25T08:39:07.191827,blofin,3.0784,3.0785,48.0,28.0
2025-07-25T08:39:07.655285,blofin,3.0784,3.0785,25.0,133.0
2025-07-25T08:39:07.937378,bitmex,3.0838,3.0876,6.0,10.0
2025-07-25T08:39:07.940161,bitmex,3.0838,3.0878,6.0,69.0
2025-07-25T08:39:08.007918,bitmex,3.0838,3.0886,6.0,5.0
2025-07-25T08:39:08.098624,bitmart,3.0795,3.0799,23991.0,6915.0
2025-07-25T08:39:08.164281,blofin,3.0784,3.0785,31.0,109.0
2025-07-25T08:39:08.663182,blofin,3.0784,3.0785,31.0,109.0
2025-07-25T08:39:09.121106,bitmart,3.0794,3.0795,23284.0,77431.0
2025-07-25T08:39:09.156966,blofin,3.0782,3.0783,13.0,88.0
2025-07-25T08:39:09.650117,blofin,3.0782,3.0783,13.0,88.0
2025-07-25T08:39:10.095584,bitmart,3.0794,3.0795,50518.0,16459.0
2025-07-25T08:39:10.179986,blofin,3.0782,3.0783,49.0,124.0
2025-07-25T08:39:10.654333,blofin,3.0782,3.0783,49.0,124.0
2025-07-25T08:39:11.083101,bitmart,3.0796,3.0797,40679.0,12770.0
2025-07-25T08:39:11.211302,blofin,3.0782,3.0783,58.0,90.0
2025-07-25T08:39:11.443925,bitmex,3.0832,3.0886,5.0,5.0
2025-07-25T08:39:11.497575,bitmex,3.0836,3.0886,270.0,5.0
2025-07-25T08:39:11.505749,bitmex,3.0837,3.0886,5.0,5.0
2025-07-25T08:39:11.652465,blofin,3.0782,3.0783,58.0,88.5
2025-07-25T08:39:11.946186,bitrue,3.0806,3.0807,101704.7,29408.1
2025-07-25T08:39:12.083701,bitmart,3.0792,3.0793,13549.0,89176.0
2025-07-25T08:39:12.233023,blofin,3.0782,3.0783,9.0,109.0
2025-07-25T08:39:12.649986,blofin,3.0782,3.0783,9.0,109.0
2025-07-25T08:39:13.001493,bitrue,3.0803,3.0804,22808.5,93554.8
2025-07-25T08:39:13.053937,bitmart,3.079,3.0791,8109.0,82240.0
2025-07-25T08:39:13.194997,blofin,3.0778,3.0779,12.0,44.0
2025-07-25T08:39:13.659030,blofin,3.0778,3.0779,19.0,43.0
2025-07-25T08:39:13.771606,bitmex,3.0832,3.0886,5.0,5.0
2025-07-25T08:39:13.839154,bitmex,3.0832,3.0885,5.0,26.0
2025-07-25T08:39:13.844628,bitmex,3.0832,3.0884,5.0,5.0
2025-07-25T08:39:13.879829,bitmex,3.0832,3.0883,5.0,25.0
2025-07-25T08:39:13.889906,bitmex,3.0832,3.0882,5.0,5.0
2025-07-25T08:39:14.044390,bitmex,3.0832,3.0884,5.0,5.0
2025-07-25T08:39:14.048660,bitmex,3.0832,3.0886,5.0,5.0
2025-07-25T08:39:14.054375,bitmex,3.0832,3.0883,5.0,25.0
2025-07-25T08:39:14.056742,bitmex,3.0832,3.0882,5.0,5.0
2025-07-25T08:39:14.123205,bitmart,3.0786,3.079,8515.0,95440.0
2025-07-25T08:39:14.159534,blofin,3.0778,3.0779,44.0,147.0
2025-07-25T08:39:14.213047,bitmex,3.0832,3.0886,5.0,5.0
2025-07-25T08:39:14.224957,bitmex,3.0832,3.0885,5.0,97.0
2025-07-25T08:39:14.230056,bitmex,3.0832,3.0884,5.0,31.0
2025-07-25T08:39:14.230068,bitmex,3.0832,3.0884,5.0,36.0
2025-07-25T08:39:14.238647,bitmex,3.0832,3.0883,5.0,5.0
2025-07-25T08:39:14.242995,bitmex,3.0832,3.0883,5.0,30.0
2025-07-25T08:39:14.248983,bitmex,3.0832,3.0882,5.0,5.0
2025-07-25T08:39:14.407903,bitmex,3.0832,3.0886,5.0,5.0
2025-07-25T08:39:14.427201,bitmex,3.0832,3.0885,5.0,100.0
2025-07-25T08:39:14.431475,bitmex,3.0832,3.0884,5.0,5.0
2025-07-25T08:39:14.431484,bitmex,3.0832,3.0884,5.0,37.0
2025-07-25T08:39:14.437453,bitmex,3.0832,3.0883,5.0,5.0
2025-07-25T08:39:14.446210,bitmex,3.0832,3.0883,5.0,34.0
2025-07-25T08:39:14.451061,bitmex,3.0832,3.0882,5.0,5.0
2025-07-25T08:39:14.451072,bitmex,3.0832,3.0882,5.0,15.0
2025-07-25T08:39:14.471729,bitmex,3.0832,3.0882,5.0,5.0
2025-07-25T08:39:14.609977,bitmex,3.0832,3.0886,5.0,5.0
2025-07-25T08:39:14.622624,bitmex,3.0832,3.0885,5.0,148.0
2025-07-25T08:39:14.625260,bitmex,3.0832,3.0884,5.0,46.0
2025-07-25T08:39:14.625274,bitmex,3.0832,3.0884,5.0,51.0
2025-07-25T08:39:14.628764,bitmex,3.0832,3.0883,5.0,5.0
2025-07-25T08:39:14.660519,blofin,3.0778,3.0779,44.0,147.0
2025-07-25T08:39:14.795323,bitmex,3.0832,3.0886,5.0,5.0
2025-07-25T08:39:14.804193,bitmex,3.0832,3.0885,5.0,125.0
2025-07-25T08:39:14.807637,bitmex,3.0832,3.0884,5.0,39.0
2025-07-25T08:39:14.807648,bitmex,3.0832,3.0884,5.0,44.0
2025-07-25T08:39:14.810416,bitmex,3.0832,3.0883,5.0,5.0
2025-07-25T08:39:14.968920,bitmex,3.0832,3.0886,5.0,5.0
2025-07-25T08:39:15.086655,bitmart,3.0786,3.0788,40735.0,14655.0
2025-07-25T08:39:15.095169,bitrue,3.0798,3.0799,6633.6,68296.8
2025-07-25T08:39:15.210610,bitmex,3.0832,3.0885,5.0,31.0
2025-07-25T08:39:15.211850,blofin,3.0773,3.0774,143.0,187.0
2025-07-25T08:39:15.218876,bitmex,3.0832,3.0884,5.0,11.0
2025-07-25T08:39:15.218888,bitmex,3.0832,3.0884,5.0,16.0
2025-07-25T08:39:15.224011,bitmex,3.0832,3.0883,5.0,5.0
2025-07-25T08:39:15.226927,bitmex,3.0832,3.0883,5.0,29.0
2025-07-25T08:39:15.232392,bitmex,3.0832,3.0883,5.0,5.0
2025-07-25T08:39:15.232403,bitmex,3.0832,3.0882,5.0,5.0
2025-07-25T08:39:15.390865,bitmex,3.0832,3.0886,5.0,5.0
2025-07-25T08:39:15.650207,blofin,3.0775,3.0776,114.0,52.0
2025-07-25T08:39:15.781241,bitmex,3.0832,3.0885,5.0,41.0
2025-07-25T08:39:15.781258,bitmex,3.0832,3.0884,5.0,14.0
2025-07-25T08:39:15.781263,bitmex,3.0832,3.0884,5.0,19.0
2025-07-25T08:39:15.781922,bitmex,3.0832,3.0883,5.0,5.0
2025-07-25T08:39:15.793772,bitmex,3.0832,3.0883,5.0,74.0
2025-07-25T08:39:15.801517,bitmex,3.0832,3.0882,5.0,5.0
2025-07-25T08:39:15.801530,bitmex,3.0832,3.0882,5.0,27.0
2025-07-25T08:39:15.803797,bitmex,3.0832,3.0881,5.0,5.0
2025-07-25T08:39:16.043029,bitmart,3.0787,3.0788,30819.0,6955.0
2025-07-25T08:39:16.225243,blofin,3.0773,3.0774,163.0,62.0
2025-07-25T08:39:16.659225,blofin,3.0773,3.0774,163.0,62.0
2025-07-25T08:39:17.080238,bitmart,3.0787,3.0789,19440.0,18883.0
2025-07-25T08:39:17.173205,blofin,3.0773,3.0774,144.0,91.0
2025-07-25T08:39:17.431920,bitmex,3.0832,3.0879,5.0,3.0
2025-07-25T08:39:17.436822,bitmex,3.0832,3.0878,5.0,5.0
2025-07-25T08:39:17.650081,blofin,3.0773,3.0774,144.0,91.0
2025-07-25T08:39:18.126443,bitmart,3.0787,3.0788,45583.0,9011.0
2025-07-25T08:39:18.179730,blofin,3.0773,3.0774,165.0,57.0
2025-07-25T08:39:18.654861,blofin,3.0773,3.0774,165.0,57.0
2025-07-25T08:39:19.068149,bitmart,3.0786,3.0788,66090.0,90117.0
2025-07-25T08:39:19.209338,blofin,3.0773,3.0774,165.0,57.0
2025-07-25T08:39:19.649691,blofin,3.0773,3.0774,137.0,137.0
2025-07-25T08:39:20.082063,bitmart,3.0787,3.0788,24218.0,14047.0
2025-07-25T08:39:20.179046,blofin,3.0773,3.0774,106.0,113.0
2025-07-25T08:39:20.654773,blofin,3.0773,3.0774,106.0,113.0
2025-07-25T08:39:21.051742,bitmart,3.0786,3.0787,67327.0,103670.0
2025-07-25T08:39:21.154393,blofin,3.0773,3.0774,106.0,113.0
2025-07-25T08:39:21.648244,blofin,3.0773,3.0774,114.0,146.0
2025-07-25T08:39:22.088255,bitmart,3.0782,3.0787,17890.0,111917.0
2025-07-25T08:39:22.175041,blofin,3.0773,3.0774,98.0,172.0
2025-07-25T08:39:22.437972,bitmex,3.0832,3.0877,5.0,26.0
2025-07-25T08:39:22.442609,bitmex,3.0832,3.0876,5.0,5.0
2025-07-25T08:39:22.595633,bitmex,3.0832,3.0878,5.0,5.0
2025-07-25T08:39:22.614074,bitmex,3.0832,3.0877,5.0,31.0
2025-07-25T08:39:22.619715,bitmex,3.0832,3.0876,5.0,6.0
2025-07-25T08:39:22.619726,bitmex,3.0832,3.0876,5.0,17.0
2025-07-25T08:39:22.635936,bitmex,3.0832,3.0875,5.0,56.0
2025-07-25T08:39:22.641100,bitmex,3.0832,3.0874,5.0,19.0
2025-07-25T08:39:22.643359,bitmex,3.0832,3.0874,5.0,25.0
2025-07-25T08:39:22.648879,blofin,3.0773,3.0774,98.0,172.0
2025-07-25T08:39:22.652065,bitmex,3.0832,3.0873,5.0,6.0
2025-07-25T08:39:22.655282,bitmex,3.0832,3.0873,5.0,75.0
2025-07-25T08:39:22.660566,bitmex,3.0832,3.0872,5.0,6.0
2025-07-25T08:39:22.660578,bitmex,3.0832,3.0872,5.0,29.0
2025-07-25T08:39:22.665443,bitmex,3.0832,3.0871,5.0,6.0
2025-07-25T08:39:23.119163,bitmart,3.0779,3.078,8601.0,109763.0
2025-07-25T08:39:23.163118,blofin,3.0768,3.0769,3.0,138.0
2025-07-25T08:39:23.459818,bitrue,3.0793,3.0794,30910.7,77657.3
2025-07-25T08:39:23.666110,blofin,3.0767,3.0768,4.0,281.0
2025-07-25T08:39:24.093758,bitmart,3.0779,3.0784,92690.0,13630.0
2025-07-25T08:39:24.227387,blofin,3.0767,3.0768,56.0,25.0
2025-07-25T08:39:24.505902,bitrue,3.0793,3.0796,30910.7,52670.3
2025-07-25T08:39:24.651124,blofin,3.0767,3.0768,56.0,25.0
2025-07-25T08:39:25.084842,bitmart,3.078,3.0781,15582.0,71305.0
2025-07-25T08:39:25.169824,blofin,3.0767,3.0768,114.0,83.0
2025-07-25T08:39:25.548770,bitrue,3.0794,3.0795,35975.2,22757.3
2025-07-25T08:39:25.649245,blofin,3.0767,3.0768,114.0,83.0
2025-07-25T08:39:26.021632,bitmart,3.0778,3.078,18234.0,34306.0
2025-07-25T08:39:26.231442,blofin,3.0767,3.0768,114.0,83.0
2025-07-25T08:39:26.653953,blofin,3.0767,3.0768,13.0,156.0
2025-07-25T08:39:27.061146,bitmart,3.0779,3.078,20819.0,56060.0
2025-07-25T08:39:27.199362,blofin,3.0767,3.0768,14.0,85.0
2025-07-25T08:39:27.640569,bitrue,3.0792,3.0793,17345.6,43750.7
2025-07-25T08:39:27.668348,blofin,3.0766,3.0767,14.0,109.0
2025-07-25T08:39:28.070193,bitmart,3.0778,3.0779,44038.0,110845.0
2025-07-25T08:39:28.199477,blofin,3.0766,3.0767,14.0,109.0
2025-07-25T08:39:28.210286,bitmex,3.083,3.0871,1221.0,6.0
2025-07-25T08:39:28.222833,bitmex,3.083,3.0871,1215.0,6.0
2025-07-25T08:39:28.415728,bitmex,3.0831,3.0871,6.0,6.0
2025-07-25T08:39:28.496576,bitmex,3.0831,3.0871,19.0,6.0
2025-07-25T08:39:28.500157,bitmex,3.0832,3.0871,6.0,6.0
2025-07-25T08:39:28.652434,blofin,3.0765,3.0766,58.0,125.0
2025-07-25T08:39:29.067660,bitmart,3.0778,3.0779,44038.0,110845.0
2025-07-25T08:39:29.197528,blofin,3.0765,3.0766,30.0,210.0
2025-07-25T08:39:29.613911,bitmex,3.0832,3.0871,75.0,6.0
2025-07-25T08:39:29.630130,bitmex,3.0832,3.0871,69.0,6.0
2025-07-25T08:39:29.637451,bitmex,3.0833,3.0871,6.0,6.0
2025-07-25T08:39:29.649043,blofin,3.0765,3.0766,30.0,210.0
2025-07-25T08:39:29.658638,bitmex,3.0833,3.0878,6.0,5.0
2025-07-25T08:39:29.670607,bitmex,3.0839,3.0878,273.0,5.0
2025-07-25T08:39:29.683307,bitmex,3.084,3.0878,6.0,5.0
2025-07-25T08:39:29.733508,bitrue,3.079,3.0791,37.4,82248.9
2025-07-25T08:39:30.128286,bitmart,3.0787,3.0788,78460.0,9691.0
2025-07-25T08:39:30.168944,blofin,3.077,3.0774,87.0,85.0
2025-07-25T08:39:30.661989,blofin,3.0776,3.0777,8.0,48.0
2025-07-25T08:39:31.100492,bitmart,3.0788,3.0789,18197.0,35974.0
2025-07-25T08:39:31.195225,blofin,3.0776,3.0777,8.0,48.0
2025-07-25T08:39:31.661918,blofin,3.0775,3.0776,79.0,3.0
2025-07-25T08:39:31.825607,bitrue,3.0798,3.0799,47361.6,68296.8
2025-07-25T08:39:32.129005,bitmart,3.0787,3.0788,42338.0,19226.0
2025-07-25T08:39:32.176184,bitmex,3.084,3.0878,16.0,5.0
2025-07-25T08:39:32.210453,blofin,3.0775,3.0776,10.0,84.0
2025-07-25T08:39:32.651811,blofin,3.0775,3.0776,10.0,84.0
2025-07-25T08:39:33.061174,bitmart,3.0785,3.0788,50515.0,72044.0
2025-07-25T08:39:33.166176,blofin,3.0775,3.0776,14.0,57.0
2025-07-25T08:39:33.192285,bitmex,3.0841,3.0878,6.0,5.0
2025-07-25T08:39:33.650999,blofin,3.0772,3.0773,4.0,54.0
2025-07-25T08:39:34.105040,bitmart,3.0785,3.0787,54860.0,66691.0
2025-07-25T08:39:34.159280,blofin,3.0772,3.0773,4.0,54.0
2025-07-25T08:39:34.648367,blofin,3.0772,3.0773,58.0,32.0
2025-07-25T08:39:35.125250,bitmart,3.0786,3.0787,36231.0,87138.0
2025-07-25T08:39:35.142243,bitmex,3.0841,3.0878,16.0,5.0
2025-07-25T08:39:35.186738,blofin,3.0772,3.0773,93.0,36.0
2025-07-25T08:39:35.648659,blofin,3.0772,3.0773,93.0,36.0
2025-07-25T08:39:36.120597,bitmart,3.0785,3.0786,52238.0,101687.0
2025-07-25T08:39:36.148161,bitmex,3.0842,3.0878,10.0,5.0
2025-07-25T08:39:36.202134,blofin,3.0772,3.0773,11.0,70.0
2025-07-25T08:39:36.655633,blofin,3.0772,3.0773,11.0,40.0
2025-07-25T08:39:37.023647,bitmart,3.0783,3.0786,12593.0,90242.0
2025-07-25T08:39:37.172082,blofin,3.0772,3.0773,11.0,40.0
2025-07-25T08:39:37.649978,blofin,3.0771,3.0772,11.0,53.0
2025-07-25T08:39:38.131393,bitmart,3.0781,3.0782,34163.0,66114.0
2025-07-25T08:39:38.133594,bitmex,3.0834,3.0878,10.0,5.0
2025-07-25T08:39:38.138243,bitmex,3.0834,3.0878,16.0,5.0
2025-07-25T08:39:38.138255,bitmex,3.0835,3.0878,6.0,5.0
2025-07-25T08:39:38.161570,blofin,3.0768,3.0769,69.0,34.0
2025-07-25T08:39:38.664678,blofin,3.0768,3.0769,69.0,34.0
2025-07-25T08:39:39.064453,bitmart,3.0781,3.0782,7156.0,66114.0
2025-07-25T08:39:39.166272,blofin,3.0768,3.0769,15.0,86.0
2025-07-25T08:39:39.652430,blofin,3.0768,3.0769,15.0,86.0
2025-07-25T08:39:40.094853,bitmart,3.0781,3.0782,3997.0,66114.0
2025-07-25T08:39:40.180138,bitrue,3.0795,3.0796,12750.4,100706.3
2025-07-25T08:39:40.188641,blofin,3.0768,3.0769,16.0,54.0
2025-07-25T08:39:40.654010,blofin,3.0768,3.0769,16.0,54.0
2025-07-25T08:39:41.025301,bitmart,3.078,3.0781,95595.0,85654.0
2025-07-25T08:39:41.163132,blofin,3.0768,3.0769,10.0,76.0
2025-07-25T08:39:41.301127,bitmex,3.0835,3.0877,6.0,27.0
2025-07-25T08:39:41.305922,bitmex,3.0835,3.0876,6.0,6.0
2025-07-25T08:39:41.305940,bitmex,3.0835,3.0876,6.0,16.0
2025-07-25T08:39:41.325305,bitmex,3.0835,3.0876,6.0,26.0
2025-07-25T08:39:41.325320,bitmex,3.0835,3.0875,6.0,6.0
2025-07-25T08:39:41.325329,bitmex,3.0835,3.0875,6.0,16.0
2025-07-25T08:39:41.325337,bitmex,3.0835,3.0874,6.0,6.0
2025-07-25T08:39:41.327632,bitmex,3.0835,3.0874,6.0,16.0
2025-07-25T08:39:41.329439,bitmex,3.0835,3.0873,6.0,6.0
2025-07-25T08:39:41.335221,bitmex,3.0835,3.0873,6.0,16.0
2025-07-25T08:39:41.339916,bitmex,3.0835,3.0872,6.0,6.0
2025-07-25T08:39:41.344485,bitmex,3.0835,3.0872,6.0,16.0
2025-07-25T08:39:41.350190,bitmex,3.0835,3.0871,6.0,6.0
2025-07-25T08:39:41.357596,bitmex,3.0835,3.0871,6.0,16.0
2025-07-25T08:39:41.357603,bitmex,3.0835,3.0871,6.0,42.0
2025-07-25T08:39:41.364052,bitmex,3.0835,3.0871,6.0,36.0
2025-07-25T08:39:41.364058,bitmex,3.0835,3.087,6.0,6.0
2025-07-25T08:39:41.651064,blofin,3.0768,3.0772,10.0,178.0
2025-07-25T08:39:42.119628,bitmart,3.078,3.0781,95595.0,17835.0
2025-07-25T08:39:42.198675,blofin,3.0768,3.0769,21.0,81.0
2025-07-25T08:39:42.651107,blofin,3.0768,3.0769,21.0,81.0
2025-07-25T08:39:43.083282,bitmex,3.0835,3.0878,6.0,5.0
2025-07-25T08:39:43.143325,bitmart,3.078,3.0783,11160.0,2647.0
2025-07-25T08:39:43.194852,blofin,3.0768,3.0769,62.0,52.0
2025-07-25T08:39:43.653153,blofin,3.0777,3.0778,356.0,5.0
2025-07-25T08:39:44.078695,bitmart,3.0789,3.079,57206.0,16863.0
2025-07-25T08:39:44.190086,blofin,3.0777,3.0778,356.0,5.0
2025-07-25T08:39:45.042822,bitmart,3.0789,3.0793,15980.0,101390.0
2025-07-25T08:39:45.042950,blofin,3.0777,3.0778,137.0,29.0
2025-07-25T08:39:45.183061,blofin,3.0777,3.0778,138.0,5.0
2025-07-25T08:39:45.411475,bitrue,3.0802,3.0803,113471.8,43348.7
2025-07-25T08:39:45.660262,blofin,3.0776,3.0777,22.0,200.0
2025-07-25T08:39:46.087563,bitmart,3.0789,3.0792,75132.0,41347.0
2025-07-25T08:39:46.179672,blofin,3.0776,3.0777,22.0,200.0
2025-07-25T08:39:46.653879,blofin,3.0777,3.0778,239.0,3.0
2025-07-25T08:39:47.116064,bitmart,3.0791,3.0792,51280.0,3433.0
2025-07-25T08:39:47.149474,blofin,3.0777,3.0778,87.0,4.0
2025-07-25T08:39:47.650995,bitmex,3.0835,3.0879,6.0,3.0
2025-07-25T08:39:47.656482,blofin,3.0777,3.0778,87.0,4.0
2025-07-25T08:39:47.833710,bitmex,3.0848,3.0879,271.0,3.0
2025-07-25T08:39:47.839263,bitmex,3.0849,3.0879,81.0,3.0
2025-07-25T08:39:47.854924,bitmex,3.0849,3.0879,87.0,3.0
2025-07-25T08:39:47.854949,bitmex,3.085,3.0879,6.0,3.0
2025-07-25T08:39:47.942078,bitmex,3.085,3.0879,193.0,3.0
2025-07-25T08:39:47.951199,bitmex,3.085,3.0879,274.0,3.0
2025-07-25T08:39:47.951208,bitmex,3.0851,3.0879,6.0,3.0
2025-07-25T08:39:48.086080,bitmart,3.0798,3.0807,13303.0,14123.0
2025-07-25T08:39:48.194485,blofin,3.0777,3.0778,87.0,4.0
2025-07-25T08:39:48.269232,bitmex,3.0851,3.0879,27.0,3.0
2025-07-25T08:39:48.274544,bitmex,3.0852,3.0879,6.0,3.0
2025-07-25T08:39:48.650112,blofin,3.0785,3.0786,184.0,7.0
2025-07-25T08:39:48.670081,bitmex,3.0852,3.0879,6.0,1.0
2025-07-25T08:39:48.676847,bitmex,3.0852,3.0895,6.0,1066.0
2025-07-25T08:39:48.679433,bitmex,3.0852,3.0895,6.0,1061.0
2025-07-25T08:39:48.733005,bitmex,3.0852,3.09,6.0,5.0
2025-07-25T08:39:48.742317,bitmex,3.0852,3.0902,6.0,5.0
2025-07-25T08:39:48.748217,bitmex,3.0862,3.0902,271.0,5.0
2025-07-25T08:39:48.753054,bitmex,3.0863,3.0902,6.0,5.0
2025-07-25T08:39:48.802778,bitmex,3.0863,3.0909,6.0,5.0
2025-07-25T08:39:49.101019,bitmart,3.0813,3.0814,83290.0,6729.0
2025-07-25T08:39:49.211327,blofin,3.0798,3.0799,301.0,13.0
2025-07-25T08:39:49.477811,bitmex,3.0863,3.0909,75.0,5.0
2025-07-25T08:39:49.483251,bitmex,3.0864,3.0909,6.0,5.0
2025-07-25T08:39:49.599112,bitmex,3.0864,3.0908,6.0,35.0
2025-07-25T08:39:49.604487,bitmex,3.0864,3.0907,6.0,11.0
2025-07-25T08:39:49.604501,bitmex,3.0864,3.0907,6.0,17.0
2025-07-25T08:39:49.608883,bitmex,3.0864,3.0906,6.0,6.0
2025-07-25T08:39:49.651664,blofin,3.0804,3.0805,130.0,18.0
2025-07-25T08:39:49.691492,bitrue,3.082,3.0821,75451.0,43031.0
2025-07-25T08:39:49.765945,bitmex,3.0864,3.0909,6.0,5.0
2025-07-25T08:39:49.778104,bitmex,3.0864,3.0908,6.0,90.0
2025-07-25T08:39:49.784306,bitmex,3.0864,3.0907,6.0,6.0
2025-07-25T08:39:49.784313,bitmex,3.0864,3.0907,6.0,33.0
2025-07-25T08:39:49.789347,bitmex,3.0864,3.0906,6.0,6.0
2025-07-25T08:39:49.946454,bitmex,3.0864,3.0909,6.0,5.0
2025-07-25T08:39:50.118955,bitmart,3.0809,3.081,60044.0,5581.0
2025-07-25T08:39:50.191024,blofin,3.0804,3.0805,130.0,18.0
2025-07-25T08:39:50.649170,blofin,3.0798,3.0799,144.0,22.0
2025-07-25T08:39:50.742616,bitrue,3.0823,3.0824,66576.6,45040.5
2025-07-25T08:39:50.817841,bitmex,3.0864,3.0908,6.0,24.0
2025-07-25T08:39:50.817854,bitmex,3.0864,3.0907,6.0,6.0
2025-07-25T08:39:50.962447,bitmex,3.0864,3.0909,6.0,5.0
2025-07-25T08:39:51.059925,bitmart,3.0809,3.081,60044.0,33131.0
2025-07-25T08:39:51.186548,bitmex,3.0864,3.0908,6.0,24.0
2025-07-25T08:39:51.186562,bitmex,3.0864,3.0907,6.0,6.0
2025-07-25T08:39:51.196220,blofin,3.0799,3.08,148.0,7.0
2025-07-25T08:39:51.342986,bitmex,3.0864,3.0909,6.0,5.0
2025-07-25T08:39:51.353021,bitmex,3.0864,3.0908,6.0,31.0
2025-07-25T08:39:51.365036,bitmex,3.0864,3.0907,6.0,6.0
2025-07-25T08:39:51.516257,bitmex,3.0864,3.0909,6.0,5.0
2025-07-25T08:39:51.531708,bitmex,3.0864,3.0908,6.0,31.0
2025-07-25T08:39:51.537817,bitmex,3.0864,3.0907,6.0,6.0
2025-07-25T08:39:51.663596,blofin,3.0799,3.08,148.0,7.0
2025-07-25T08:39:51.696583,bitmex,3.0864,3.0909,6.0,5.0
2025-07-25T08:39:51.707500,bitmex,3.0864,3.0908,6.0,31.0
2025-07-25T08:39:51.713056,bitmex,3.0864,3.0907,6.0,6.0
2025-07-25T08:39:51.874258,bitmex,3.0864,3.0909,6.0,5.0
2025-07-25T08:39:51.887210,bitmex,3.0864,3.0908,6.0,75.0
2025-07-25T08:39:51.890159,bitmex,3.0864,3.0907,6.0,6.0
2025-07-25T08:39:51.898444,bitmex,3.0864,3.0907,6.0,29.0
2025-07-25T08:39:51.909165,bitmex,3.0864,3.0907,6.0,6.0
2025-07-25T08:39:52.046205,bitmex,3.0864,3.0909,6.0,5.0
2025-07-25T08:39:52.068004,bitmex,3.0864,3.0908,6.0,80.0
2025-07-25T08:39:52.069494,bitmex,3.0864,3.0907,6.0,24.0
2025-07-25T08:39:52.069504,bitmex,3.0864,3.0907,6.0,30.0
2025-07-25T08:39:52.083881,bitmart,3.0809,3.081,60044.0,49080.0
2025-07-25T08:39:52.091190,bitmex,3.0864,3.0907,6.0,6.0
2025-07-25T08:39:52.186411,blofin,3.0799,3.08,148.0,7.0
2025-07-25T08:39:52.226031,bitmex,3.0864,3.0909,6.0,5.0
2025-07-25T08:39:52.240089,bitmex,3.0864,3.0908,6.0,34.0
2025-07-25T08:39:52.242874,bitmex,3.0864,3.0907,6.0,10.0
2025-07-25T08:39:52.243354,bitmex,3.0864,3.0907,6.0,16.0
2025-07-25T08:39:52.262285,bitmex,3.0864,3.0907,6.0,6.0
2025-07-25T08:39:52.401897,bitmex,3.0864,3.0909,6.0,5.0
2025-07-25T08:39:52.412917,bitmex,3.0864,3.0908,6.0,34.0
2025-07-25T08:39:52.417483,bitmex,3.0864,3.0907,6.0,10.0
2025-07-25T08:39:52.418732,bitmex,3.0864,3.0907,6.0,16.0
2025-07-25T08:39:52.438269,bitmex,3.0864,3.0907,6.0,6.0
2025-07-25T08:39:52.577600,bitmex,3.0864,3.0909,6.0,5.0
2025-07-25T08:39:52.587397,bitmex,3.0864,3.0908,6.0,34.0
2025-07-25T08:39:52.592372,bitmex,3.0864,3.0907,6.0,10.0
2025-07-25T08:39:52.592385,bitmex,3.0864,3.0907,6.0,16.0
2025-07-25T08:39:52.614432,bitmex,3.0864,3.0907,6.0,6.0
2025-07-25T08:39:52.654980,blofin,3.0799,3.08,1.0,76.0
2025-07-25T08:39:52.750600,bitmex,3.0864,3.0909,6.0,5.0
2025-07-25T08:39:52.782317,bitmex,3.0864,3.0908,6.0,34.0
2025-07-25T08:39:52.782324,bitmex,3.0864,3.0907,6.0,10.0
2025-07-25T08:39:52.782329,bitmex,3.0864,3.0907,6.0,16.0
2025-07-25T08:39:52.788894,bitmex,3.0864,3.0907,6.0,6.0
2025-07-25T08:39:52.925015,bitmex,3.0864,3.0909,6.0,5.0
2025-07-25T08:39:52.932682,bitmex,3.0864,3.0908,6.0,34.0
2025-07-25T08:39:52.937955,bitmex,3.0864,3.0907,6.0,10.0
2025-07-25T08:39:52.938654,bitmex,3.0864,3.0907,6.0,16.0
2025-07-25T08:39:52.958551,bitmex,3.0864,3.0907,6.0,6.0
2025-07-25T08:39:53.103320,bitmex,3.0864,3.0909,6.0,5.0
2025-07-25T08:39:53.127267,bitmart,3.0809,3.081,25084.0,28153.0
2025-07-25T08:39:53.175275,blofin,3.0799,3.08,1.0,86.0
2025-07-25T08:39:53.650497,blofin,3.0799,3.08,1.0,86.0
2025-07-25T08:39:54.063829,bitmart,3.0814,3.0816,81171.0,5694.0
2025-07-25T08:39:54.175067,blofin,3.0806,3.0807,166.0,27.0
2025-07-25T08:39:54.654746,blofin,3.0806,3.0807,166.0,27.0
2025-07-25T08:39:54.928859,bitrue,3.0828,3.0829,56559.9,25291.8
2025-07-25T08:39:55.045250,bitmex,3.086,3.0909,6.0,5.0
2025-07-25T08:39:55.063852,bitmart,3.0815,3.0816,85247.0,18636.0
2025-07-25T08:39:55.183594,blofin,3.0806,3.0807,166.0,27.0
2025-07-25T08:39:55.232244,bitmex,3.086,3.0909,276.0,5.0
2025-07-25T08:39:55.243323,bitmex,3.0861,3.0909,6.0,5.0
2025-07-25T08:39:55.676606,blofin,3.0802,3.0803,8.0,154.0
2025-07-25T08:39:56.063878,bitmart,3.0812,3.0816,12597.0,18643.0
2025-07-25T08:39:56.167593,blofin,3.0801,3.0802,33.0,50.0
2025-07-25T08:39:56.534575,bitmex,3.0861,3.0908,6.0,27.0
2025-07-25T08:39:56.538866,bitmex,3.0861,3.0907,6.0,6.0
2025-07-25T08:39:56.657897,blofin,3.0801,3.0802,33.0,50.0
2025-07-25T08:39:56.701373,bitmex,3.0861,3.0909,6.0,5.0
2025-07-25T08:39:56.708657,bitmex,3.0861,3.0908,6.0,34.0
2025-07-25T08:39:56.714657,bitmex,3.0861,3.0907,6.0,6.0
2025-07-25T08:39:56.714668,bitmex,3.0861,3.0907,6.0,16.0
2025-07-25T08:39:56.731017,bitmex,3.0861,3.0907,6.0,6.0
2025-07-25T08:39:56.867753,bitmex,3.0861,3.0909,6.0,5.0
2025-07-25T08:39:56.883984,bitmex,3.0861,3.0908,6.0,34.0
2025-07-25T08:39:56.883990,bitmex,3.0861,3.0907,6.0,10.0
2025-07-25T08:39:56.884448,bitmex,3.0861,3.0907,6.0,16.0
2025-07-25T08:39:56.905067,bitmex,3.0861,3.0907,6.0,6.0
2025-07-25T08:39:57.024223,bitrue,3.0826,3.0827,60720.9,48680.3
2025-07-25T08:39:57.042060,bitmex,3.0861,3.0909,6.0,5.0
2025-07-25T08:39:57.056005,bitmex,3.0861,3.0908,6.0,34.0
2025-07-25T08:39:57.060383,bitmex,3.0861,3.0907,6.0,10.0
2025-07-25T08:39:57.060915,bitmex,3.0861,3.0907,6.0,16.0
2025-07-25T08:39:57.091266,bitmex,3.0861,3.0907,6.0,6.0
2025-07-25T08:39:57.095280,bitmart,3.0809,3.0811,16369.0,65094.0
2025-07-25T08:39:57.193167,blofin,3.08,3.0801,1.0,102.0
2025-07-25T08:39:57.218643,bitmex,3.0861,3.0909,6.0,5.0
2025-07-25T08:39:57.235962,bitmex,3.0861,3.0908,6.0,29.0
2025-07-25T08:39:57.235974,bitmex,3.0861,3.0907,6.0,6.0
2025-07-25T08:39:57.400129,bitmex,3.0861,3.0909,6.0,5.0
2025-07-25T08:39:57.420930,bitmex,3.0861,3.0908,6.0,29.0
2025-07-25T08:39:57.426557,bitmex,3.0861,3.0907,6.0,6.0
2025-07-25T08:39:57.583525,bitmex,3.0861,3.0909,6.0,5.0
2025-07-25T08:39:57.648228,blofin,3.0797,3.0798,38.0,228.0
2025-07-25T08:39:58.030293,bitmart,3.0809,3.081,28883.0,12653.0
2025-07-25T08:39:58.195557,blofin,3.0797,3.0798,55.0,4.0
2025-07-25T08:39:58.651423,blofin,3.0797,3.0798,55.0,4.0
2025-07-25T08:39:59.115175,bitrue,3.0823,3.0824,66576.6,26030.2
2025-07-25T08:39:59.121030,bitmart,3.0812,3.0813,98796.0,6312.0
2025-07-25T08:39:59.216195,blofin,3.0797,3.0798,55.0,4.0
2025-07-25T08:39:59.618270,bitmex,3.0861,3.0908,6.0,55.0
2025-07-25T08:39:59.626058,bitmex,3.0861,3.0907,6.0,6.0
2025-07-25T08:39:59.626069,bitmex,3.0861,3.0907,6.0,23.0
2025-07-25T08:39:59.626409,bitmex,3.0855,3.0907,3.0,23.0
2025-07-25T08:39:59.635047,bitmex,3.0855,3.0906,3.0,6.0
2025-07-25T08:39:59.635059,bitmex,3.0855,3.0906,3.0,39.0
2025-07-25T08:39:59.636809,bitmex,3.0856,3.0906,6.0,39.0
2025-07-25T08:39:59.641199,bitmex,3.0856,3.0905,6.0,12.0
2025-07-25T08:39:59.641888,bitmex,3.0856,3.0905,6.0,18.0
2025-07-25T08:39:59.646087,bitmex,3.0856,3.0904,6.0,6.0
2025-07-25T08:39:59.650191,blofin,3.0797,3.0798,112.0,11.0
2025-07-25T08:39:59.660023,bitmex,3.0856,3.0904,6.0,75.0
2025-07-25T08:39:59.665348,bitmex,3.0856,3.0903,6.0,6.0
2025-07-25T08:39:59.668067,bitmex,3.0856,3.0903,6.0,29.0
2025-07-25T08:39:59.674464,bitmex,3.0856,3.0902,6.0,6.0
2025-07-25T08:39:59.736952,bitmex,3.0856,3.0901,6.0,24.0
2025-07-25T08:39:59.743909,bitmex,3.0856,3.09,6.0,6.0
2025-07-25T08:39:59.901942,bitmex,3.0856,3.0902,6.0,6.0
2025-07-25T08:39:59.992291,bitmex,3.0856,3.0901,6.0,117.0
2025-07-25T08:39:59.993266,bitmex,3.0856,3.09,6.0,6.0
2025-07-25T08:39:59.993271,bitmex,3.0856,3.09,6.0,43.0
2025-07-25T08:40:00.005041,bitmex,3.0856,3.0899,6.0,130.0
2025-07-25T08:40:00.009370,bitmex,3.0856,3.0898,6.0,6.0
2025-07-25T08:40:00.009384,bitmex,3.0856,3.0898,6.0,47.0
2025-07-25T08:40:00.041704,bitmex,3.0856,3.0898,6.0,6.0
2025-07-25T08:40:00.041715,bitmex,3.0856,3.0897,6.0,6.0
2025-07-25T08:40:00.078090,bitmart,3.08,3.0804,164.0,16430.0
2025-07-25T08:40:00.181878,blofin,3.0792,3.0793,1.0,88.0
2025-07-25T08:40:00.190504,bitmex,3.0856,3.09,6.0,6.0
2025-07-25T08:40:00.195081,bitmex,3.0855,3.09,3.0,6.0
2025-07-25T08:40:00.196510,bitmex,3.0855,3.0902,3.0,6.0
2025-07-25T08:40:00.201860,bitmex,3.0855,3.0899,3.0,235.0
2025-07-25T08:40:00.207741,bitmex,3.0855,3.0898,3.0,71.0
2025-07-25T08:40:00.207757,bitmex,3.0855,3.0898,3.0,77.0
2025-07-25T08:40:00.212354,bitmex,3.0855,3.0897,3.0,6.0
2025-07-25T08:40:00.254913,bitmex,3.0855,3.0896,3.0,139.0
2025-07-25T08:40:00.265303,bitmex,3.0855,3.0895,3.0,6.0
2025-07-25T08:40:00.265310,bitmex,3.0855,3.0895,3.0,48.0
2025-07-25T08:40:00.271099,bitmex,3.0855,3.0894,3.0,6.0
2025-07-25T08:40:00.287278,bitmex,3.0855,3.0894,3.0,27.0
2025-07-25T08:40:00.291762,bitmex,3.0855,3.0893,3.0,6.0
2025-07-25T08:40:00.531058,bitmex,3.0855,3.0893,9.0,6.0
2025-07-25T08:40:00.531070,bitmex,3.0855,3.0893,3.0,6.0
2025-07-25T08:40:00.665416,blofin,3.0792,3.0793,1.0,88.0
2025-07-25T08:40:00.681021,bitmex,3.0856,3.0893,6.0,6.0
2025-07-25T08:40:01.096082,bitmart,3.0802,3.0803,2446.0,47637.0
2025-07-25T08:40:01.208478,bitrue,3.081,3.0811,94001.4,56096.6
2025-07-25T08:40:01.210884,blofin,3.0785,3.0786,79.0,125.0
2025-07-25T08:40:01.655893,blofin,3.0791,3.0793,14.0,98.0
2025-07-25T08:40:02.085939,bitmart,3.0799,3.08,50003.0,7028.0
2025-07-25T08:40:02.217060,blofin,3.0791,3.0792,1.0,298.0
2025-07-25T08:40:02.662952,blofin,3.0791,3.0792,1.0,298.0
2025-07-25T08:40:03.094722,bitmart,3.0796,3.0797,61129.0,58746.0
2025-07-25T08:40:03.178580,blofin,3.0787,3.0788,1.0,74.0
2025-07-25T08:40:03.309303,bitrue,3.0813,3.0814,27.0,61172.8
2025-07-25T08:40:03.650441,blofin,3.0787,3.0788,61.0,88.0
2025-07-25T08:40:03.768645,bitmex,3.085,3.0893,6.0,6.0
2025-07-25T08:40:04.126897,bitmart,3.0796,3.0797,50102.0,7531.0
2025-07-25T08:40:04.173858,blofin,3.0786,3.0787,15.0,317.0
2025-07-25T08:40:04.655193,blofin,3.0786,3.0787,15.0,317.0
2025-07-25T08:40:05.084974,bitmart,3.0796,3.0797,50102.0,1938.0
2025-07-25T08:40:05.215305,blofin,3.0786,3.0787,15.0,317.0
2025-07-25T08:40:05.403856,bitrue,3.0808,3.0809,11503.8,2550.1
2025-07-25T08:40:05.673745,blofin,3.0786,3.0787,66.0,36.0
2025-07-25T08:40:06.124822,bitmart,3.0796,3.0798,101361.0,13848.0
2025-07-25T08:40:06.181624,blofin,3.0786,3.0787,66.0,36.0
2025-07-25T08:40:06.667393,blofin,3.0786,3.0787,23.68,81.0
2025-07-25T08:40:07.017231,bitmart,3.0796,3.0797,77512.0,19137.0
2025-07-25T08:40:07.209830,blofin,3.0786,3.0787,25.68,74.0
2025-07-25T08:40:07.662438,blofin,3.0786,3.0787,25.68,74.0
2025-07-25T08:40:08.114503,bitmart,3.0796,3.0797,77512.0,46135.0
2025-07-25T08:40:08.234926,blofin,3.0786,3.0787,25.68,74.0
2025-07-25T08:40:08.492044,bitmex,3.085,3.0893,75.0,6.0
2025-07-25T08:40:08.497569,bitmex,3.085,3.0893,69.0,6.0
2025-07-25T08:40:08.497576,bitmex,3.0851,3.0893,6.0,6.0
2025-07-25T08:40:08.658009,blofin,3.0786,3.0787,11.68,155.0
2025-07-25T08:40:09.126551,bitmart,3.08,3.0802,17506.0,44799.0
2025-07-25T08:40:09.168547,blofin,3.0786,3.0787,11.68,155.0
2025-07-25T08:40:09.668151,blofin,3.0786,3.0787,76.68,89.0
2025-07-25T08:40:10.083381,bitmart,3.0797,3.0801,88784.0,11062.0
2025-07-25T08:40:10.168969,blofin,3.0786,3.0787,76.68,89.0
2025-07-25T08:40:10.624751,bitrue,3.0809,3.081,62213.3,79.6
2025-07-25T08:40:10.665192,blofin,3.0786,3.0787,76.68,89.0
2025-07-25T08:40:11.038913,bitmart,3.0796,3.0801,17346.0,111802.0
2025-07-25T08:40:11.194490,blofin,3.0786,3.0787,13.68,67.0
2025-07-25T08:40:11.632559,bitmex,3.0851,3.0892,6.0,45.0
2025-07-25T08:40:11.636082,bitmex,3.0851,3.0891,6.0,14.0
2025-07-25T08:40:11.637396,bitmex,3.0851,3.0891,6.0,20.0
2025-07-25T08:40:11.641936,bitmex,3.0851,3.089,6.0,6.0
2025-07-25T08:40:11.652766,blofin,3.0786,3.0787,146.68,53.0
2025-07-25T08:40:11.798912,bitmex,3.0846,3.089,6.0,6.0
2025-07-25T08:40:11.806210,bitmex,3.0844,3.089,6.0,6.0
2025-07-25T08:40:11.809902,bitmex,3.0844,3.0893,6.0,6.0
2025-07-25T08:40:11.813426,bitmex,3.0844,3.0889,6.0,45.0
2025-07-25T08:40:11.831475,bitmex,3.0844,3.0888,6.0,6.0
2025-07-25T08:40:11.831480,bitmex,3.0844,3.0888,6.0,20.0
2025-07-25T08:40:11.831490,bitmex,3.0844,3.0887,6.0,6.0
2025-07-25T08:40:11.895938,bitmex,3.0844,3.0887,275.0,6.0
2025-07-25T08:40:11.898028,bitmex,3.0845,3.0887,6.0,6.0
2025-07-25T08:40:11.985591,bitmex,3.0845,3.0893,6.0,6.0
2025-07-25T08:40:11.998832,bitmex,3.0845,3.0892,6.0,298.0
2025-07-25T08:40:12.003824,bitmex,3.0845,3.0891,6.0,89.0
2025-07-25T08:40:12.003838,bitmex,3.0845,3.0891,6.0,95.0
2025-07-25T08:40:12.010949,bitmex,3.0845,3.089,6.0,6.0
2025-07-25T08:40:12.032573,bitmex,3.0845,3.089,6.0,130.0
2025-07-25T08:40:12.032586,bitmex,3.0845,3.0889,6.0,6.0
2025-07-25T08:40:12.032593,bitmex,3.0845,3.0889,6.0,45.0
2025-07-25T08:40:12.037559,bitmex,3.0845,3.0888,6.0,6.0
2025-07-25T08:40:12.067636,bitmex,3.0845,3.0888,6.0,18.0
2025-07-25T08:40:12.071399,bitmex,3.0845,3.0888,6.0,6.0
2025-07-25T08:40:12.071409,bitmex,3.0845,3.0887,6.0,6.0
2025-07-25T08:40:12.080407,bitmart,3.0789,3.0796,18006.0,77509.0
2025-07-25T08:40:12.114083,bitmex,3.0845,3.0886,6.0,119.0
2025-07-25T08:40:12.120487,bitmex,3.0845,3.0885,6.0,6.0
2025-07-25T08:40:12.126175,bitmex,3.0845,3.0885,6.0,42.0
2025-07-25T08:40:12.133809,bitmex,3.0845,3.0884,6.0,6.0
2025-07-25T08:40:12.153597,bitmex,3.0845,3.0884,6.0,75.0
2025-07-25T08:40:12.156973,blofin,3.0786,3.0787,146.68,53.0
2025-07-25T08:40:12.157930,bitmex,3.0845,3.0883,6.0,6.0
2025-07-25T08:40:12.165953,bitmex,3.0845,3.0883,6.0,29.0
2025-07-25T08:40:12.171966,bitmex,3.0845,3.0882,6.0,6.0
2025-07-25T08:40:12.333124,bitmex,3.0845,3.0887,6.0,6.0
2025-07-25T08:40:12.339960,bitmex,3.0845,3.0893,6.0,6.0
2025-07-25T08:40:12.353743,bitmex,3.0845,3.0892,6.0,53.0
2025-07-25T08:40:12.357809,bitmex,3.0845,3.0891,6.0,16.0
2025-07-25T08:40:12.360988,bitmex,3.0845,3.0891,6.0,22.0
2025-07-25T08:40:12.366677,bitmex,3.0845,3.089,6.0,6.0
2025-07-25T08:40:12.522577,bitmex,3.0845,3.0893,6.0,6.0
2025-07-25T08:40:12.534058,bitmex,3.0845,3.0892,6.0,59.0
2025-07-25T08:40:12.539307,bitmex,3.0845,3.0891,6.0,18.0
2025-07-25T08:40:12.539455,bitmex,3.0845,3.0891,6.0,24.0
2025-07-25T08:40:12.543768,bitmex,3.0845,3.089,6.0,6.0
2025-07-25T08:40:12.648765,blofin,3.0786,3.0787,2.68,244.0
2025-07-25T08:40:12.703853,bitmex,3.0845,3.0893,6.0,6.0
2025-07-25T08:40:12.711936,bitmex,3.0845,3.0892,6.0,59.0
2025-07-25T08:40:12.717671,bitmex,3.0845,3.0891,6.0,18.0
2025-07-25T08:40:12.718267,bitmex,3.0845,3.0891,6.0,24.0
2025-07-25T08:40:12.721953,bitmex,3.0845,3.089,6.0,6.0
2025-07-25T08:40:12.878001,bitmex,3.0845,3.0893,6.0,6.0
2025-07-25T08:40:12.890283,bitmex,3.0845,3.0892,6.0,81.0
2025-07-25T08:40:12.895046,bitmex,3.0845,3.0891,6.0,24.0
2025-07-25T08:40:12.895157,bitmex,3.0845,3.0891,6.0,30.0
2025-07-25T08:40:12.900228,bitmex,3.0845,3.089,6.0,6.0
2025-07-25T08:40:13.076345,bitmex,3.0845,3.0893,6.0,6.0
2025-07-25T08:40:13.076362,bitmex,3.0845,3.0892,6.0,63.0
2025-07-25T08:40:13.079362,bitmex,3.0845,3.0891,6.0,6.0
2025-07-25T08:40:13.079373,bitmex,3.0845,3.0891,6.0,25.0
2025-07-25T08:40:13.087096,bitmex,3.0845,3.089,6.0,6.0
2025-07-25T08:40:13.117632,bitmart,3.0792,3.0793,101361.0,31719.0
2025-07-25T08:40:13.228560,blofin,3.0778,3.0779,87.0,10.0
2025-07-25T08:40:13.242358,bitmex,3.0845,3.0893,6.0,6.0
2025-07-25T08:40:13.252868,bitmex,3.0845,3.0892,6.0,63.0
2025-07-25T08:40:13.256576,bitmex,3.0845,3.0891,6.0,6.0
2025-07-25T08:40:13.256821,bitmex,3.0845,3.0891,6.0,25.0
2025-07-25T08:40:13.261574,bitmex,3.0845,3.089,6.0,6.0
2025-07-25T08:40:13.426381,bitmex,3.0845,3.0893,6.0,6.0
2025-07-25T08:40:13.611077,bitmex,3.0845,3.0892,6.0,36.0
2025-07-25T08:40:13.616077,bitmex,3.0845,3.0891,6.0,11.0
2025-07-25T08:40:13.616091,bitmex,3.0845,3.0891,6.0,17.0
2025-07-25T08:40:13.619004,bitmex,3.0845,3.089,6.0,6.0
2025-07-25T08:40:13.657200,blofin,3.0778,3.0779,87.0,10.0
2025-07-25T08:40:13.769819,bitrue,3.0803,3.0804,25540.2,14952.1
2025-07-25T08:40:13.781293,bitmex,3.0845,3.0893,6.0,6.0
2025-07-25T08:40:14.077385,bitmart,3.0792,3.0793,101361.0,10064.0
2025-07-25T08:40:14.191518,blofin,3.0781,3.0782,86.0,24.0
2025-07-25T08:40:14.233931,bitmex,3.0845,3.0893,75.0,6.0
2025-07-25T08:40:14.242563,bitmex,3.0845,3.0893,69.0,6.0
2025-07-25T08:40:14.242571,bitmex,3.0846,3.0893,6.0,6.0
2025-07-25T08:40:14.660388,blofin,3.0781,3.0782,24.0,82.0
2025-07-25T08:40:14.816704,bitrue,3.0808,3.0809,56592.6,45028.8
2025-07-25T08:40:15.074477,bitmart,3.0797,3.0798,46085.0,13650.0
2025-07-25T08:40:15.203649,blofin,3.0782,3.0783,119.0,62.0
2025-07-25T08:40:15.648378,blofin,3.0782,3.0783,119.0,62.0
2025-07-25T08:40:16.080885,bitmart,3.0797,3.0798,30715.0,39104.0
2025-07-25T08:40:16.170845,blofin,3.0785,3.0786,122.0,66.0
2025-07-25T08:40:16.439278,bitmex,3.0846,3.0893,107.0,6.0
2025-07-25T08:40:16.446399,bitmex,3.0846,3.0893,101.0,6.0
2025-07-25T08:40:16.451060,bitmex,3.0847,3.0893,6.0,6.0
2025-07-25T08:40:16.652281,blofin,3.0785,3.0786,55.0,69.0
2025-07-25T08:40:17.064107,bitmart,3.08,3.0801,40811.0,33897.0
2025-07-25T08:40:17.234551,blofin,3.0785,3.0786,203.0,18.0
2025-07-25T08:40:17.657538,blofin,3.0785,3.0786,203.0,18.0
2025-07-25T08:40:17.762925,bitmex,3.0847,3.0902,6.0,6.0
2025-07-25T08:40:18.002938,bitmex,3.0855,3.0902,3.0,6.0
2025-07-25T08:40:18.004681,bitmex,3.0856,3.0902,6.0,6.0
2025-07-25T08:40:18.076113,bitmart,3.0801,3.0805,14328.0,5207.0
2025-07-25T08:40:18.184338,blofin,3.0785,3.0786,203.0,18.0
2025-07-25T08:40:18.649423,blofin,3.0787,3.0788,223.0,20.0
2025-07-25T08:40:18.962450,bitmex,3.0856,3.0901,6.0,48.0
2025-07-25T08:40:18.967502,bitmex,3.0856,3.09,6.0,6.0
2025-07-25T08:40:18.967512,bitmex,3.0856,3.09,6.0,22.0
2025-07-25T08:40:18.972198,bitmex,3.0856,3.0899,6.0,6.0
2025-07-25T08:40:19.005985,bitrue,3.0817,3.0818,38661.5,117180.3
2025-07-25T08:40:19.080409,bitmart,3.0801,3.0805,8243.0,84450.0
2025-07-25T08:40:19.129426,bitmex,3.0856,3.0902,6.0,6.0
2025-07-25T08:40:19.141514,bitmex,3.0856,3.0901,6.0,48.0
2025-07-25T08:40:19.152925,bitmex,3.0856,3.09,6.0,16.0
2025-07-25T08:40:19.152937,bitmex,3.0856,3.09,6.0,22.0
2025-07-25T08:40:19.152944,bitmex,3.0856,3.09,6.0,16.0
2025-07-25T08:40:19.152958,bitmex,3.0856,3.0899,6.0,6.0
2025-07-25T08:40:19.162001,blofin,3.0793,3.0794,75.0,32.0
2025-07-25T08:40:19.309277,bitmex,3.0856,3.0902,6.0,6.0
2025-07-25T08:40:19.321305,bitmex,3.0856,3.0901,6.0,54.0
2025-07-25T08:40:19.329726,bitmex,3.0856,3.09,6.0,18.0
2025-07-25T08:40:19.329739,bitmex,3.0856,3.09,6.0,24.0
2025-07-25T08:40:19.330650,bitmex,3.0856,3.0899,6.0,6.0
2025-07-25T08:40:19.487547,bitmex,3.0856,3.0902,6.0,6.0
2025-07-25T08:40:19.505351,bitmex,3.0856,3.0901,6.0,54.0
2025-07-25T08:40:19.505373,bitmex,3.0856,3.09,6.0,6.0
2025-07-25T08:40:19.505387,bitmex,3.0856,3.09,6.0,24.0
2025-07-25T08:40:19.519915,bitmex,3.0856,3.0899,6.0,6.0
2025-07-25T08:40:19.661353,blofin,3.0789,3.079,55.0,29.0
2025-07-25T08:40:19.668727,bitmex,3.0856,3.0902,6.0,6.0
2025-07-25T08:40:20.077730,bitmart,3.0801,3.0805,96783.0,16179.0
2025-07-25T08:40:20.168620,blofin,3.0789,3.079,55.0,29.0
2025-07-25T08:40:20.493964,bitmex,3.0856,3.0901,6.0,38.0
2025-07-25T08:40:20.497519,bitmex,3.0856,3.09,6.0,13.0
2025-07-25T08:40:20.498709,bitmex,3.0856,3.09,6.0,19.0
2025-07-25T08:40:20.503859,bitmex,3.0856,3.0899,6.0,6.0
2025-07-25T08:40:20.623335,bitmex,3.0856,3.0898,6.0,23.0
2025-07-25T08:40:20.628293,bitmex,3.0856,3.0897,6.0,6.0
2025-07-25T08:40:20.648531,blofin,3.0792,3.0793,107.0,12.0
2025-07-25T08:40:20.702432,bitmex,3.0856,3.0896,6.0,30.0
2025-07-25T08:40:20.708073,bitmex,3.0855,3.0896,3.0,30.0
2025-07-25T08:40:20.708084,bitmex,3.0855,3.0895,3.0,6.0
2025-07-25T08:40:20.715260,bitmex,3.0855,3.0895,3.0,75.0
2025-07-25T08:40:20.722485,bitmex,3.0855,3.0894,3.0,6.0
2025-07-25T08:40:20.722495,bitmex,3.0855,3.0894,3.0,38.0
2025-07-25T08:40:20.725492,bitmex,3.0855,3.0894,3.0,32.0
2025-07-25T08:40:20.727086,bitmex,3.0855,3.0893,3.0,6.0
2025-07-25T08:40:21.029261,bitmex,3.0855,3.0892,3.0,33.0
2025-07-25T08:40:21.033894,bitmex,3.0855,3.0891,3.0,10.0
2025-07-25T08:40:21.033901,bitmex,3.0855,3.0891,3.0,16.0
2025-07-25T08:40:21.038440,bitmex,3.0855,3.089,3.0,6.0
2025-07-25T08:40:21.080987,bitmart,3.0796,3.08,422.0,112669.0
2025-07-25T08:40:21.100546,bitrue,3.0815,3.0816,18.2,62922.6
2025-07-25T08:40:21.192068,blofin,3.0787,3.0788,26.0,150.0
2025-07-25T08:40:21.195484,bitmex,3.0855,3.0893,3.0,6.0
2025-07-25T08:40:21.449101,bitmex,3.0855,3.0892,3.0,33.0
2025-07-25T08:40:21.455009,bitmex,3.0855,3.0891,3.0,6.0
2025-07-25T08:40:21.458025,bitmex,3.0855,3.0891,3.0,16.0
2025-07-25T08:40:21.463012,bitmex,3.0855,3.089,3.0,6.0
2025-07-25T08:40:21.548452,bitmex,3.0847,3.089,6.0,6.0
2025-07-25T08:40:21.554854,bitmex,3.0845,3.089,6.0,6.0
2025-07-25T08:40:21.622027,bitmex,3.0845,3.0893,6.0,6.0
2025-07-25T08:40:21.637426,bitmex,3.0845,3.0892,6.0,38.0
2025-07-25T08:40:21.642962,bitmex,3.0845,3.0891,6.0,11.0
2025-07-25T08:40:21.642972,bitmex,3.0845,3.0891,6.0,17.0
2025-07-25T08:40:21.646259,blofin,3.0787,3.0788,26.0,150.0
2025-07-25T08:40:21.648042,bitmex,3.0845,3.089,6.0,6.0
2025-07-25T08:40:21.681923,bitmex,3.0845,3.089,75.0,6.0
2025-07-25T08:40:21.687072,bitmex,3.0846,3.089,6.0,6.0
2025-07-25T08:40:21.804260,bitmex,3.0846,3.0893,6.0,6.0
2025-07-25T08:40:22.043949,bitmart,3.0793,3.0794,61483.0,8758.0
2025-07-25T08:40:22.154629,blofin,3.0783,3.0784,3.0,83.0
2025-07-25T08:40:22.646969,blofin,3.0783,3.0784,3.0,83.0
2025-07-25T08:40:23.116352,bitmart,3.0797,3.0798,41945.0,32484.0
2025-07-25T08:40:23.189696,bitrue,3.0806,3.0807,46598.8,16204.8
2025-07-25T08:40:23.197448,blofin,3.0783,3.0784,3.0,83.0
2025-07-25T08:40:23.651495,blofin,3.0783,3.0784,58.0,10.0
2025-07-25T08:40:23.674866,bitmex,3.0846,3.0893,27.0,6.0
2025-07-25T08:40:23.678323,bitmex,3.0846,3.0899,27.0,6.0
2025-07-25T08:40:23.684016,bitmex,3.0846,3.0899,21.0,6.0
2025-07-25T08:40:23.684025,bitmex,3.0847,3.0899,5.0,6.0
2025-07-25T08:40:23.688377,bitmex,3.0847,3.0902,5.0,6.0
2025-07-25T08:40:23.945131,bitmex,3.0853,3.0902,3.0,6.0
2025-07-25T08:40:23.952052,bitmex,3.0854,3.0902,5.0,6.0
2025-07-25T08:40:24.117262,bitmart,3.0797,3.0802,84430.0,2952.0
2025-07-25T08:40:24.174448,blofin,3.0792,3.0793,65.0,46.0
2025-07-25T08:40:24.662885,blofin,3.0793,3.0794,112.0,1.0
2025-07-25T08:40:24.685003,bitmex,3.0847,3.0902,5.0,6.0
2025-07-25T08:40:24.785570,bitmex,3.0847,3.0901,5.0,24.0
2025-07-25T08:40:24.791657,bitmex,3.0847,3.09,5.0,5.0
2025-07-25T08:40:24.952000,bitmex,3.0847,3.0902,5.0,6.0
2025-07-25T08:40:25.079771,bitmex,3.0847,3.0901,5.0,24.0
2025-07-25T08:40:25.086148,bitmex,3.0847,3.09,5.0,5.0
2025-07-25T08:40:25.106517,bitmart,3.0802,3.0805,10607.0,108353.0
2025-07-25T08:40:25.182921,blofin,3.0793,3.0794,112.0,1.0
2025-07-25T08:40:25.241773,bitmex,3.0847,3.0902,5.0,6.0
2025-07-25T08:40:25.252947,bitmex,3.0847,3.0901,5.0,24.0
2025-07-25T08:40:25.261346,bitmex,3.0847,3.09,5.0,5.0
2025-07-25T08:40:25.281719,bitrue,3.0816,3.0823,45566.0,38288.2
2025-07-25T08:40:25.417729,bitmex,3.0847,3.0902,5.0,6.0
2025-07-25T08:40:25.431273,bitmex,3.0847,3.0901,5.0,24.0
2025-07-25T08:40:25.440873,bitmex,3.0847,3.09,5.0,5.0
2025-07-25T08:40:25.595446,bitmex,3.0847,3.0902,5.0,6.0
2025-07-25T08:40:25.609402,bitmex,3.0847,3.0901,5.0,24.0
2025-07-25T08:40:25.613657,bitmex,3.0847,3.09,5.0,5.0
2025-07-25T08:40:25.651091,blofin,3.0793,3.0794,57.0,88.0
2025-07-25T08:40:25.654575,bitmex,3.0847,3.0899,5.0,40.0
2025-07-25T08:40:25.659457,bitmex,3.0847,3.0898,5.0,5.0
2025-07-25T08:40:25.659468,bitmex,3.0847,3.0898,5.0,19.0
2025-07-25T08:40:25.665978,bitmex,3.0847,3.0897,5.0,5.0
2025-07-25T08:40:25.681449,bitmex,3.0847,3.0897,5.0,74.0
2025-07-25T08:40:25.685112,bitmex,3.0847,3.0896,5.0,22.0
2025-07-25T08:40:25.685124,bitmex,3.0847,3.0896,5.0,27.0
2025-07-25T08:40:25.687259,bitmex,3.0847,3.0895,5.0,5.0
2025-07-25T08:40:26.071250,bitmex,3.0847,3.09,5.0,5.0
2025-07-25T08:40:26.077479,bitmex,3.0847,3.0902,5.0,6.0
2025-07-25T08:40:26.089600,bitmart,3.08,3.0801,29800.0,1403.0
2025-07-25T08:40:26.173570,blofin,3.0788,3.0789,29.0,188.0
2025-07-25T08:40:26.446772,bitmex,3.085,3.0902,3.0,6.0
2025-07-25T08:40:26.451160,bitmex,3.0851,3.0902,5.0,6.0
2025-07-25T08:40:26.654347,blofin,3.0788,3.0789,29.0,188.0
2025-07-25T08:40:27.060260,bitmart,3.0802,3.0803,8039.0,62802.0
2025-07-25T08:40:27.180700,blofin,3.079,3.0791,35.0,111.0
2025-07-25T08:40:27.370215,bitrue,3.0814,3.0815,12076.0,31486.5
2025-07-25T08:40:27.660242,blofin,3.079,3.0791,95.0,6.0
2025-07-25T08:40:27.749741,bitmex,3.0851,3.0901,5.0,54.0
2025-07-25T08:40:27.754736,bitmex,3.0851,3.09,5.0,5.0
2025-07-25T08:40:27.755061,bitmex,3.0851,3.09,5.0,23.0
2025-07-25T08:40:27.759607,bitmex,3.0851,3.0899,5.0,5.0
2025-07-25T08:40:27.923482,bitmex,3.0851,3.0902,5.0,6.0
2025-07-25T08:40:27.928691,bitmex,3.0851,3.0901,5.0,50.0
2025-07-25T08:40:27.933764,bitmex,3.0851,3.09,5.0,17.0
2025-07-25T08:40:27.933776,bitmex,3.0851,3.09,5.0,22.0
2025-07-25T08:40:27.938770,bitmex,3.0851,3.0899,5.0,5.0
2025-07-25T08:40:28.062663,bitmart,3.0802,3.0803,14477.0,62802.0
2025-07-25T08:40:28.094603,bitmex,3.0851,3.0902,5.0,6.0
2025-07-25T08:40:28.107136,bitmex,3.0851,3.0901,5.0,31.0
2025-07-25T08:40:28.112192,bitmex,3.0851,3.09,5.0,5.0
2025-07-25T08:40:28.112448,bitmex,3.0851,3.09,5.0,16.0
2025-07-25T08:40:28.117858,bitmex,3.0851,3.0899,5.0,5.0
2025-07-25T08:40:28.193859,blofin,3.079,3.0791,53.0,11.0
2025-07-25T08:40:28.275633,bitmex,3.0851,3.0902,5.0,6.0
2025-07-25T08:40:28.291630,bitmex,3.0851,3.0901,5.0,44.0
2025-07-25T08:40:28.296989,bitmex,3.0851,3.09,5.0,5.0
2025-07-25T08:40:28.296997,bitmex,3.0851,3.09,5.0,20.0
2025-07-25T08:40:28.329075,bitmex,3.0851,3.09,5.0,5.0
2025-07-25T08:40:28.329082,bitmex,3.0851,3.0899,5.0,5.0
2025-07-25T08:40:28.478519,bitmex,3.0851,3.0902,5.0,6.0
2025-07-25T08:40:28.501280,bitmex,3.0851,3.0901,5.0,213.0
2025-07-25T08:40:28.507376,bitmex,3.0851,3.09,5.0,66.0
2025-07-25T08:40:28.507390,bitmex,3.0851,3.09,5.0,71.0
2025-07-25T08:40:28.509423,bitmex,3.0851,3.0899,5.0,5.0
2025-07-25T08:40:28.510688,bitmex,3.0851,3.0899,5.0,33.0
2025-07-25T08:40:28.514820,bitmex,3.0851,3.0898,5.0,11.0
2025-07-25T08:40:28.519526,bitmex,3.0851,3.0897,5.0,5.0
2025-07-25T08:40:28.528567,bitmex,3.0851,3.0897,5.0,74.0
2025-07-25T08:40:28.534893,bitmex,3.0851,3.0896,5.0,5.0
2025-07-25T08:40:28.534905,bitmex,3.0851,3.0896,5.0,27.0
2025-07-25T08:40:28.539640,bitmex,3.0851,3.0895,5.0,5.0
2025-07-25T08:40:28.653027,blofin,3.079,3.0791,53.0,11.0
2025-07-25T08:40:29.082728,bitmart,3.0799,3.0801,18715.0,71380.0
2025-07-25T08:40:29.228534,blofin,3.0788,3.0789,20.0,23.0
2025-07-25T08:40:29.465481,bitrue,3.0813,3.0814,1685.3,102550.2
2025-07-25T08:40:29.663015,blofin,3.0787,3.0788,21.0,88.0
2025-07-25T08:40:29.997244,bitmex,3.0851,3.0902,5.0,6.0
2025-07-25T08:40:30.124578,bitmart,3.0798,3.0802,77603.0,18057.0
2025-07-25T08:40:30.226927,blofin,3.0787,3.0788,21.0,88.0
2025-07-25T08:40:30.651883,blofin,3.079,3.0791,91.0,11.0
2025-07-25T08:40:31.025815,bitmex,3.0851,3.0901,5.0,26.0
2025-07-25T08:40:31.032089,bitmex,3.0851,3.09,5.0,10.0
2025-07-25T08:40:31.032193,bitmex,3.0851,3.09,5.0,15.0
2025-07-25T08:40:31.038404,bitmex,3.0851,3.0899,5.0,5.0
2025-07-25T08:40:31.051070,bitmart,3.0797,3.0802,39809.0,42740.0
2025-07-25T08:40:31.067090,bitmex,3.0851,3.0898,5.0,116.0
2025-07-25T08:40:31.073715,bitmex,3.0851,3.0897,5.0,35.0
2025-07-25T08:40:31.077734,bitmex,3.0851,3.0897,5.0,40.0
2025-07-25T08:40:31.079932,bitmex,3.0851,3.0896,5.0,5.0
2025-07-25T08:40:31.196391,blofin,3.0792,3.0793,90.0,111.0
2025-07-25T08:40:31.210928,bitmex,3.0851,3.0895,5.0,28.0
2025-07-25T08:40:31.219229,bitmex,3.0851,3.0894,5.0,5.0
2025-07-25T08:40:31.219238,bitmex,3.0851,3.0894,5.0,15.0
2025-07-25T08:40:31.228324,bitmex,3.0851,3.0894,5.0,84.0
2025-07-25T08:40:31.232756,bitmex,3.0851,3.0893,5.0,5.0
2025-07-25T08:40:31.232769,bitmex,3.0851,3.0893,5.0,27.0
2025-07-25T08:40:31.243499,bitmex,3.0851,3.0892,5.0,5.0
2025-07-25T08:40:31.559263,bitrue,3.0814,3.0815,108268.7,31486.5
2025-07-25T08:40:31.657102,blofin,3.0783,3.0784,56.0,8.0
2025-07-25T08:40:32.080914,bitmart,3.0794,3.0795,11596.0,19395.0
2025-07-25T08:40:32.191584,blofin,3.0783,3.0784,56.0,8.0
2025-07-25T08:40:32.657431,blofin,3.0784,3.0785,14.0,76.0
2025-07-25T08:40:33.120046,bitmart,3.0794,3.0795,27904.0,41125.0
2025-07-25T08:40:33.186319,blofin,3.0784,3.0785,12.0,240.0
2025-07-25T08:40:33.346968,bitmex,3.0847,3.0892,5.0,5.0
2025-07-25T08:40:33.355184,bitmex,3.0845,3.0892,5.0,5.0
2025-07-25T08:40:33.364701,bitmex,3.0845,3.0891,5.0,24.0
2025-07-25T08:40:33.371609,bitmex,3.0845,3.089,5.0,5.0
2025-07-25T08:40:33.397918,bitmex,3.0845,3.0889,5.0,30.0
2025-07-25T08:40:33.405350,bitmex,3.0845,3.0888,5.0,5.0
2025-07-25T08:40:33.406362,bitmex,3.0845,3.0888,5.0,16.0
2025-07-25T08:40:33.412127,bitmex,3.0845,3.0887,5.0,5.0
2025-07-25T08:40:33.567552,bitmex,3.0845,3.089,5.0,5.0
2025-07-25T08:40:33.579187,bitmex,3.0845,3.0892,5.0,5.0
2025-07-25T08:40:33.591604,bitmex,3.0845,3.0891,5.0,213.0
2025-07-25T08:40:33.597695,bitmex,3.0845,3.089,5.0,65.0
2025-07-25T08:40:33.597701,bitmex,3.0845,3.089,5.0,70.0
2025-07-25T08:40:33.606941,bitmex,3.0845,3.0889,5.0,107.0
2025-07-25T08:40:33.612334,bitmex,3.0845,3.0888,5.0,34.0
2025-07-25T08:40:33.612705,bitmex,3.0845,3.0888,5.0,39.0
2025-07-25T08:40:33.617072,bitmex,3.0845,3.0887,5.0,5.0
2025-07-25T08:40:33.649022,bitrue,3.0808,3.0809,94617.1,85646.1
2025-07-25T08:40:33.654324,blofin,3.0784,3.0785,12.0,240.0
2025-07-25T08:40:33.656960,bitmex,3.0845,3.0886,5.0,30.0
2025-07-25T08:40:33.662008,bitmex,3.0845,3.0885,5.0,5.0
2025-07-25T08:40:33.820081,bitmex,3.0845,3.0887,5.0,5.0
2025-07-25T08:40:33.826906,bitmex,3.0845,3.089,5.0,5.0
2025-07-25T08:40:33.829946,bitmex,3.0845,3.0886,5.0,50.0
2025-07-25T08:40:33.835879,bitmex,3.0845,3.0885,5.0,5.0
2025-07-25T08:40:33.836040,bitmex,3.0845,3.0885,5.0,20.0
2025-07-25T08:40:33.852679,bitmex,3.0845,3.0885,5.0,5.0
2025-07-25T08:40:33.993952,bitmex,3.0845,3.0892,5.0,5.0
2025-07-25T08:40:34.004998,bitmex,3.0845,3.0891,5.0,478.0
2025-07-25T08:40:34.008116,bitmex,3.0845,3.089,5.0,145.0
2025-07-25T08:40:34.009090,bitmex,3.0845,3.089,5.0,150.0
2025-07-25T08:40:34.013405,bitmex,3.0845,3.0889,5.0,5.0
2025-07-25T08:40:34.016323,bitmex,3.0843,3.0889,5.0,5.0
2025-07-25T08:40:34.023077,bitmex,3.0841,3.0889,6.0,5.0
2025-07-25T08:40:34.026455,bitmex,3.0841,3.0889,6.0,140.0
2025-07-25T08:40:34.030940,bitmex,3.0841,3.0888,6.0,42.0
2025-07-25T08:40:34.030947,bitmex,3.0841,3.0888,6.0,47.0
2025-07-25T08:40:34.030953,bitmex,3.0839,3.0888,6.0,47.0
2025-07-25T08:40:34.035175,bitmex,3.0839,3.0887,6.0,5.0
2025-07-25T08:40:34.086954,bitmart,3.0788,3.0791,13729.0,108869.0
2025-07-25T08:40:34.158683,blofin,3.0776,3.0777,58.0,169.0
2025-07-25T08:40:34.194310,bitmex,3.0839,3.0892,6.0,5.0
2025-07-25T08:40:34.205668,bitmex,3.0839,3.0891,6.0,184.0
2025-07-25T08:40:34.212419,bitmex,3.0839,3.089,6.0,57.0
2025-07-25T08:40:34.212426,bitmex,3.0839,3.089,6.0,62.0
2025-07-25T08:40:34.216591,bitmex,3.0839,3.0889,6.0,5.0
2025-07-25T08:40:34.217326,bitmex,3.0839,3.0889,6.0,33.0
2025-07-25T08:40:34.222115,bitmex,3.0839,3.0888,6.0,10.0
2025-07-25T08:40:34.222337,bitmex,3.0839,3.0888,6.0,15.0
2025-07-25T08:40:34.228523,bitmex,3.0839,3.0887,6.0,5.0
2025-07-25T08:40:34.384508,bitmex,3.0839,3.0892,6.0,5.0
2025-07-25T08:40:34.395308,bitmex,3.0839,3.0891,6.0,184.0
2025-07-25T08:40:34.401026,bitmex,3.0839,3.089,6.0,57.0
2025-07-25T08:40:34.404587,bitmex,3.0839,3.089,6.0,62.0
2025-07-25T08:40:34.405066,bitmex,3.0839,3.0889,6.0,5.0
2025-07-25T08:40:34.412397,bitmex,3.0839,3.0889,6.0,33.0
2025-07-25T08:40:34.417231,bitmex,3.0839,3.0888,6.0,10.0
2025-07-25T08:40:34.417862,bitmex,3.0839,3.0888,6.0,15.0
2025-07-25T08:40:34.422098,bitmex,3.0839,3.0887,6.0,5.0
2025-07-25T08:40:34.580395,bitmex,3.0839,3.0892,6.0,5.0
2025-07-25T08:40:34.592815,bitmex,3.0839,3.0891,6.0,184.0
2025-07-25T08:40:34.596861,bitmex,3.0839,3.089,6.0,57.0
2025-07-25T08:40:34.597405,bitmex,3.0839,3.089,6.0,62.0
2025-07-25T08:40:34.602570,bitmex,3.0839,3.0889,6.0,5.0
2025-07-25T08:40:34.613846,bitmex,3.0839,3.0888,6.0,28.0
2025-07-25T08:40:34.617477,bitmex,3.0839,3.0887,6.0,5.0
2025-07-25T08:40:34.652907,blofin,3.0776,3.0777,15.0,65.0
2025-07-25T08:40:34.697941,bitrue,3.0801,3.0802,31771.5,73512.4
2025-07-25T08:40:34.774818,bitmex,3.0839,3.0889,6.0,5.0
2025-07-25T08:40:34.782092,bitmex,3.0839,3.0892,6.0,5.0
2025-07-25T08:40:34.794704,bitmex,3.0839,3.0891,6.0,55.0
2025-07-25T08:40:34.800718,bitmex,3.0839,3.089,6.0,5.0
2025-07-25T08:40:34.800728,bitmex,3.0839,3.089,6.0,23.0
2025-07-25T08:40:34.814129,bitmex,3.0839,3.0889,6.0,5.0
2025-07-25T08:40:34.963833,bitmex,3.0839,3.0892,6.0,5.0
2025-07-25T08:40:34.975098,bitmex,3.0839,3.0891,6.0,82.0
2025-07-25T08:40:34.978666,bitmex,3.0839,3.089,6.0,26.0
2025-07-25T08:40:34.978678,bitmex,3.0839,3.089,6.0,31.0
2025-07-25T08:40:34.982769,bitmex,3.0839,3.0889,6.0,5.0
2025-07-25T08:40:35.055601,bitmart,3.0788,3.0791,39100.0,35867.0
2025-07-25T08:40:35.140684,bitmex,3.0839,3.0892,6.0,5.0
2025-07-25T08:40:35.152276,bitmex,3.0839,3.0891,6.0,61.0
2025-07-25T08:40:35.156593,bitmex,3.0839,3.089,6.0,20.0
2025-07-25T08:40:35.157129,bitmex,3.0839,3.089,6.0,25.0
2025-07-25T08:40:35.161244,bitmex,3.0839,3.0889,6.0,5.0
2025-07-25T08:40:35.196403,blofin,3.0776,3.0777,36.0,11.0
2025-07-25T08:40:35.199040,bitmex,3.0839,3.0888,6.0,34.0
2025-07-25T08:40:35.204181,bitmex,3.0839,3.0887,6.0,10.0
2025-07-25T08:40:35.205224,bitmex,3.0839,3.0887,6.0,15.0
2025-07-25T08:40:35.209522,bitmex,3.0839,3.0886,6.0,5.0
2025-07-25T08:40:35.215052,bitmex,3.0839,3.0886,6.0,36.0
2025-07-25T08:40:35.221038,bitmex,3.0839,3.0886,6.0,31.0
2025-07-25T08:40:35.221219,bitmex,3.0839,3.0885,6.0,5.0
2025-07-25T08:40:35.460260,bitmex,3.0839,3.0885,16.0,5.0
2025-07-25T08:40:35.465309,bitmex,3.0839,3.0885,10.0,5.0
2025-07-25T08:40:35.465539,bitmex,3.084,3.0885,5.0,5.0
2025-07-25T08:40:35.470929,bitmex,3.084,3.0885,15.0,5.0
2025-07-25T08:40:35.475477,bitmex,3.0841,3.0885,5.0,5.0
2025-07-25T08:40:35.480567,bitmex,3.0841,3.0885,15.0,5.0
2025-07-25T08:40:35.515473,bitmex,3.0842,3.0885,5.0,5.0
2025-07-25T08:40:35.536264,bitmex,3.0842,3.0885,15.0,5.0
2025-07-25T08:40:35.536277,bitmex,3.0843,3.0885,5.0,5.0
2025-07-25T08:40:35.653513,blofin,3.0776,3.0777,36.0,11.0
2025-07-25T08:40:36.084826,bitmart,3.079,3.0791,29191.0,61499.0
2025-07-25T08:40:36.182360,blofin,3.0776,3.0777,36.0,11.0
2025-07-25T08:40:36.650741,blofin,3.0777,3.0778,20.0,111.0
2025-07-25T08:40:37.083675,bitmart,3.0789,3.079,13447.0,113329.0
2025-07-25T08:40:37.178711,blofin,3.0777,3.0778,34.0,59.0
2025-07-25T08:40:37.655116,blofin,3.0777,3.0778,34.0,59.0
2025-07-25T08:40:37.801759,bitmex,3.0843,3.0884,5.0,24.0
2025-07-25T08:40:37.841460,bitmex,3.0843,3.0883,5.0,5.0
2025-07-25T08:40:37.858168,bitmex,3.0843,3.0882,5.0,45.0
2025-07-25T08:40:37.869588,bitmex,3.0843,3.0881,5.0,5.0
2025-07-25T08:40:37.869988,bitmex,3.0843,3.0881,5.0,19.0
2025-07-25T08:40:37.878561,bitmex,3.0843,3.088,5.0,5.0
2025-07-25T08:40:37.974959,bitrue,3.08,3.0801,27335.9,64950.1
2025-07-25T08:40:38.037119,bitmex,3.0843,3.0883,5.0,5.0
2025-07-25T08:40:38.043171,bitmex,3.0843,3.0885,5.0,5.0
2025-07-25T08:40:38.050167,bitmex,3.0843,3.0882,5.0,38.0
2025-07-25T08:40:38.077227,bitmex,3.0843,3.0881,5.0,11.0
2025-07-25T08:40:38.077232,bitmex,3.0843,3.0881,5.0,16.0
2025-07-25T08:40:38.077242,bitmex,3.0843,3.088,5.0,5.0
2025-07-25T08:40:38.082881,bitmart,3.0784,3.079,1316.0,92176.0
2025-07-25T08:40:38.217575,bitmex,3.0843,3.0885,5.0,5.0
2025-07-25T08:40:38.230896,bitmex,3.0843,3.0884,5.0,202.0
2025-07-25T08:40:38.235541,bitmex,3.0843,3.0883,5.0,61.0
2025-07-25T08:40:38.236278,bitmex,3.0843,3.0883,5.0,66.0
2025-07-25T08:40:38.237858,blofin,3.0777,3.0778,33.36,59.0
2025-07-25T08:40:38.239881,bitmex,3.0843,3.0882,5.0,5.0
2025-07-25T08:40:38.252441,bitmex,3.0843,3.0882,5.0,55.0
2025-07-25T08:40:38.257669,bitmex,3.0843,3.0881,5.0,17.0
2025-07-25T08:40:38.257680,bitmex,3.0843,3.0881,5.0,22.0
2025-07-25T08:40:38.264418,bitmex,3.0843,3.088,5.0,5.0
2025-07-25T08:40:38.421883,bitmex,3.0843,3.0885,5.0,5.0
2025-07-25T08:40:38.433333,bitmex,3.0843,3.0884,5.0,202.0
2025-07-25T08:40:38.433941,bitmex,3.0839,3.0884,5.0,202.0
2025-07-25T08:40:38.437543,bitmex,3.0839,3.0883,5.0,61.0
2025-07-25T08:40:38.438969,bitmex,3.0839,3.0883,5.0,66.0
2025-07-25T08:40:38.442401,bitmex,3.0839,3.0882,5.0,5.0
2025-07-25T08:40:38.444642,bitmex,3.0839,3.0882,5.0,55.0
2025-07-25T08:40:38.449368,bitmex,3.0839,3.0881,5.0,5.0
2025-07-25T08:40:38.450912,bitmex,3.0839,3.0881,5.0,22.0
2025-07-25T08:40:38.455514,bitmex,3.0839,3.088,5.0,5.0
2025-07-25T08:40:38.615271,bitmex,3.0839,3.0885,5.0,5.0
2025-07-25T08:40:38.626158,bitmex,3.0839,3.0884,5.0,202.0
2025-07-25T08:40:38.630987,bitmex,3.0839,3.0883,5.0,61.0
2025-07-25T08:40:38.631318,bitmex,3.0839,3.0883,5.0,66.0
2025-07-25T08:40:38.635930,bitmex,3.0839,3.0882,5.0,5.0
2025-07-25T08:40:38.637811,bitmex,3.0839,3.0882,5.0,55.0
2025-07-25T08:40:38.642644,bitmex,3.0839,3.0881,5.0,17.0
2025-07-25T08:40:38.642655,bitmex,3.0839,3.0881,5.0,22.0
2025-07-25T08:40:38.647064,bitmex,3.0839,3.088,5.0,5.0
2025-07-25T08:40:38.651126,blofin,3.0777,3.0778,71.0,61.0
2025-07-25T08:40:38.807028,bitmex,3.0839,3.0885,5.0,5.0
2025-07-25T08:40:38.819181,bitmex,3.0839,3.0884,5.0,333.0
2025-07-25T08:40:38.822329,bitmex,3.0839,3.0883,5.0,100.0
2025-07-25T08:40:38.822349,bitmex,3.0839,3.0883,5.0,105.0
2025-07-25T08:40:38.826147,bitmex,3.0839,3.0882,5.0,5.0
2025-07-25T08:40:38.874596,bitmex,3.0839,3.0881,5.0,33.0
2025-07-25T08:40:38.876945,bitmex,3.0839,3.088,5.0,5.0
2025-07-25T08:40:38.877467,bitmex,3.0839,3.088,5.0,16.0
2025-07-25T08:40:38.898836,bitmex,3.0839,3.088,5.0,5.0
2025-07-25T08:40:38.943930,bitmex,3.0839,3.0879,5.0,28.0
2025-07-25T08:40:38.943944,bitmex,3.0839,3.0878,5.0,10.0
2025-07-25T08:40:38.943951,bitmex,3.0839,3.0878,5.0,15.0
2025-07-25T08:40:38.947411,bitmex,3.0839,3.0878,5.0,84.0
2025-07-25T08:40:38.947531,bitmex,3.0839,3.0877,5.0,5.0
2025-07-25T08:40:38.951929,bitmex,3.0839,3.0877,5.0,27.0
2025-07-25T08:40:38.958439,bitmex,3.0839,3.0877,5.0,22.0
2025-07-25T08:40:38.959513,bitmex,3.0839,3.0876,5.0,5.0
2025-07-25T08:40:39.018571,bitrue,3.0796,3.0797,8884.7,89418.6
2025-07-25T08:40:39.053601,bitmart,3.0781,3.0785,17288.0,18564.0
2025-07-25T08:40:39.191526,blofin,3.0772,3.0773,13.0,80.0
2025-07-25T08:40:39.423104,bitmex,3.0835,3.0876,5.0,5.0
2025-07-25T08:40:39.655239,blofin,3.0772,3.0773,13.0,80.0
2025-07-25T08:40:39.852950,bitmex,3.0835,3.0875,5.0,25.0
2025-07-25T08:40:39.858391,bitmex,3.0835,3.0874,5.0,5.0
2025-07-25T08:40:39.872751,bitmex,3.0833,3.0874,6.0,5.0
2025-07-25T08:40:40.017147,bitmex,3.0833,3.0876,6.0,5.0
2025-07-25T08:40:40.027055,bitmex,3.0833,3.0873,6.0,28.0
2025-07-25T08:40:40.031675,bitmex,3.0833,3.0872,6.0,5.0
2025-07-25T08:40:40.096872,bitmart,3.0776,3.078,7140.0,14198.0
2025-07-25T08:40:40.197718,bitmex,3.0833,3.0876,6.0,5.0
2025-07-25T08:40:40.200031,bitmex,3.0833,3.0875,6.0,211.0
2025-07-25T08:40:40.203734,bitmex,3.0833,3.0874,6.0,65.0
2025-07-25T08:40:40.204919,bitmex,3.0833,3.0874,6.0,70.0
2025-07-25T08:40:40.207993,bitmex,3.0833,3.0873,6.0,5.0
2025-07-25T08:40:40.208713,blofin,3.0772,3.0773,13.0,80.0
2025-07-25T08:40:40.215684,bitmex,3.0833,3.0873,6.0,33.0
2025-07-25T08:40:40.221673,bitmex,3.0833,3.0872,6.0,10.0
2025-07-25T08:40:40.221685,bitmex,3.0833,3.0872,6.0,15.0
2025-07-25T08:40:40.234121,bitmex,3.0833,3.0872,6.0,5.0
2025-07-25T08:40:40.377436,bitmex,3.0833,3.0876,6.0,5.0
2025-07-25T08:40:40.648166,blofin,3.0766,3.0767,96.0,8.0
2025-07-25T08:40:41.059218,bitmart,3.0778,3.0781,61086.0,17300.0
2025-07-25T08:40:41.121584,bitrue,3.0789,3.079,1643.2,17332.1
2025-07-25T08:40:41.175544,blofin,3.0769,3.077,35.0,32.0
2025-07-25T08:40:41.650867,blofin,3.0769,3.077,35.0,32.0
2025-07-25T08:40:42.082448,bitmart,3.078,3.0781,10791.0,73652.0
2025-07-25T08:40:42.230216,blofin,3.0769,3.077,35.0,32.0
2025-07-25T08:40:42.657387,blofin,3.0769,3.077,35.0,11.0
2025-07-25T08:40:42.941772,bitmex,3.0833,3.0875,6.0,31.0
2025-07-25T08:40:42.947329,bitmex,3.0833,3.0874,6.0,6.0
2025-07-25T08:40:42.957769,bitmex,3.0833,3.0874,6.0,17.0
2025-07-25T08:40:42.957833,bitmex,3.0833,3.0873,6.0,6.0
2025-07-25T08:40:42.961498,bitmex,3.0833,3.0873,6.0,40.0
2025-07-25T08:40:42.966229,bitmex,3.0833,3.0872,6.0,6.0
2025-07-25T08:40:42.966362,bitmex,3.0833,3.0872,6.0,20.0
2025-07-25T08:40:42.971320,bitmex,3.0833,3.0871,6.0,6.0
2025-07-25T08:40:42.977868,bitmex,3.0833,3.0871,6.0,16.0
2025-07-25T08:40:42.983628,bitmex,3.0833,3.0871,6.0,85.0
2025-07-25T08:40:42.985520,bitmex,3.0833,3.087,6.0,6.0
2025-07-25T08:40:42.992349,bitmex,3.0833,3.087,6.0,32.0
2025-07-25T08:40:42.994501,bitmex,3.0833,3.087,6.0,42.0
2025-07-25T08:40:42.997882,bitmex,3.0833,3.087,6.0,36.0
2025-07-25T08:40:42.997893,bitmex,3.0833,3.0869,6.0,6.0
2025-07-25T08:40:43.047360,bitmex,3.0833,3.0869,6.0,16.0
2025-07-25T08:40:43.047380,bitmex,3.0833,3.0868,6.0,6.0
2025-07-25T08:40:43.118365,bitmart,3.0776,3.0781,16120.0,73652.0
2025-07-25T08:40:43.167873,blofin,3.0769,3.077,27.0,89.1
2025-07-25T08:40:43.375226,bitmex,3.0833,3.0868,6.0,16.0
2025-07-25T08:40:43.385679,bitmex,3.0833,3.0867,6.0,6.0
2025-07-25T08:40:43.385692,bitmex,3.0833,3.0867,6.0,16.0
2025-07-25T08:40:43.389329,bitmex,3.0833,3.0866,6.0,6.0
2025-07-25T08:40:43.411524,bitmex,3.0833,3.0866,6.0,16.0
2025-07-25T08:40:43.646612,blofin,3.0768,3.0769,50.0,14.0
2025-07-25T08:40:44.098696,bitmart,3.0778,3.0779,69268.0,13595.0
2025-07-25T08:40:44.231255,blofin,3.0768,3.0769,50.0,14.0
2025-07-25T08:40:44.648891,blofin,3.0769,3.077,128.0,7.0
2025-07-25T08:40:45.915809,bitmex,3.0833,3.0865,6.0,6.0
2025-07-25T08:40:45.915875,bitmex,3.0833,3.0876,6.0,5.0
2025-07-25T08:40:45.916081,bitmart,3.0779,3.0781,113568.0,3728.0
2025-07-25T08:40:45.916127,blofin,3.0769,3.077,61.0,114.0
2025-07-25T08:40:45.916154,blofin,3.0766,3.0767,1.0,246.0
2025-07-25T08:40:46.014050,bitmex,3.0833,3.0875,6.0,40.0
2025-07-25T08:40:46.017661,bitmex,3.0833,3.0874,6.0,6.0
2025-07-25T08:40:46.017673,bitmex,3.0833,3.0874,6.0,20.0
2025-07-25T08:40:46.023035,bitmex,3.0833,3.0873,6.0,6.0
2025-07-25T08:40:46.087061,bitmart,3.0778,3.0781,35011.0,97875.0
2025-07-25T08:40:46.180421,bitmex,3.0833,3.0876,6.0,5.0
2025-07-25T08:40:46.196511,bitmex,3.0833,3.0875,6.0,33.0
2025-07-25T08:40:46.196543,bitmex,3.0833,3.0874,6.0,11.0
2025-07-25T08:40:46.196553,bitmex,3.0833,3.0874,6.0,17.0
2025-07-25T08:40:46.200110,bitmex,3.0833,3.0873,6.0,6.0
2025-07-25T08:40:46.214966,blofin,3.0766,3.0767,1.0,246.0
2025-07-25T08:40:46.358083,bitmex,3.0833,3.0876,6.0,5.0
2025-07-25T08:40:46.652632,blofin,3.0766,3.0767,28.0,178.0
2025-07-25T08:40:47.053249,bitmart,3.0778,3.0779,68144.0,62585.0
2025-07-25T08:40:47.149180,blofin,3.0766,3.0767,56.0,87.0
2025-07-25T08:40:47.369637,bitmex,3.0833,3.0875,6.0,28.0
