timestamp,exchange,bid,ask,bid_vol,ask_vol
2025-07-25T07:43:54.984648,huobi,3.05982,3.05983,163.0,2297.9
2025-07-25T07:43:55.157897,bitrue,3.0598,3.0599,37372.4,87.9
2025-07-25T07:43:55.157923,bitrue,3.0598,3.0599,37372.4,87.9
2025-07-25T07:43:55.218593,huobi,3.05982,3.05983,541.0,2297.9
2025-07-25T07:43:55.320740,huobi,3.06012,3.06017,378.0,2557.0
2025-07-25T07:43:55.521909,huobi,3.05983,3.06016,2.99,13.85
2025-07-25T07:43:55.619336,huobi,3.06015,3.06016,378.0,13.85
2025-07-25T07:43:55.721402,huobi,3.06015,3.06016,378.0,299.69
2025-07-25T07:43:56.121150,huobi,3.06016,3.06075,541.0,378.0
2025-07-25T07:43:56.220222,huobi,3.06033,3.06039,378.0,2556.8
2025-07-25T07:43:56.518945,huobi,3.06033,3.06045,378.0,291.83
2025-07-25T07:43:56.819775,huobi,3.06033,3.06045,378.0,291.83
2025-07-25T07:43:56.918519,huobi,3.06033,3.06037,378.0,284.0
2025-07-25T07:43:57.123811,bitrue,3.0602,3.0603,76084.3,68.6
2025-07-25T07:43:57.220679,huobi,3.06036,3.06037,378.0,284.0
2025-07-25T07:43:57.318564,huobi,3.06055,3.06061,378.0,13.85
2025-07-25T07:43:57.617979,huobi,3.06046,3.06047,378.0,292.97
2025-07-25T07:43:58.021484,huobi,3.06046,3.06047,1074.95,292.97
2025-07-25T07:43:58.218821,huobi,3.06046,3.06047,1074.95,13.85
2025-07-25T07:43:58.533818,huobi,3.06046,3.06047,378.0,13.85
2025-07-25T07:43:58.617605,huobi,3.06041,3.06046,163.0,13.85
2025-07-25T07:43:58.719005,huobi,3.06041,3.06046,163.0,391.85
2025-07-25T07:43:58.918437,huobi,3.06041,3.06046,163.0,13.85
2025-07-25T07:43:59.017861,huobi,3.06043,3.06046,378.0,13.85
2025-07-25T07:43:59.218179,huobi,3.06041,3.06046,541.0,13.85
2025-07-25T07:43:59.319941,huobi,3.06045,3.06046,378.0,13.85
2025-07-25T07:43:59.418123,huobi,3.06036,3.06046,378.0,13.85
2025-07-25T07:43:59.521363,huobi,3.0604,3.06046,163.0,13.85
2025-07-25T07:43:59.624110,huobi,3.05967,3.06009,163.0,391.85
2025-07-25T07:43:59.718348,huobi,3.0597,3.05992,163.0,592.0
2025-07-25T07:43:59.819414,huobi,3.0597,3.05971,163.0,729.94
2025-07-25T07:43:59.918965,huobi,3.0597,3.05971,869.42,743.79
2025-07-25T07:44:00.025064,huobi,3.0597,3.05971,869.42,743.79
2025-07-25T07:44:00.126072,huobi,3.0597,3.05971,706.42,362.55
2025-07-25T07:44:00.218945,huobi,3.0597,3.05971,706.42,362.55
2025-07-25T07:44:00.419019,huobi,3.0597,3.05971,706.42,655.87
2025-07-25T07:44:00.618158,huobi,3.0597,3.05971,706.42,368.17
2025-07-25T07:44:00.819533,huobi,3.0597,3.05971,706.42,61.0
2025-07-25T07:44:01.017965,huobi,3.0597,3.05971,706.42,61.0
2025-07-25T07:44:01.312131,bitrue,3.0597,3.0598,96015.4,99676.2
2025-07-25T07:44:01.320949,huobi,3.06001,3.06081,214.0,378.0
2025-07-25T07:44:01.423998,huobi,3.06031,3.06058,378.0,2555.0
2025-07-25T07:44:01.519168,huobi,3.06045,3.06058,378.0,2555.0
2025-07-25T07:44:01.621816,huobi,3.06045,3.06061,378.0,294.91
2025-07-25T07:44:01.718840,huobi,3.06054,3.06061,378.0,294.91
2025-07-25T07:44:01.819578,huobi,3.06042,3.06061,163.0,672.91
2025-07-25T07:44:01.918653,huobi,3.06053,3.06061,378.0,294.91
2025-07-25T07:44:02.020115,huobi,3.06035,3.06061,378.0,672.91
2025-07-25T07:44:02.119419,huobi,3.06039,3.0606,378.0,13.85
2025-07-25T07:44:02.219454,huobi,3.06044,3.06052,163.0,13.85
2025-07-25T07:44:02.318833,huobi,3.06048,3.06052,163.0,13.85
2025-07-25T07:44:02.418211,huobi,3.06051,3.06052,378.0,13.85
2025-07-25T07:44:02.517778,huobi,3.06051,3.06052,541.0,13.85
2025-07-25T07:44:02.921701,huobi,3.06051,3.06052,163.0,391.85
2025-07-25T07:44:03.018583,huobi,3.0606,3.06061,378.0,287.78
2025-07-25T07:44:03.120556,huobi,3.06083,3.06084,378.0,2555.0
2025-07-25T07:44:03.220063,huobi,3.06083,3.06084,1073.14,2555.0
2025-07-25T07:44:03.321317,huobi,3.06113,3.0612,378.0,272.92
2025-07-25T07:44:03.403994,bitrue,3.0602,3.0603,72430.3,68.6
2025-07-25T07:44:03.519607,huobi,3.06091,3.0612,378.0,378.0
2025-07-25T07:44:03.619522,huobi,3.06091,3.06142,378.0,2554.1
2025-07-25T07:44:03.720600,huobi,3.06091,3.06107,378.0,277.99
2025-07-25T07:44:03.818503,huobi,3.06091,3.06098,378.0,652.07
2025-07-25T07:44:03.920881,huobi,3.06066,3.06084,163.0,654.7
2025-07-25T07:44:04.019262,huobi,3.06026,3.06135,378.0,592.0
2025-07-25T07:44:04.120084,huobi,3.06058,3.06128,378.0,592.0
2025-07-25T07:44:04.218592,huobi,3.06058,3.06059,541.0,343.54
2025-07-25T07:44:04.418524,huobi,3.06058,3.06059,541.0,357.39
2025-07-25T07:44:04.518498,huobi,3.06058,3.06059,163.0,357.39
2025-07-25T07:44:04.818904,huobi,3.06023,3.06058,163.0,13.85
2025-07-25T07:44:04.918536,huobi,3.06045,3.06058,163.0,13.85
2025-07-25T07:44:05.018445,huobi,3.06045,3.06046,936.0,74.85
2025-07-25T07:44:05.118728,huobi,3.06045,3.06046,936.0,61.0
2025-07-25T07:44:05.218992,huobi,3.06045,3.06046,936.0,439.0
2025-07-25T07:44:05.418600,huobi,3.06045,3.06046,936.0,61.0
2025-07-25T07:44:05.494477,bitrue,3.0605,3.0606,32711.6,13362.4
2025-07-25T07:44:05.818821,huobi,3.06045,3.06046,1685.82,61.0
2025-07-25T07:44:06.019568,huobi,3.06058,3.06059,541.0,61.0
2025-07-25T07:44:06.218446,huobi,3.06089,3.06134,163.0,2553.7
2025-07-25T07:44:06.318746,huobi,3.0611,3.06134,378.0,2848.7
2025-07-25T07:44:06.519683,huobi,3.0611,3.06126,378.0,661.76
2025-07-25T07:44:06.545357,bitrue,3.0608,3.0609,71380.4,42515.5
2025-07-25T07:44:06.619151,huobi,3.0611,3.06125,378.0,378.0
2025-07-25T07:44:06.754262,huobi,3.0611,3.06172,378.0,1011.63
2025-07-25T07:44:06.820006,huobi,3.0614,3.06172,378.0,1011.63
2025-07-25T07:44:07.119226,huobi,3.0614,3.06172,378.0,1011.63
2025-07-25T07:44:07.218625,huobi,3.0614,3.06171,378.0,378.0
2025-07-25T07:44:07.517941,huobi,3.0614,3.0617,378.0,391.85
2025-07-25T07:44:07.819583,huobi,3.0614,3.0617,378.0,13.85
2025-07-25T07:44:07.919169,huobi,3.06171,3.06172,378.0,1011.63
2025-07-25T07:44:08.118341,huobi,3.06158,3.06172,378.0,1011.63
2025-07-25T07:44:08.220218,huobi,3.06224,3.06299,378.0,592.0
2025-07-25T07:44:08.419362,huobi,3.06225,3.06266,378.0,674.46
2025-07-25T07:44:08.519430,huobi,3.06242,3.06266,295.78,674.46
2025-07-25T07:44:08.719298,huobi,3.06242,3.06265,295.78,391.85
2025-07-25T07:44:08.818513,huobi,3.06242,3.06265,295.78,378.0
2025-07-25T07:44:08.918489,huobi,3.06245,3.06265,378.0,378.0
2025-07-25T07:44:09.220421,huobi,3.06242,3.06265,295.78,378.0
2025-07-25T07:44:09.418470,huobi,3.06253,3.06294,378.0,2554.0
2025-07-25T07:44:09.618117,huobi,3.06253,3.06293,378.0,391.85
2025-07-25T07:44:09.718031,huobi,3.06242,3.06264,295.78,391.85
2025-07-25T07:44:09.796302,bitrue,3.0621,3.0622,55543.8,13669.8
2025-07-25T07:44:09.918516,huobi,3.06242,3.06264,295.78,605.85
2025-07-25T07:44:10.019210,huobi,3.06242,3.06264,295.78,13.85
2025-07-25T07:44:10.117980,huobi,3.06259,3.06264,378.0,13.85
2025-07-25T07:44:10.218614,huobi,3.06242,3.06264,295.78,391.85
2025-07-25T07:44:10.617820,huobi,3.06242,3.06264,295.78,391.85
2025-07-25T07:44:10.818740,huobi,3.06222,3.06256,378.0,660.71
2025-07-25T07:44:10.843249,bitrue,3.0624,3.0625,43691.4,16708.2
2025-07-25T07:44:10.918140,huobi,3.06222,3.06255,378.0,378.0
2025-07-25T07:44:11.118288,huobi,3.06227,3.06255,274.56,378.0
2025-07-25T07:44:11.318341,huobi,3.06227,3.06254,274.56,13.85
2025-07-25T07:44:11.417648,huobi,3.06251,3.06254,378.0,13.85
2025-07-25T07:44:11.818135,huobi,3.06251,3.06293,378.0,391.85
2025-07-25T07:44:12.020333,huobi,3.06251,3.0628,378.0,391.85
2025-07-25T07:44:12.318546,huobi,3.06241,3.06271,288.0,13.85
2025-07-25T07:44:12.419306,huobi,3.06241,3.06271,288.0,391.85
2025-07-25T07:44:12.518346,huobi,3.06241,3.06262,288.0,663.74
2025-07-25T07:44:12.617420,huobi,3.06223,3.06262,378.0,663.74
2025-07-25T07:44:12.818408,huobi,3.06223,3.06261,282.77,391.85
2025-07-25T07:44:12.918560,huobi,3.06183,3.06236,378.0,592.0
2025-07-25T07:44:13.018698,huobi,3.06183,3.06229,378.0,660.26
2025-07-25T07:44:13.118524,huobi,3.06163,3.06228,378.0,592.0
2025-07-25T07:44:13.218851,huobi,3.06211,3.06229,378.0,660.26
2025-07-25T07:44:13.419245,huobi,3.06204,3.06228,378.0,378.0
2025-07-25T07:44:13.520709,huobi,3.06204,3.06229,378.0,282.26
2025-07-25T07:44:13.721559,huobi,3.06204,3.06228,378.0,391.85
2025-07-25T07:44:13.918870,huobi,3.06202,3.06219,293.62,284.2
2025-07-25T07:44:14.118594,huobi,3.06202,3.06219,293.62,284.2
2025-07-25T07:44:14.217677,huobi,3.06202,3.06219,293.62,662.2
2025-07-25T07:44:14.319366,huobi,3.06202,3.06219,293.62,284.2
2025-07-25T07:44:14.418524,huobi,3.06202,3.06219,293.62,284.2
2025-07-25T07:44:14.519365,huobi,3.06205,3.06219,378.0,284.2
2025-07-25T07:44:14.818768,huobi,3.06163,3.06218,378.0,391.85
2025-07-25T07:44:15.028706,bitrue,3.0622,3.0623,81303.6,83857.3
2025-07-25T07:44:15.118195,huobi,3.06201,3.06202,378.0,61.0
2025-07-25T07:44:15.618330,huobi,3.06191,3.06202,378.0,61.0
2025-07-25T07:44:15.919033,huobi,3.0619,3.06202,291.01,439.0
2025-07-25T07:44:16.018847,huobi,3.06159,3.06202,378.0,439.0
2025-07-25T07:44:16.221704,huobi,3.06159,3.06202,378.0,439.0
2025-07-25T07:44:16.318610,huobi,3.06178,3.06202,291.75,439.0
2025-07-25T07:44:16.418360,huobi,3.0618,3.06202,378.0,439.0
2025-07-25T07:44:16.519272,huobi,3.06201,3.06202,378.0,61.0
2025-07-25T07:44:16.618520,huobi,3.06191,3.06202,273.87,61.0
2025-07-25T07:44:16.717832,huobi,3.06186,3.06202,378.0,439.0
2025-07-25T07:44:16.818413,huobi,3.06195,3.06196,378.0,61.0
2025-07-25T07:44:17.017646,huobi,3.06163,3.06196,378.0,439.0
2025-07-25T07:44:17.122553,bitrue,3.062,3.0621,46112.0,25745.7
2025-07-25T07:44:17.320726,huobi,3.06177,3.06196,282.97,439.0
2025-07-25T07:44:17.618179,huobi,3.06177,3.06196,282.97,61.0
2025-07-25T07:44:17.819907,huobi,3.06195,3.06196,378.0,61.0
2025-07-25T07:44:17.918697,huobi,3.06103,3.06196,663.0,439.0
2025-07-25T07:44:18.018964,huobi,3.06168,3.06196,378.0,439.0
2025-07-25T07:44:18.118022,huobi,3.06168,3.06196,378.0,61.0
2025-07-25T07:44:18.218160,huobi,3.06182,3.06196,378.0,439.0
2025-07-25T07:44:18.418464,huobi,3.06182,3.06196,378.0,61.0
2025-07-25T07:44:18.518532,huobi,3.06195,3.0621,378.0,288.83
2025-07-25T07:44:18.618423,huobi,3.06189,3.0621,655.67,666.83
2025-07-25T07:44:18.718518,huobi,3.06193,3.0621,378.0,666.83
2025-07-25T07:44:19.119778,huobi,3.06128,3.06179,378.0,648.15
2025-07-25T07:44:19.219344,huobi,3.06128,3.06171,378.0,283.0
2025-07-25T07:44:19.319190,huobi,3.06159,3.06171,378.0,283.0
2025-07-25T07:44:19.521678,huobi,3.06068,3.06153,2.99,275.57
2025-07-25T07:44:19.620579,huobi,3.06109,3.06145,541.0,378.0
2025-07-25T07:44:19.720815,huobi,3.06109,3.06144,163.0,605.85
2025-07-25T07:44:19.819235,huobi,3.06077,3.06086,163.0,13.85
2025-07-25T07:44:19.918654,huobi,3.06077,3.06086,163.0,391.85
2025-07-25T07:44:20.025158,huobi,3.06077,3.06078,163.0,439.0
2025-07-25T07:44:20.223432,huobi,3.06077,3.06078,163.0,61.0
2025-07-25T07:44:20.519256,huobi,3.06077,3.06078,541.0,61.0
2025-07-25T07:44:20.619693,huobi,3.06077,3.06078,1253.22,61.0
2025-07-25T07:44:21.218535,huobi,3.06077,3.06078,712.22,61.0
2025-07-25T07:44:21.309074,bitrue,3.0608,3.0609,71380.4,39979.4
2025-07-25T07:44:21.318893,huobi,3.06077,3.06078,712.22,439.0
2025-07-25T07:44:21.520964,huobi,3.06077,3.06078,712.22,61.0
2025-07-25T07:44:21.619649,huobi,3.06077,3.06078,712.22,439.0
2025-07-25T07:44:21.821174,huobi,3.06077,3.06078,712.22,439.0
2025-07-25T07:44:22.319518,huobi,3.06077,3.06078,712.22,61.0
2025-07-25T07:44:22.718462,huobi,3.06077,3.06078,712.22,439.0
2025-07-25T07:44:22.818490,huobi,3.06077,3.06078,875.22,61.0
2025-07-25T07:44:23.017706,huobi,3.06077,3.06078,875.22,439.0
2025-07-25T07:44:23.119510,huobi,3.06077,3.06078,875.22,61.0
2025-07-25T07:44:23.318619,huobi,3.06077,3.06078,750.24,61.0
2025-07-25T07:44:23.420889,huobi,3.06089,3.0609,541.0,292.16
2025-07-25T07:44:23.518834,huobi,3.06105,3.06139,378.0,592.0
2025-07-25T07:44:23.719372,huobi,3.06072,3.06138,292.56,391.85
2025-07-25T07:44:23.818244,huobi,3.06095,3.06102,163.0,672.54
2025-07-25T07:44:23.918746,huobi,3.06095,3.06096,163.0,659.24
2025-07-25T07:44:24.019095,huobi,3.06095,3.06096,163.0,673.09
2025-07-25T07:44:24.117348,huobi,3.06073,3.06089,378.0,658.79
2025-07-25T07:44:24.217635,huobi,3.06084,3.06089,378.0,280.79
2025-07-25T07:44:24.318367,huobi,3.06058,3.06089,378.0,658.79
2025-07-25T07:44:24.422714,huobi,3.06065,3.06088,163.0,391.85
2025-07-25T07:44:24.517667,huobi,3.06072,3.06088,163.0,391.85
2025-07-25T07:44:24.918776,huobi,3.06072,3.06088,163.0,391.85
2025-07-25T07:44:25.017616,huobi,3.06074,3.06088,163.0,391.85
2025-07-25T07:44:25.218102,huobi,3.06077,3.06088,163.0,391.85
2025-07-25T07:44:25.319486,huobi,3.06079,3.06088,163.0,13.85
2025-07-25T07:44:25.418727,huobi,3.06073,3.06088,163.0,13.85
2025-07-25T07:44:25.518264,huobi,3.06051,3.06088,378.0,391.85
2025-07-25T07:44:25.617563,huobi,3.06071,3.06088,163.0,391.85
2025-07-25T07:44:25.723224,huobi,3.06074,3.06088,163.0,391.85
2025-07-25T07:44:26.018621,huobi,3.06074,3.06077,163.0,656.36
2025-07-25T07:44:26.318191,huobi,3.06074,3.06077,163.0,656.36
2025-07-25T07:44:26.719122,huobi,3.06074,3.06075,163.0,733.97
2025-07-25T07:44:27.059115,huobi,3.06074,3.06075,541.0,355.97
2025-07-25T07:44:27.117310,huobi,3.06077,3.06106,541.0,378.0
2025-07-25T07:44:27.218268,huobi,3.06082,3.06106,378.0,378.0
2025-07-25T07:44:27.318050,huobi,3.0608,3.06105,163.0,391.85
2025-07-25T07:44:27.417745,huobi,3.0608,3.06081,163.0,391.85
2025-07-25T07:44:27.518003,huobi,3.0608,3.06081,163.0,670.43
2025-07-25T07:44:27.597563,bitrue,3.0607,3.0608,59544.2,44096.5
2025-07-25T07:44:28.118650,huobi,3.0608,3.06081,854.75,670.43
2025-07-25T07:44:28.319625,huobi,3.0608,3.06081,854.75,292.43
2025-07-25T07:44:28.417241,huobi,3.0608,3.06081,854.75,670.43
2025-07-25T07:44:28.620809,huobi,3.0608,3.06081,163.0,670.43
2025-07-25T07:44:28.819364,huobi,3.0608,3.06081,163.0,292.43
2025-07-25T07:44:28.917237,huobi,3.0608,3.06081,901.37,292.43
2025-07-25T07:44:29.017540,huobi,3.0608,3.06081,901.37,670.43
2025-07-25T07:44:29.618772,huobi,3.0608,3.06081,901.37,292.43
2025-07-25T07:44:29.694559,bitrue,3.0606,3.0607,75012.6,36017.8
2025-07-25T07:44:29.817163,huobi,3.0608,3.06081,901.37,670.43
2025-07-25T07:44:30.017611,huobi,3.0608,3.06081,1687.71,670.43
2025-07-25T07:44:30.217466,huobi,3.0608,3.06081,1687.71,292.43
2025-07-25T07:44:30.318426,huobi,3.0608,3.06081,1687.71,670.43
2025-07-25T07:44:30.417857,huobi,3.0608,3.06081,1687.71,292.43
2025-07-25T07:44:30.519988,huobi,3.0608,3.06081,1687.71,670.43
2025-07-25T07:44:30.718365,huobi,3.0608,3.06081,2407.32,670.43
2025-07-25T07:44:30.746804,bitrue,3.0607,3.0608,2971.8,44096.5
2025-07-25T07:44:30.825328,huobi,3.0608,3.06081,2244.32,670.43
2025-07-25T07:44:30.917661,huobi,3.06027,3.0604,378.0,298.15
2025-07-25T07:44:31.018493,huobi,3.06039,3.06081,378.0,61.0
2025-07-25T07:44:31.123343,huobi,3.06007,3.06081,163.0,61.0
2025-07-25T07:44:31.222188,huobi,3.06007,3.06016,163.0,292.66
2025-07-25T07:44:31.322075,huobi,3.06007,3.06008,839.01,712.45
2025-07-25T07:44:31.420002,huobi,3.06007,3.06008,676.01,61.0
2025-07-25T07:44:31.519454,huobi,3.06007,3.06008,676.01,61.0
2025-07-25T07:44:31.622755,huobi,3.05966,3.06008,2.99,867.16
2025-07-25T07:44:31.718532,huobi,3.05966,3.05967,2.99,1108.16
2025-07-25T07:44:31.819276,huobi,3.05896,3.05961,378.0,592.0
2025-07-25T07:44:31.828063,bitrue,3.0607,3.0608,2971.8,44096.5
2025-07-25T07:44:31.919060,huobi,3.05886,3.05961,163.0,592.0
2025-07-25T07:44:32.021230,huobi,3.05886,3.05909,163.0,649.3
2025-07-25T07:44:32.117862,huobi,3.05889,3.05909,378.0,649.3
2025-07-25T07:44:32.218621,huobi,3.05892,3.05909,163.0,649.3
2025-07-25T07:44:32.317048,huobi,3.05895,3.05908,378.0,391.85
2025-07-25T07:44:32.458696,huobi,3.05898,3.05908,378.0,13.85
2025-07-25T07:44:32.517338,huobi,3.05902,3.05908,378.0,13.85
2025-07-25T07:44:32.617346,huobi,3.05903,3.05904,163.0,670.64
2025-07-25T07:44:32.719927,huobi,3.05903,3.05904,163.0,292.64
2025-07-25T07:44:32.826416,huobi,3.05903,3.05904,163.0,670.64
2025-07-25T07:44:32.918601,huobi,3.05903,3.05904,908.5,670.64
2025-07-25T07:44:33.218533,huobi,3.05903,3.05904,908.5,292.64
2025-07-25T07:44:33.317917,huobi,3.05903,3.05904,1596.27,292.64
2025-07-25T07:44:33.517547,huobi,3.05895,3.05904,378.0,292.64
2025-07-25T07:44:33.617405,huobi,3.05903,3.05904,378.0,292.64
2025-07-25T07:44:33.720653,huobi,3.05908,3.06032,163.0,214.0
2025-07-25T07:44:33.821640,huobi,3.05947,3.06025,163.0,592.0
2025-07-25T07:44:33.920685,huobi,3.05975,3.06025,163.0,592.0
2025-07-25T07:44:33.923851,bitrue,3.059,3.0591,50185.7,37465.5
2025-07-25T07:44:34.019711,huobi,3.06002,3.06028,273.56,272.51
2025-07-25T07:44:34.118722,huobi,3.05983,3.06028,378.0,378.0
2025-07-25T07:44:34.220830,huobi,3.05979,3.06027,378.0,592.0
2025-07-25T07:44:34.319138,huobi,3.0595,3.05976,378.0,439.0
2025-07-25T07:44:34.420130,huobi,3.0596,3.05976,664.4,439.0
2025-07-25T07:44:34.518000,huobi,3.0596,3.05962,286.4,61.0
2025-07-25T07:44:34.717921,huobi,3.0596,3.05961,286.4,61.0
2025-07-25T07:44:34.820067,huobi,3.05915,3.05953,378.0,650.68
2025-07-25T07:44:34.919407,huobi,3.05922,3.0595,163.0,592.0
2025-07-25T07:44:34.973452,bitrue,3.0596,3.0597,11562.2,65810.6
2025-07-25T07:44:35.020586,huobi,3.05922,3.05923,163.0,439.0
2025-07-25T07:44:35.220204,huobi,3.05922,3.05923,856.65,439.0
2025-07-25T07:44:35.618008,huobi,3.05922,3.05923,856.65,61.0
2025-07-25T07:44:35.717856,huobi,3.05922,3.05923,856.65,439.0
2025-07-25T07:44:35.817227,huobi,3.05922,3.05923,856.65,61.0
2025-07-25T07:44:36.119769,huobi,3.05922,3.05923,1143.82,61.0
2025-07-25T07:44:36.419279,huobi,3.05941,3.06014,272.91,592.0
2025-07-25T07:44:36.519982,huobi,3.05941,3.06014,272.91,592.0
2025-07-25T07:44:36.618436,huobi,3.05942,3.05956,378.0,650.57
2025-07-25T07:44:36.720074,huobi,3.05942,3.05956,378.0,272.57
2025-07-25T07:44:36.918822,huobi,3.05943,3.05956,378.0,650.57
2025-07-25T07:44:37.017475,huobi,3.05941,3.05956,272.91,650.57
2025-07-25T07:44:37.062008,bitrue,3.0591,3.0592,28783.2,71.2
2025-07-25T07:44:37.118884,huobi,3.05941,3.05955,272.91,541.0
2025-07-25T07:44:37.217515,huobi,3.05941,3.05955,650.91,541.0
2025-07-25T07:44:37.317504,huobi,3.05941,3.05955,272.91,541.0
2025-07-25T07:44:37.420481,huobi,3.05925,3.05954,163.0,391.85
2025-07-25T07:44:37.517995,huobi,3.05925,3.05937,163.0,670.8
2025-07-25T07:44:37.721210,huobi,3.05922,3.05928,693.65,669.97
2025-07-25T07:44:38.119535,huobi,3.05922,3.05923,693.65,752.4
2025-07-25T07:44:38.220510,huobi,3.0584,3.05892,163.0,674.68
2025-07-25T07:44:38.319240,huobi,3.05871,3.0589,163.0,378.0
2025-07-25T07:44:38.418599,huobi,3.05871,3.0589,163.0,378.0
2025-07-25T07:44:38.618058,huobi,3.05871,3.05872,163.0,439.0
2025-07-25T07:44:38.918287,huobi,3.05871,3.05872,163.0,61.0
2025-07-25T07:44:39.119243,huobi,3.05871,3.05872,1494.09,61.0
2025-07-25T07:44:39.163099,bitrue,3.0586,3.0587,25298.0,59251.4
2025-07-25T07:44:39.818346,huobi,3.05871,3.05872,2252.06,61.0
2025-07-25T07:44:39.919050,huobi,3.05922,3.06007,378.0,541.0
2025-07-25T07:44:40.019221,huobi,3.05953,3.0599,378.0,2550.4
2025-07-25T07:44:40.121723,huobi,3.05957,3.06001,378.0,378.0
2025-07-25T07:44:40.220263,huobi,3.05991,3.06007,378.0,163.0
2025-07-25T07:44:40.318559,huobi,3.06021,3.06072,378.0,214.0
2025-07-25T07:44:40.518446,huobi,3.06022,3.0605,378.0,661.09
2025-07-25T07:44:40.717960,huobi,3.06022,3.0605,378.0,661.09
2025-07-25T07:44:40.827160,huobi,3.0602,3.06049,273.15,13.85
2025-07-25T07:44:40.920421,huobi,3.06048,3.06049,378.0,378.0
2025-07-25T07:44:41.018863,huobi,3.06048,3.06073,378.0,541.0
2025-07-25T07:44:41.119071,huobi,3.06034,3.06057,378.0,668.41
2025-07-25T07:44:41.218333,huobi,3.06036,3.06073,378.0,163.0
2025-07-25T07:44:41.256911,bitrue,3.0598,3.0599,37506.0,154017.8
2025-07-25T07:44:41.319168,huobi,3.06036,3.06073,378.0,541.0
2025-07-25T07:44:41.418977,huobi,3.06021,3.06052,163.0,283.41
2025-07-25T07:44:41.537286,huobi,3.06023,3.06052,378.0,283.41
2025-07-25T07:44:41.618484,huobi,3.06023,3.06052,378.0,661.41
2025-07-25T07:44:41.718986,huobi,3.06021,3.06041,163.0,391.85
2025-07-25T07:44:42.018212,huobi,3.06021,3.06041,163.0,391.85
2025-07-25T07:44:42.118226,huobi,3.06023,3.06041,163.0,391.85
2025-07-25T07:44:42.317986,huobi,3.06025,3.06041,163.0,391.85
2025-07-25T07:44:42.418378,huobi,3.06029,3.06041,163.0,378.0
2025-07-25T07:44:42.918674,huobi,3.06029,3.06041,163.0,378.0
2025-07-25T07:44:43.020539,huobi,3.06029,3.0604,163.0,391.85
2025-07-25T07:44:43.344824,bitrue,3.0602,3.0603,58660.7,65616.6
2025-07-25T07:44:43.619591,huobi,3.06031,3.06041,163.0,391.85
2025-07-25T07:44:43.723467,huobi,3.06031,3.06041,163.0,13.85
2025-07-25T07:44:43.819489,huobi,3.0604,3.06041,1085.8,13.85
2025-07-25T07:44:43.920595,huobi,3.0604,3.06041,1248.8,13.85
2025-07-25T07:44:44.019157,huobi,3.0604,3.06041,707.8,391.85
2025-07-25T07:44:44.118905,huobi,3.06047,3.06048,378.0,176.85
2025-07-25T07:44:44.320144,huobi,3.0604,3.06048,707.8,391.85
2025-07-25T07:44:44.419825,huobi,3.0604,3.06041,707.8,284.33
2025-07-25T07:44:44.618759,huobi,3.0604,3.06041,707.8,298.18
2025-07-25T07:44:44.918026,huobi,3.0604,3.06041,707.8,676.18
2025-07-25T07:44:45.017939,huobi,3.0604,3.06041,707.8,298.18
2025-07-25T07:44:45.619760,huobi,3.05968,3.06006,163.0,286.45
2025-07-25T07:44:45.729034,huobi,3.05968,3.0598,163.0,676.79
2025-07-25T07:44:45.857657,huobi,3.05968,3.05969,163.0,61.0
2025-07-25T07:44:45.919684,huobi,3.05968,3.05969,163.0,439.0
2025-07-25T07:44:46.019408,huobi,3.05902,3.0596,378.0,673.62
2025-07-25T07:44:46.117754,huobi,3.05934,3.0596,163.0,673.62
2025-07-25T07:44:46.217652,huobi,3.05939,3.0594,378.0,61.0
2025-07-25T07:44:46.322730,huobi,3.05939,3.0594,163.0,439.0
2025-07-25T07:44:46.419871,huobi,3.05939,3.0594,915.22,61.0
2025-07-25T07:44:46.617959,huobi,3.05939,3.0594,1681.78,61.0
2025-07-25T07:44:46.717580,huobi,3.05939,3.0594,1895.78,61.0
2025-07-25T07:44:46.920170,huobi,3.05939,3.0594,1958.1,61.0
2025-07-25T07:44:47.545575,bitrue,3.0594,3.0595,65341.6,99762.0
2025-07-25T07:44:47.923437,huobi,3.05939,3.0594,2632.24,61.0
2025-07-25T07:44:48.619563,huobi,3.05939,3.0594,3398.36,61.0
2025-07-25T07:44:48.722015,huobi,3.05939,3.0594,276.32,61.0
2025-07-25T07:44:49.420164,huobi,3.0601,3.06034,378.0,163.0
2025-07-25T07:44:49.519742,huobi,3.0601,3.06033,378.0,391.85
2025-07-25T07:44:49.618254,huobi,3.06008,3.06009,378.0,294.21
2025-07-25T07:44:49.718765,huobi,3.06008,3.06032,378.0,541.0
2025-07-25T07:44:49.819143,huobi,3.05998,3.06032,163.0,541.0
2025-07-25T07:44:49.917905,huobi,3.05999,3.06032,378.0,541.0
2025-07-25T07:44:50.017443,huobi,3.05999,3.06011,163.0,391.85
2025-07-25T07:44:50.119943,huobi,3.06,3.06011,378.0,13.85
2025-07-25T07:44:50.317817,huobi,3.06,3.06011,378.0,391.85
2025-07-25T07:44:50.417760,huobi,3.05998,3.06011,163.0,391.85
2025-07-25T07:44:50.518232,huobi,3.06001,3.06011,378.0,13.85
2025-07-25T07:44:50.717120,huobi,3.06001,3.06039,378.0,541.0
2025-07-25T07:44:50.917946,huobi,3.06001,3.06014,378.0,13.85
2025-07-25T07:44:51.018340,huobi,3.06001,3.06014,378.0,163.0
2025-07-25T07:44:51.117933,huobi,3.06005,3.06014,378.0,163.0
2025-07-25T07:44:51.218194,huobi,3.06005,3.06013,378.0,13.85
2025-07-25T07:44:51.734328,bitrue,3.0599,3.06,21753.7,92530.0
2025-07-25T07:44:52.318274,huobi,3.06005,3.06014,378.0,176.85
2025-07-25T07:44:52.720498,huobi,3.06036,3.06041,378.0,2550.5
2025-07-25T07:44:52.819252,huobi,3.0604,3.06091,378.0,592.0
2025-07-25T07:44:52.918179,huobi,3.0604,3.06089,378.0,391.85
2025-07-25T07:44:53.119025,huobi,3.0604,3.06076,378.0,287.85
2025-07-25T07:44:53.223628,huobi,3.06058,3.06076,378.0,287.85
2025-07-25T07:44:53.318676,huobi,3.06079,3.0609,378.0,163.0
2025-07-25T07:44:53.417881,huobi,3.06067,3.0609,378.0,541.0
2025-07-25T07:44:53.518343,huobi,3.06079,3.0609,378.0,541.0
2025-07-25T07:44:53.617890,huobi,3.06069,3.06089,378.0,391.85
2025-07-25T07:44:53.724762,huobi,3.06059,3.06082,272.76,657.93
2025-07-25T07:44:53.819020,huobi,3.06059,3.06082,272.76,657.93
2025-07-25T07:44:53.927327,huobi,3.06059,3.06081,272.76,592.0
2025-07-25T07:44:54.017842,huobi,3.06059,3.06074,272.76,554.85
2025-07-25T07:44:55.299378,huobi,3.06059,3.06074,272.76,554.85
2025-07-25T07:44:55.299428,huobi,3.06036,3.06068,378.0,391.85
2025-07-25T07:44:55.299458,huobi,3.0605,3.06068,163.0,391.85
2025-07-25T07:44:55.299547,huobi,3.06056,3.06068,378.0,391.85
2025-07-25T07:44:55.299631,bitrue,3.0605,3.0606,15930.2,76741.3
2025-07-25T07:44:55.318021,huobi,3.06056,3.06068,378.0,13.85
2025-07-25T07:44:55.519318,huobi,3.06056,3.06068,378.0,13.85
2025-07-25T07:44:55.718304,huobi,3.06055,3.06068,293.99,391.85
2025-07-25T07:44:55.818045,huobi,3.06056,3.06068,378.0,13.85
2025-07-25T07:44:56.020141,huobi,3.06091,3.06092,378.0,163.0
2025-07-25T07:44:56.120616,huobi,3.06112,3.06149,378.0,592.0
2025-07-25T07:44:56.319178,huobi,3.06112,3.06124,378.0,272.53
2025-07-25T07:44:56.417567,huobi,3.06112,3.06145,378.0,592.0
2025-07-25T07:44:56.658695,huobi,3.06112,3.06136,378.0,666.69
2025-07-25T07:44:56.717516,huobi,3.06112,3.06128,378.0,273.94
2025-07-25T07:44:57.018500,huobi,3.06127,3.06128,378.0,273.94
2025-07-25T07:44:57.019647,bitrue,3.0605,3.0606,15930.2,76741.3
2025-07-25T07:44:57.122158,huobi,3.06121,3.06145,378.0,592.0
2025-07-25T07:44:57.318561,huobi,3.061,3.06115,163.0,653.83
2025-07-25T07:44:57.420326,huobi,3.061,3.06111,163.0,214.0
2025-07-25T07:44:57.519231,huobi,3.061,3.06105,163.0,280.91
2025-07-25T07:44:57.618347,huobi,3.06007,3.06076,378.0,592.0
2025-07-25T07:44:57.717588,huobi,3.06071,3.06078,378.0,290.12
2025-07-25T07:44:57.819164,huobi,3.06052,3.06068,298.04,283.29
2025-07-25T07:44:57.918659,huobi,3.06067,3.06068,541.0,283.29
2025-07-25T07:44:58.020302,huobi,3.06067,3.06068,541.0,61.0
2025-07-25T07:44:58.069394,bitrue,3.061,3.0611,66440.4,9358.4
2025-07-25T07:44:58.118821,huobi,3.06067,3.06068,823.15,61.0
2025-07-25T07:44:58.818171,huobi,3.06067,3.06068,541.0,61.0
2025-07-25T07:44:59.122374,bitrue,3.0606,3.0607,54101.3,25285.0
2025-07-25T07:44:59.319160,huobi,3.06067,3.06068,685.37,61.0
2025-07-25T07:44:59.919152,huobi,3.06067,3.06068,848.37,61.0
2025-07-25T07:45:00.029767,huobi,3.06067,3.06068,848.37,439.0
2025-07-25T07:45:00.125401,huobi,3.06067,3.06068,685.37,452.85
2025-07-25T07:45:00.319395,huobi,3.06067,3.06068,685.37,743.15
2025-07-25T07:45:00.519112,huobi,3.06067,3.06068,685.37,365.15
2025-07-25T07:45:00.620705,huobi,3.06071,3.06139,541.0,214.0
2025-07-25T07:45:00.719073,huobi,3.06101,3.06121,378.0,163.0
2025-07-25T07:45:00.824744,huobi,3.06107,3.06121,378.0,163.0
2025-07-25T07:45:00.923366,huobi,3.0612,3.06121,378.0,163.0
2025-07-25T07:45:01.119615,huobi,3.06087,3.06134,163.0,378.0
2025-07-25T07:45:01.220206,huobi,3.06067,3.06068,685.37,672.98
2025-07-25T07:45:01.228592,bitrue,3.0605,3.0606,15930.2,84116.8
2025-07-25T07:45:01.319390,huobi,3.06067,3.06068,685.37,886.98
2025-07-25T07:45:01.518345,huobi,3.06067,3.06068,685.37,294.98
2025-07-25T07:45:01.618544,huobi,3.06087,3.06088,378.0,163.0
2025-07-25T07:45:01.717832,huobi,3.06084,3.06085,287.66,378.0
2025-07-25T07:45:01.819233,huobi,3.06084,3.06103,287.66,13.85
2025-07-25T07:45:01.917968,huobi,3.06084,3.06093,287.66,378.0
2025-07-25T07:45:02.117135,huobi,3.06069,3.0607,163.0,378.0
2025-07-25T07:45:02.218029,huobi,3.06069,3.06124,163.0,378.0
2025-07-25T07:45:02.318753,huobi,3.06076,3.06088,163.0,378.0
2025-07-25T07:45:02.418414,huobi,3.06076,3.06077,163.0,391.85
2025-07-25T07:45:02.518901,huobi,3.06076,3.06077,163.0,452.85
2025-07-25T07:45:02.620157,huobi,3.06067,3.06068,685.37,865.92
2025-07-25T07:45:02.719087,huobi,3.06006,3.0605,163.0,214.0
2025-07-25T07:45:02.818878,huobi,3.06029,3.06048,378.0,378.0
2025-07-25T07:45:02.918831,huobi,3.06034,3.06051,541.0,378.0
2025-07-25T07:45:03.019774,huobi,3.06067,3.06068,541.0,52.89
2025-07-25T07:45:03.118219,huobi,3.06073,3.06097,378.0,378.0
2025-07-25T07:45:03.219069,huobi,3.06088,3.06105,275.98,378.0
2025-07-25T07:45:03.329156,bitrue,3.0608,3.0609,20011.7,23554.4
2025-07-25T07:45:03.418341,huobi,3.06088,3.06089,275.98,378.0
2025-07-25T07:45:03.719212,huobi,3.06031,3.06032,163.0,378.0
2025-07-25T07:45:03.818363,huobi,3.06031,3.06032,163.0,439.0
2025-07-25T07:45:03.918910,huobi,3.06031,3.06032,163.0,61.0
2025-07-25T07:45:04.019732,huobi,3.06031,3.06032,163.0,452.85
2025-07-25T07:45:04.118775,huobi,3.06031,3.06032,163.0,74.85
2025-07-25T07:45:04.218316,huobi,3.06031,3.06032,163.0,452.85
2025-07-25T07:45:04.617120,huobi,3.06031,3.06032,163.0,74.85
2025-07-25T07:45:04.740265,huobi,3.06031,3.06032,869.61,452.85
2025-07-25T07:45:05.320476,huobi,3.05971,3.06002,163.0,378.0
2025-07-25T07:45:05.418471,huobi,3.05995,3.06012,378.0,378.0
2025-07-25T07:45:05.422834,bitrue,3.0603,3.0604,30855.2,79167.9
2025-07-25T07:45:05.518280,huobi,3.05998,3.05999,541.0,61.0
2025-07-25T07:45:05.619319,huobi,3.05998,3.05999,163.0,61.0
2025-07-25T07:45:05.719231,huobi,3.05998,3.05999,863.8,61.0
2025-07-25T07:45:05.919540,huobi,3.05998,3.05999,863.8,452.85
2025-07-25T07:45:06.020243,huobi,3.05998,3.05999,700.8,726.0
2025-07-25T07:45:06.118394,huobi,3.05871,3.05968,378.0,378.0
2025-07-25T07:45:06.218467,huobi,3.05951,3.05968,163.0,378.0
2025-07-25T07:45:06.319007,huobi,3.0596,3.05968,163.0,378.0
2025-07-25T07:45:06.518850,huobi,3.05931,3.05961,163.0,61.0
2025-07-25T07:45:06.618699,huobi,3.05933,3.05961,541.0,61.0
2025-07-25T07:45:06.718687,huobi,3.05942,3.05948,163.0,378.0
2025-07-25T07:45:06.822285,huobi,3.05878,3.05943,163.0,61.0
2025-07-25T07:45:06.922439,huobi,3.05879,3.05913,163.0,378.0
2025-07-25T07:45:07.025277,huobi,3.05821,3.05886,214.0,378.0
2025-07-25T07:45:07.120947,huobi,3.05885,3.05886,279.62,592.0
2025-07-25T07:45:07.265559,huobi,3.05818,3.05856,163.0,378.0
2025-07-25T07:45:07.420381,huobi,3.05837,3.05872,163.0,378.0
2025-07-25T07:45:07.512489,bitrue,3.0599,3.06,21753.7,116749.9
2025-07-25T07:45:07.519331,huobi,3.05844,3.05872,163.0,378.0
2025-07-25T07:45:07.620185,huobi,3.05871,3.05898,299.18,378.0
2025-07-25T07:45:07.720428,huobi,3.05818,3.0593,214.0,378.0
2025-07-25T07:45:07.820502,huobi,3.05871,3.05931,378.0,378.0
2025-07-25T07:45:07.919091,huobi,3.05886,3.05909,163.0,378.0
2025-07-25T07:45:08.019946,huobi,3.05828,3.05895,378.0,391.85
2025-07-25T07:45:08.118216,huobi,3.05838,3.05865,378.0,378.0
2025-07-25T07:45:08.220516,huobi,3.05852,3.05886,163.0,378.0
2025-07-25T07:45:08.319267,huobi,3.0587,3.05871,378.0,52.89
2025-07-25T07:45:08.420024,huobi,3.05903,3.05942,378.0,378.0
2025-07-25T07:45:08.519121,huobi,3.0593,3.05942,378.0,378.0
2025-07-25T07:45:08.619998,huobi,3.05936,3.05948,541.0,378.0
2025-07-25T07:45:08.634551,bitrue,3.0589,3.059,62407.3,10881.0
2025-07-25T07:45:08.719216,huobi,3.05937,3.05946,378.0,378.0
2025-07-25T07:45:08.822191,huobi,3.05954,3.05999,378.0,378.0
2025-07-25T07:45:08.919583,huobi,3.05955,3.05978,298.22,378.0
2025-07-25T07:45:09.019176,huobi,3.05959,3.05971,163.0,378.0
2025-07-25T07:45:09.519094,huobi,3.05962,3.05976,378.0,163.0
2025-07-25T07:45:09.718313,huobi,3.05975,3.05976,378.0,163.0
2025-07-25T07:45:09.917759,huobi,3.05975,3.05976,378.0,176.85
2025-07-25T07:45:10.019457,huobi,3.05975,3.05976,1050.78,176.85
2025-07-25T07:45:10.419138,huobi,3.05975,3.05976,1824.99,176.85
2025-07-25T07:45:10.822128,huobi,3.05975,3.05976,2493.54,13.85
2025-07-25T07:45:11.017681,huobi,3.05975,3.05976,3255.72,13.85
2025-07-25T07:45:11.417233,huobi,3.06007,3.06039,286.35,2549.8
2025-07-25T07:45:11.521850,huobi,3.06038,3.06087,541.0,996.51
2025-07-25T07:45:11.625308,huobi,3.0607,3.06086,378.0,163.0
2025-07-25T07:45:11.721447,huobi,3.06084,3.06087,378.0,996.51
2025-07-25T07:45:11.818777,huobi,3.0607,3.06087,163.0,996.51
2025-07-25T07:45:11.819883,bitrue,3.0595,3.0596,61016.8,38448.8
2025-07-25T07:45:11.919145,huobi,3.06079,3.06087,378.0,996.51
2025-07-25T07:45:12.019177,huobi,3.06079,3.06086,378.0,13.85
2025-07-25T07:45:12.118304,huobi,3.06071,3.06077,163.0,378.0
2025-07-25T07:45:12.218370,huobi,3.06073,3.06085,541.0,378.0
2025-07-25T07:45:12.318416,huobi,3.06077,3.06084,378.0,13.85
2025-07-25T07:45:12.620512,huobi,3.06086,3.06087,541.0,996.51
2025-07-25T07:45:12.718657,huobi,3.06086,3.06087,1505.97,996.51
2025-07-25T07:45:12.865889,bitrue,3.0606,3.0607,77494.0,37073.4
2025-07-25T07:45:13.019300,huobi,3.06086,3.06087,1505.97,13.85
2025-07-25T07:45:13.219237,huobi,3.06106,3.06111,719.76,275.06
2025-07-25T07:45:13.317700,huobi,3.06101,3.0613,378.0,378.0
2025-07-25T07:45:13.618816,huobi,3.06101,3.06136,378.0,163.0
2025-07-25T07:45:13.718902,huobi,3.06101,3.06127,378.0,287.33
2025-07-25T07:45:13.818806,huobi,3.06101,3.06126,378.0,163.0
2025-07-25T07:45:13.912012,bitrue,3.0606,3.0607,77494.0,37071.6
2025-07-25T07:45:14.019113,huobi,3.06125,3.06126,378.0,163.0
2025-07-25T07:45:14.221196,huobi,3.06125,3.06126,1161.83,163.0
2025-07-25T07:45:14.319577,huobi,3.06136,3.06154,378.0,378.0
2025-07-25T07:45:14.418031,huobi,3.06125,3.06126,783.83,273.24
2025-07-25T07:45:14.719868,huobi,3.06134,3.0615,378.0,13.85
2025-07-25T07:45:14.818858,huobi,3.06134,3.06154,378.0,163.0
2025-07-25T07:45:14.919108,huobi,3.06134,3.06136,378.0,281.61
2025-07-25T07:45:15.122621,huobi,3.06134,3.06161,378.0,163.0
2025-07-25T07:45:15.218591,huobi,3.06138,3.06159,378.0,378.0
2025-07-25T07:45:15.318607,huobi,3.06134,3.06152,541.0,378.0
2025-07-25T07:45:15.419712,huobi,3.06134,3.06151,163.0,13.85
2025-07-25T07:45:15.518082,huobi,3.06146,3.06151,378.0,13.85
2025-07-25T07:45:15.618153,huobi,3.06151,3.06167,378.0,378.0
2025-07-25T07:45:15.718112,huobi,3.0615,3.06169,284.69,163.0
2025-07-25T07:45:15.819202,huobi,3.06177,3.06197,378.0,378.0
2025-07-25T07:45:15.919140,huobi,3.06168,3.06197,272.19,378.0
2025-07-25T07:45:16.004083,bitrue,3.0611,3.0612,95282.7,23781.2
2025-07-25T07:45:16.019500,huobi,3.06168,3.06197,272.19,378.0
2025-07-25T07:45:16.117759,huobi,3.06168,3.06169,272.19,378.0
2025-07-25T07:45:16.217835,huobi,3.06168,3.06181,435.19,378.0
2025-07-25T07:45:16.319032,huobi,3.06169,3.06181,378.0,378.0
2025-07-25T07:45:16.518133,huobi,3.06168,3.06224,272.19,214.0
2025-07-25T07:45:16.619471,huobi,3.06195,3.06214,378.0,378.0
2025-07-25T07:45:16.717852,huobi,3.06195,3.06222,378.0,378.0
2025-07-25T07:45:16.817838,huobi,3.06173,3.06222,378.0,378.0
2025-07-25T07:45:16.919986,huobi,3.0619,3.06192,285.35,378.0
2025-07-25T07:45:17.018419,huobi,3.0619,3.06191,285.35,391.85
2025-07-25T07:45:17.053646,bitrue,3.0617,3.0618,75532.1,163298.7
2025-07-25T07:45:17.219190,huobi,3.0619,3.06191,663.35,13.85
2025-07-25T07:45:17.318456,huobi,3.0619,3.06191,448.35,13.85
2025-07-25T07:45:17.421740,huobi,3.06193,3.06214,378.0,378.0
2025-07-25T07:45:17.518314,huobi,3.06193,3.06214,378.0,378.0
2025-07-25T07:45:17.617475,huobi,3.062,3.06214,378.0,378.0
2025-07-25T07:45:17.717149,huobi,3.062,3.06223,378.0,163.0
2025-07-25T07:45:17.817436,huobi,3.06229,3.06254,163.0,378.0
2025-07-25T07:45:17.917096,huobi,3.06242,3.06254,163.0,378.0
2025-07-25T07:45:18.118249,huobi,3.06256,3.06268,378.0,163.0
2025-07-25T07:45:18.218023,huobi,3.06244,3.06267,378.0,378.0
2025-07-25T07:45:18.317482,huobi,3.0625,3.06282,378.0,2548.9
2025-07-25T07:45:18.419325,huobi,3.06282,3.063,378.0,378.0
2025-07-25T07:45:18.518938,huobi,3.06282,3.06311,378.0,378.0
2025-07-25T07:45:18.622206,huobi,3.06257,3.06326,214.0,378.0
2025-07-25T07:45:18.721263,huobi,3.06304,3.06342,163.0,378.0
2025-07-25T07:45:18.821498,huobi,3.0633,3.06342,163.0,378.0
2025-07-25T07:45:19.019235,huobi,3.0633,3.06342,163.0,378.0
2025-07-25T07:45:19.118300,huobi,3.0633,3.06331,163.0,378.0
2025-07-25T07:45:19.146912,bitrue,3.0625,3.0626,93586.0,90517.6
2025-07-25T07:45:19.218476,huobi,3.0633,3.06342,541.0,378.0
2025-07-25T07:45:19.318225,huobi,3.0633,3.06342,163.0,378.0
2025-07-25T07:45:19.418697,huobi,3.0633,3.06342,541.0,378.0
2025-07-25T07:45:19.518018,huobi,3.06336,3.06351,163.0,378.0
2025-07-25T07:45:19.823129,huobi,3.0632,3.06334,298.88,214.0
2025-07-25T07:45:19.921363,huobi,3.06253,3.06289,541.0,378.0
2025-07-25T07:45:20.019625,huobi,3.0626,3.06288,163.0,13.85
2025-07-25T07:45:20.118818,huobi,3.06287,3.06288,286.62,13.85
2025-07-25T07:45:20.219447,huobi,3.06287,3.06288,827.62,13.85
2025-07-25T07:45:20.361243,huobi,3.06322,3.06346,378.0,163.0
2025-07-25T07:45:20.417551,huobi,3.06322,3.06345,378.0,378.0
2025-07-25T07:45:20.519043,huobi,3.06322,3.06344,378.0,541.0
2025-07-25T07:45:20.620478,huobi,3.06331,3.06344,378.0,378.0
2025-07-25T07:45:20.717392,huobi,3.06331,3.06359,378.0,378.0
2025-07-25T07:45:20.918265,huobi,3.06331,3.06362,378.0,13.85
2025-07-25T07:45:21.017887,huobi,3.06337,3.06352,163.0,13.85
2025-07-25T07:45:21.118997,huobi,3.06367,3.06406,378.0,378.0
2025-07-25T07:45:21.219304,huobi,3.06363,3.06429,163.0,214.0
2025-07-25T07:45:21.246413,bitrue,3.0631,3.0632,79413.9,65086.8
2025-07-25T07:45:21.318193,huobi,3.06375,3.06403,378.0,378.0
2025-07-25T07:45:21.418244,huobi,3.06401,3.06418,378.0,541.0
2025-07-25T07:45:21.518061,huobi,3.06388,3.06414,378.0,378.0
2025-07-25T07:45:21.719920,huobi,3.06323,3.06386,378.0,214.0
2025-07-25T07:45:21.819702,huobi,3.06324,3.06356,163.0,378.0
2025-07-25T07:45:21.918387,huobi,3.06341,3.06356,378.0,378.0
2025-07-25T07:45:22.018173,huobi,3.06351,3.06355,273.52,13.85
2025-07-25T07:45:22.118916,huobi,3.06351,3.06352,1036.78,439.0
2025-07-25T07:45:22.219030,huobi,3.06351,3.06352,763.26,74.85
2025-07-25T07:45:22.418252,huobi,3.06351,3.06352,926.26,61.0
2025-07-25T07:45:22.518436,huobi,3.06351,3.06352,1196.27,61.0
2025-07-25T07:45:22.618758,huobi,3.06351,3.06388,1196.27,378.0
2025-07-25T07:45:22.718051,huobi,3.06373,3.06385,163.0,378.0
2025-07-25T07:45:22.817465,huobi,3.06375,3.06383,163.0,378.0
2025-07-25T07:45:22.918727,huobi,3.06381,3.06382,378.0,13.85
2025-07-25T07:45:23.018112,huobi,3.06381,3.06408,281.65,378.0
2025-07-25T07:45:23.218936,huobi,3.06361,3.06408,378.0,378.0
2025-07-25T07:45:23.317860,huobi,3.06378,3.06394,163.0,378.0
2025-07-25T07:45:23.346142,bitrue,3.0635,3.0636,54867.8,82726.8
2025-07-25T07:45:23.419147,huobi,3.0639,3.06405,378.0,378.0
2025-07-25T07:45:23.558628,huobi,3.0639,3.06403,378.0,378.0
2025-07-25T07:45:23.620835,huobi,3.06388,3.06403,286.92,378.0
2025-07-25T07:45:23.718764,huobi,3.06388,3.06389,286.92,391.85
2025-07-25T07:45:23.818849,huobi,3.06388,3.06389,664.92,13.85
2025-07-25T07:45:23.922394,huobi,3.06388,3.06389,286.92,13.85
2025-07-25T07:45:24.018565,huobi,3.06388,3.06389,1032.09,13.85
2025-07-25T07:45:24.318023,huobi,3.06388,3.06389,1032.09,391.85
2025-07-25T07:45:24.417717,huobi,3.06388,3.06389,1032.09,13.85
2025-07-25T07:45:24.516728,huobi,3.06388,3.06389,1032.09,391.85
2025-07-25T07:45:24.617913,huobi,3.06388,3.06389,745.17,391.85
2025-07-25T07:45:24.718166,huobi,3.06388,3.06389,745.17,1041.64
2025-07-25T07:45:24.818991,huobi,3.06297,3.06357,541.0,214.0
2025-07-25T07:45:24.920726,huobi,3.06305,3.06306,279.58,378.0
2025-07-25T07:45:25.018177,huobi,3.06305,3.06306,163.0,214.0
2025-07-25T07:45:25.118450,huobi,3.06305,3.06315,163.0,270.41
2025-07-25T07:45:25.218911,huobi,3.06305,3.06306,163.0,391.85
2025-07-25T07:45:25.318444,huobi,3.06294,3.06295,282.5,378.0
2025-07-25T07:45:25.423866,huobi,3.06294,3.06295,163.0,378.0
2025-07-25T07:45:25.446957,bitrue,3.0638,3.0639,74460.4,12715.6
2025-07-25T07:45:25.618672,huobi,3.06294,3.06295,873.24,378.0
2025-07-25T07:45:26.217962,huobi,3.06294,3.06295,710.24,378.0
2025-07-25T07:45:26.319665,huobi,3.06294,3.06295,710.24,391.85
2025-07-25T07:45:26.518268,huobi,3.06294,3.06295,710.24,740.64
2025-07-25T07:45:26.919060,huobi,3.06218,3.06264,378.0,13.85
2025-07-25T07:45:27.019080,huobi,3.0622,3.06227,378.0,378.0
2025-07-25T07:45:27.119075,huobi,3.06227,3.06232,163.0,13.85
2025-07-25T07:45:27.218107,huobi,3.06231,3.06232,163.0,13.85
2025-07-25T07:45:27.318493,huobi,3.06231,3.06232,909.33,13.85
2025-07-25T07:45:27.517527,huobi,3.06231,3.06253,909.33,214.0
2025-07-25T07:45:27.617451,huobi,3.06234,3.06248,163.0,378.0
2025-07-25T07:45:27.670143,bitrue,3.063,3.0631,41367.6,72902.4
2025-07-25T07:45:27.819936,huobi,3.06234,3.06235,163.0,378.0
2025-07-25T07:45:27.919908,huobi,3.06231,3.06235,746.33,378.0
2025-07-25T07:45:28.018914,huobi,3.06169,3.06213,163.0,289.77
2025-07-25T07:45:28.118026,huobi,3.06199,3.06222,378.0,378.0
2025-07-25T07:45:28.218198,huobi,3.0613,3.06199,2.99,61.0
2025-07-25T07:45:28.317887,huobi,3.06168,3.06176,163.0,378.0
2025-07-25T07:45:28.617707,huobi,3.06161,3.06171,541.0,378.0
2025-07-25T07:45:28.723815,bitrue,3.0619,3.062,35863.0,48601.8
2025-07-25T07:45:28.818517,huobi,3.06168,3.0617,541.0,13.85
2025-07-25T07:45:28.917016,huobi,3.0616,3.06161,163.0,378.0
2025-07-25T07:45:29.017117,huobi,3.0616,3.06172,163.0,378.0
2025-07-25T07:45:29.117988,huobi,3.06156,3.06169,378.0,378.0
2025-07-25T07:45:29.217505,huobi,3.06157,3.06158,163.0,13.85
2025-07-25T07:45:29.318853,huobi,3.06157,3.06158,819.41,13.85
2025-07-25T07:45:29.520033,huobi,3.06157,3.06158,1526.02,13.85
2025-07-25T07:45:30.117319,huobi,3.06157,3.06158,1247.61,13.85
2025-07-25T07:45:30.218245,huobi,3.06144,3.06157,378.0,13.85
2025-07-25T07:45:30.319382,huobi,3.06129,3.06138,6372.86,378.0
2025-07-25T07:45:30.419234,huobi,3.0613,3.06144,378.0,391.85
2025-07-25T07:45:30.519676,huobi,3.06129,3.06137,6372.86,378.0
2025-07-25T07:45:30.620173,huobi,3.06057,3.061,163.0,378.0
2025-07-25T07:45:30.819241,huobi,3.06069,3.0607,163.0,378.0
2025-07-25T07:45:30.918394,huobi,3.06041,3.06056,378.0,378.0
2025-07-25T07:45:31.059506,huobi,3.06042,3.06055,163.0,13.85
2025-07-25T07:45:31.118021,huobi,3.06042,3.06053,163.0,378.0
2025-07-25T07:45:31.318497,huobi,3.06042,3.06048,163.0,378.0
2025-07-25T07:45:31.417936,huobi,3.06042,3.06043,163.0,378.0
2025-07-25T07:45:31.718421,huobi,3.06044,3.06045,541.0,295.93
2025-07-25T07:45:31.819926,huobi,3.06051,3.06052,378.0,13.85
2025-07-25T07:45:31.874124,bitrue,3.0614,3.0615,78362.4,64111.8
2025-07-25T07:45:31.934265,huobi,3.06051,3.06052,821.58,13.85
2025-07-25T07:45:32.118015,huobi,3.06051,3.06052,1597.18,13.85
2025-07-25T07:45:32.247818,huobi,3.06051,3.06062,775.6,378.0
2025-07-25T07:45:32.317717,huobi,3.0607,3.06082,291.64,13.85
2025-07-25T07:45:32.418247,huobi,3.06077,3.06082,163.0,391.85
2025-07-25T07:45:32.517620,huobi,3.06077,3.06082,163.0,13.85
2025-07-25T07:45:32.617398,huobi,3.06077,3.06078,163.0,391.85
2025-07-25T07:45:32.917370,huobi,3.06052,3.06053,2.99,391.85
2025-07-25T07:45:32.922558,bitrue,3.0607,3.0608,51998.8,25437.9
2025-07-25T07:45:33.022620,huobi,3.06052,3.06053,163.0,452.85
2025-07-25T07:45:33.117666,huobi,3.06051,3.06052,775.6,391.85
2025-07-25T07:45:33.219046,huobi,3.06051,3.06052,775.6,452.85
2025-07-25T07:45:33.417383,huobi,3.06051,3.06052,775.6,452.85
2025-07-25T07:45:33.617369,huobi,3.06035,3.06037,163.0,378.0
2025-07-25T07:45:33.717580,huobi,3.06035,3.06036,163.0,13.85
2025-07-25T07:45:33.819231,huobi,3.06035,3.06036,163.0,452.85
2025-07-25T07:45:34.019505,huobi,3.05905,3.06036,378.0,74.85
2025-07-25T07:45:34.118078,huobi,3.06001,3.06016,378.0,378.0
2025-07-25T07:45:34.217551,huobi,3.06008,3.06015,541.0,13.85
2025-07-25T07:45:34.317596,huobi,3.06011,3.06015,378.0,13.85
2025-07-25T07:45:34.418149,huobi,3.06012,3.06013,163.0,13.85
2025-07-25T07:45:34.617657,huobi,3.06012,3.06013,163.0,391.85
2025-07-25T07:45:34.920456,huobi,3.06012,3.06013,856.63,391.85
2025-07-25T07:45:35.016917,bitrue,3.0603,3.0604,37241.9,78996.8
2025-07-25T07:45:35.018427,huobi,3.06012,3.06013,693.63,391.85
2025-07-25T07:45:35.318323,huobi,3.06013,3.06034,378.0,378.0
2025-07-25T07:45:35.418839,huobi,3.06016,3.06029,378.0,378.0
2025-07-25T07:45:35.517493,huobi,3.06028,3.06029,299.51,13.85
2025-07-25T07:45:35.618702,huobi,3.06028,3.06029,677.51,74.85
2025-07-25T07:45:35.718919,huobi,3.06028,3.06029,840.51,74.85
2025-07-25T07:45:36.117650,huobi,3.06028,3.06029,1597.89,74.85
2025-07-25T07:45:37.113342,bitrue,3.0602,3.0603,10121.3,9343.4
2025-07-25T07:45:37.119409,huobi,3.06028,3.06029,757.38,452.85
2025-07-25T07:45:37.218000,huobi,3.06028,3.06029,757.38,452.85
2025-07-25T07:45:37.517147,huobi,3.06028,3.06029,757.38,74.85
2025-07-25T07:45:37.617000,huobi,3.06028,3.06029,757.38,452.85
2025-07-25T07:45:37.716168,huobi,3.06028,3.06029,757.38,74.85
2025-07-25T07:45:37.917704,huobi,3.06028,3.06029,757.38,452.85
2025-07-25T07:45:38.317115,huobi,3.06028,3.06029,757.38,74.85
2025-07-25T07:45:38.517882,huobi,3.06028,3.06029,378.0,74.85
2025-07-25T07:45:38.618086,huobi,3.06033,3.06055,378.0,378.0
2025-07-25T07:45:38.817332,huobi,3.06033,3.06054,378.0,13.85
2025-07-25T07:45:38.917047,huobi,3.06026,3.06051,289.38,378.0
2025-07-25T07:45:39.017627,huobi,3.06027,3.06051,163.0,378.0
2025-07-25T07:45:39.316922,huobi,3.06027,3.06028,163.0,378.0
2025-07-25T07:45:39.418042,huobi,3.06027,3.06028,949.51,391.85
2025-07-25T07:45:39.818360,huobi,3.06027,3.06028,786.51,391.85
2025-07-25T07:45:40.518494,huobi,3.06027,3.06028,786.51,391.85
2025-07-25T07:45:40.917877,huobi,3.06027,3.06028,786.51,13.85
2025-07-25T07:45:41.017600,huobi,3.06027,3.06028,786.51,391.85
2025-07-25T07:45:41.216894,huobi,3.06027,3.06028,786.51,391.85
2025-07-25T07:45:41.618368,huobi,3.06027,3.06028,786.51,13.85
2025-07-25T07:45:41.918748,huobi,3.06029,3.06036,163.0,378.0
2025-07-25T07:45:42.117412,huobi,3.06029,3.06042,378.0,378.0
2025-07-25T07:45:42.217048,huobi,3.06028,3.06042,81.41,378.0
2025-07-25T07:45:42.916944,huobi,3.06028,3.06029,81.41,378.0
2025-07-25T07:45:43.617245,huobi,3.06028,3.06029,81.41,718.44
2025-07-25T07:45:43.917762,huobi,3.05951,3.05965,378.0,378.0
2025-07-25T07:45:44.017629,huobi,3.05957,3.05966,163.0,287.86
2025-07-25T07:45:44.217482,huobi,3.05957,3.05958,163.0,378.0
2025-07-25T07:45:44.317675,huobi,3.05957,3.05965,163.0,13.85
2025-07-25T07:45:44.517833,huobi,3.05914,3.05924,163.0,61.0
2025-07-25T07:45:44.625265,huobi,3.05914,3.05921,163.0,378.0
2025-07-25T07:45:44.717778,huobi,3.05914,3.05915,163.0,439.0
2025-07-25T07:45:45.117051,huobi,3.05914,3.05915,541.0,61.0
2025-07-25T07:45:45.420261,huobi,3.05914,3.05915,931.19,439.0
2025-07-25T07:45:45.520332,huobi,3.05914,3.05915,768.19,439.0
2025-07-25T07:45:45.576810,bitrue,3.0597,3.0598,20613.3,92227.7
2025-07-25T07:45:45.620215,huobi,3.05914,3.05915,768.19,602.0
2025-07-25T07:45:45.718068,huobi,3.05914,3.05915,768.19,873.37
2025-07-25T07:45:45.818352,huobi,3.05865,3.05915,2.99,1087.37
2025-07-25T07:45:45.918326,huobi,3.05867,3.05885,163.0,378.0
2025-07-25T07:45:46.017411,huobi,3.05869,3.05885,163.0,378.0
2025-07-25T07:45:46.119392,huobi,3.05878,3.05889,163.0,13.85
2025-07-25T07:45:46.218440,huobi,3.0588,3.05881,163.0,452.85
2025-07-25T07:45:46.417924,huobi,3.05864,3.05865,6535.86,378.0
2025-07-25T07:45:46.519126,huobi,3.05864,3.05865,6535.86,391.85
2025-07-25T07:45:46.621758,bitrue,3.0588,3.0589,34050.6,46451.1
2025-07-25T07:45:46.622046,huobi,3.05864,3.05865,6820.94,13.85
2025-07-25T07:45:46.721091,huobi,3.0591,3.05963,378.0,378.0
2025-07-25T07:45:46.819847,huobi,3.05933,3.05961,378.0,378.0
2025-07-25T07:45:46.921415,huobi,3.05925,3.05938,378.0,378.0
2025-07-25T07:45:47.018979,huobi,3.05918,3.05938,659.84,378.0
2025-07-25T07:45:47.119941,huobi,3.05884,3.05888,163.0,378.0
2025-07-25T07:45:47.219808,huobi,3.05884,3.05898,163.0,378.0
2025-07-25T07:45:47.321467,huobi,3.05866,3.05898,163.0,378.0
2025-07-25T07:45:47.417280,huobi,3.05871,3.05898,163.0,378.0
2025-07-25T07:45:47.618263,huobi,3.05873,3.05874,163.0,439.0
2025-07-25T07:45:47.717864,huobi,3.05866,3.05868,163.0,378.0
2025-07-25T07:45:47.816779,huobi,3.05866,3.05867,163.0,61.0
2025-07-25T07:45:47.917218,huobi,3.05866,3.05867,163.0,452.85
2025-07-25T07:45:48.217198,huobi,3.05866,3.05867,541.0,74.85
2025-07-25T07:45:48.320304,huobi,3.05866,3.05867,830.12,13.85
2025-07-25T07:45:48.416847,huobi,3.05866,3.05867,452.12,13.85
2025-07-25T07:45:48.817481,huobi,3.05866,3.05867,452.12,391.85
2025-07-25T07:45:48.917967,huobi,3.05866,3.05867,163.0,391.85
2025-07-25T07:45:49.117245,huobi,3.05866,3.05867,541.0,13.85
2025-07-25T07:45:49.219078,huobi,3.05866,3.05867,1253.04,13.85
2025-07-25T07:45:49.317358,huobi,3.05866,3.05867,1530.79,13.85
2025-07-25T07:45:49.417514,huobi,3.05866,3.05867,1744.79,13.85
2025-07-25T07:45:49.718715,huobi,3.05866,3.05867,1152.79,13.85
2025-07-25T07:45:49.767308,bitrue,3.0586,3.0587,57388.9,10374.0
2025-07-25T07:45:49.818287,huobi,3.05866,3.05867,1152.79,391.85
2025-07-25T07:45:49.918186,huobi,3.05866,3.05867,712.04,391.85
2025-07-25T07:45:50.217668,huobi,3.05866,3.05867,712.04,452.85
2025-07-25T07:45:50.617504,huobi,3.05862,3.05863,451.54,391.85
2025-07-25T07:45:50.717499,huobi,3.05862,3.05863,451.54,452.85
2025-07-25T07:45:50.816990,bitrue,3.0585,3.0586,30.7,89308.4
2025-07-25T07:45:50.817369,huobi,3.05862,3.05863,829.54,74.85
2025-07-25T07:45:51.617733,huobi,3.05862,3.05863,451.54,452.85
2025-07-25T07:45:51.718176,huobi,3.05862,3.05863,829.54,74.85
2025-07-25T07:45:51.920744,huobi,3.05862,3.05863,451.54,74.85
2025-07-25T07:45:52.019243,huobi,3.05862,3.05863,451.54,452.85
2025-07-25T07:45:52.118104,huobi,3.05862,3.05863,829.54,74.85
2025-07-25T07:45:52.519035,huobi,3.05862,3.05863,1571.69,74.85
2025-07-25T07:45:53.318436,huobi,3.05862,3.05863,2246.75,74.85
2025-07-25T07:45:53.520519,huobi,3.05862,3.05863,666.54,74.85
