timestamp,exchange,bid,ask,bid_vol,ask_vol
2025-07-25T07:28:32.652158,bitrue,3.0823,3.0824,77877.8,39.0
2025-07-25T07:28:32.770957,huobi,3.08314,3.08361,378.0,674.88
2025-07-25T07:28:32.837299,huobi,3.08346,3.0836,378.0,540.0
2025-07-25T07:28:32.937875,huobi,3.08315,3.08359,33.0,616.0
2025-07-25T07:28:33.036465,huobi,3.08315,3.08334,33.0,673.05
2025-07-25T07:28:33.135229,huobi,3.08315,3.08331,33.0,616.0
2025-07-25T07:28:33.235458,huobi,3.08315,3.08323,33.0,281.31
2025-07-25T07:28:33.337840,huobi,3.08332,3.08333,378.0,489.16
2025-07-25T07:28:33.438933,huobi,3.08346,3.0839,284.89,540.0
2025-07-25T07:28:33.443775,bitrue,3.0846,3.0847,54642.1,10575.6
2025-07-25T07:28:33.537009,huobi,3.08268,3.0839,2.97,540.0
2025-07-25T07:28:33.636336,huobi,3.08346,3.08384,378.0,540.0
2025-07-25T07:28:33.735463,huobi,3.08334,3.08367,378.0,540.0
2025-07-25T07:28:33.835576,huobi,3.08341,3.08364,378.0,13.85
2025-07-25T07:28:33.935624,huobi,3.08343,3.08362,291.31,391.85
2025-07-25T07:28:34.035716,huobi,3.08349,3.08361,378.0,162.0
2025-07-25T07:28:34.138306,huobi,3.08343,3.08361,291.31,540.0
2025-07-25T07:28:34.237970,huobi,3.08348,3.08361,378.0,162.0
2025-07-25T07:28:34.335496,huobi,3.08343,3.08361,291.31,540.0
2025-07-25T07:28:34.436282,huobi,3.08344,3.08361,378.0,540.0
2025-07-25T07:28:34.637159,huobi,3.08344,3.08361,378.0,162.0
2025-07-25T07:28:34.737842,huobi,3.08304,3.08361,238.0,540.0
2025-07-25T07:28:34.936559,huobi,3.08331,3.08361,378.0,540.0
2025-07-25T07:28:35.035585,huobi,3.08333,3.08358,378.0,665.19
2025-07-25T07:28:35.336457,huobi,3.08301,3.08356,378.0,791.85
2025-07-25T07:28:35.536120,huobi,3.08318,3.08337,378.0,792.31
2025-07-25T07:28:35.587895,bitrue,3.0837,3.0838,152004.3,15438.8
2025-07-25T07:28:35.639261,huobi,3.08324,3.08337,378.0,792.31
2025-07-25T07:28:35.738354,huobi,3.08323,3.08337,33.0,792.31
2025-07-25T07:28:35.836572,huobi,3.08328,3.08336,378.0,162.0
2025-07-25T07:28:35.936897,huobi,3.08328,3.08335,378.0,13.85
2025-07-25T07:28:36.035990,huobi,3.08328,3.08334,378.0,414.31
2025-07-25T07:28:36.135402,huobi,3.08328,3.08333,378.0,162.0
2025-07-25T07:28:36.336619,huobi,3.08328,3.08331,378.0,162.0
2025-07-25T07:28:36.633454,bitrue,3.0835,3.0836,165605.4,12040.1
2025-07-25T07:28:36.635879,huobi,3.08342,3.08461,378.0,616.0
2025-07-25T07:28:36.735765,huobi,3.08331,3.08343,378.0,590.16
2025-07-25T07:28:36.836221,huobi,3.08331,3.08332,378.0,61.0
2025-07-25T07:28:37.136039,huobi,3.08329,3.08332,378.0,61.0
2025-07-25T07:28:37.236061,huobi,3.08329,3.0833,378.0,61.0
2025-07-25T07:28:37.635983,huobi,3.08329,3.0833,1161.21,61.0
2025-07-25T07:28:37.735697,huobi,3.08329,3.0833,1399.21,61.0
2025-07-25T07:28:37.836641,huobi,3.08375,3.08455,285.5,616.0
2025-07-25T07:28:37.936620,huobi,3.0838,3.08442,378.0,162.0
2025-07-25T07:28:38.039053,huobi,3.0838,3.08438,378.0,540.0
2025-07-25T07:28:38.136441,huobi,3.08375,3.08398,285.5,954.31
2025-07-25T07:28:38.235432,huobi,3.08362,3.08394,378.0,162.0
2025-07-25T07:28:38.335282,huobi,3.08362,3.08392,378.0,162.0
2025-07-25T07:28:38.435291,huobi,3.08362,3.08392,378.0,540.0
2025-07-25T07:28:38.535900,huobi,3.08362,3.08388,378.0,162.0
2025-07-25T07:28:38.638757,huobi,3.08364,3.08386,238.0,162.0
2025-07-25T07:28:38.735809,huobi,3.08375,3.08386,378.0,162.0
2025-07-25T07:28:38.936442,huobi,3.08385,3.08386,378.0,162.0
2025-07-25T07:28:39.335834,huobi,3.0838,3.08386,725.41,162.0
2025-07-25T07:28:39.434949,huobi,3.08381,3.08386,378.0,162.0
2025-07-25T07:28:39.736574,huobi,3.0838,3.08386,725.41,540.0
2025-07-25T07:28:39.765865,bitrue,3.0841,3.0842,23535.7,6067.4
2025-07-25T07:28:39.835771,huobi,3.0838,3.08381,725.41,651.57
2025-07-25T07:28:39.935765,huobi,3.0838,3.08381,725.41,813.57
2025-07-25T07:28:40.036580,huobi,3.0838,3.08381,725.41,1241.73
2025-07-25T07:28:40.349459,huobi,3.0838,3.08381,725.41,806.16
2025-07-25T07:28:40.937561,huobi,3.08382,3.08432,378.0,540.0
2025-07-25T07:28:41.135081,huobi,3.0838,3.0843,725.41,540.0
2025-07-25T07:28:41.236080,huobi,3.08381,3.08405,378.0,968.16
2025-07-25T07:28:41.336772,huobi,3.08381,3.08405,378.0,590.16
2025-07-25T07:28:41.436357,huobi,3.08404,3.08405,378.0,590.16
2025-07-25T07:28:41.536644,huobi,3.08381,3.08405,276.46,590.16
2025-07-25T07:28:41.636273,huobi,3.08384,3.08405,378.0,590.16
2025-07-25T07:28:41.735989,huobi,3.08404,3.08405,378.0,162.0
2025-07-25T07:28:41.835529,huobi,3.08404,3.08466,378.0,540.0
2025-07-25T07:28:41.936411,huobi,3.08404,3.08448,378.0,540.0
2025-07-25T07:28:42.035559,huobi,3.08404,3.08442,378.0,540.0
2025-07-25T07:28:42.136171,huobi,3.08404,3.08436,378.0,540.0
2025-07-25T07:28:42.635225,huobi,3.08404,3.08436,378.0,162.0
2025-07-25T07:28:42.736696,huobi,3.08404,3.08432,378.0,162.0
2025-07-25T07:28:42.885524,huobi,3.08434,3.08447,378.0,162.0
2025-07-25T07:28:43.136052,huobi,3.08423,3.08447,378.0,540.0
2025-07-25T07:28:43.237119,huobi,3.08423,3.08443,378.0,162.0
2025-07-25T07:28:43.336190,huobi,3.08423,3.08442,378.0,414.31
2025-07-25T07:28:43.437499,huobi,3.08439,3.08441,378.0,162.0
2025-07-25T07:28:44.036583,huobi,3.08421,3.08441,378.0,540.0
2025-07-25T07:28:44.138202,huobi,3.08318,3.08423,238.0,391.85
2025-07-25T07:28:44.236702,huobi,3.08408,3.0842,378.0,162.0
2025-07-25T07:28:44.336644,huobi,3.08437,3.08438,378.0,162.0
2025-07-25T07:28:44.635770,huobi,3.08428,3.08438,378.0,162.0
2025-07-25T07:28:44.936452,huobi,3.08428,3.08456,378.0,162.0
2025-07-25T07:28:44.988931,bitrue,3.0844,3.0845,80753.9,26.5
2025-07-25T07:28:45.035521,huobi,3.08452,3.08453,378.0,162.0
2025-07-25T07:28:45.137028,huobi,3.08452,3.08548,378.0,100.0
2025-07-25T07:28:45.237591,huobi,3.08483,3.08535,378.0,540.0
2025-07-25T07:28:45.336254,huobi,3.08483,3.08526,378.0,162.0
2025-07-25T07:28:45.462212,huobi,3.08483,3.08526,378.0,540.0
2025-07-25T07:28:45.537920,huobi,3.08407,3.08426,162.0,674.07
2025-07-25T07:28:45.637772,huobi,3.08409,3.08425,378.0,576.31
2025-07-25T07:28:45.737231,huobi,3.08399,3.08425,697.26,576.31
2025-07-25T07:28:45.840209,huobi,3.08403,3.08421,378.0,162.0
2025-07-25T07:28:46.136234,huobi,3.0842,3.08421,378.0,433.1
2025-07-25T07:28:46.235757,huobi,3.08399,3.08421,697.26,433.1
2025-07-25T07:28:46.336915,huobi,3.08405,3.08419,378.0,162.0
2025-07-25T07:28:46.436241,huobi,3.08405,3.08417,378.0,162.0
2025-07-25T07:28:46.536317,huobi,3.08399,3.08405,697.26,540.0
2025-07-25T07:28:46.639372,huobi,3.08399,3.08404,697.26,414.31
2025-07-25T07:28:46.736676,huobi,3.08399,3.084,697.26,61.0
2025-07-25T07:28:47.035309,huobi,3.08399,3.084,697.26,345.87
2025-07-25T07:28:47.095205,bitrue,3.0845,3.0846,19108.4,4923.4
2025-07-25T07:28:47.335977,huobi,3.08399,3.084,697.26,345.87
2025-07-25T07:28:47.837848,huobi,3.08399,3.084,935.26,61.0
2025-07-25T07:28:47.936549,huobi,3.0843,3.08475,378.0,540.0
2025-07-25T07:28:48.080874,huobi,3.0843,3.08431,378.0,292.33
2025-07-25T07:28:48.136421,huobi,3.0843,3.08431,839.0,292.33
2025-07-25T07:28:48.238043,huobi,3.08436,3.08448,162.0,162.0
2025-07-25T07:28:48.336189,huobi,3.08438,3.08448,378.0,162.0
2025-07-25T07:28:48.538452,huobi,3.08437,3.08446,378.0,162.0
2025-07-25T07:28:48.635256,huobi,3.08436,3.08445,162.0,414.31
2025-07-25T07:28:48.735438,huobi,3.08444,3.08445,378.0,576.31
2025-07-25T07:28:48.835692,huobi,3.08444,3.08445,378.0,860.81
2025-07-25T07:28:48.936161,huobi,3.08444,3.08445,378.0,162.0
2025-07-25T07:28:49.035985,huobi,3.08444,3.08445,616.0,162.0
2025-07-25T07:28:49.136057,huobi,3.08444,3.08445,1111.8,162.0
2025-07-25T07:28:49.202510,bitrue,3.0848,3.0849,40783.6,130.0
2025-07-25T07:28:49.335916,huobi,3.08464,3.0847,378.0,414.31
2025-07-25T07:28:49.436941,huobi,3.08464,3.08468,378.0,162.0
2025-07-25T07:28:49.535142,huobi,3.08464,3.0847,378.0,414.31
2025-07-25T07:28:49.636836,huobi,3.08492,3.0854,378.0,616.0
2025-07-25T07:28:49.736098,huobi,3.08492,3.08493,378.0,434.97
2025-07-25T07:28:49.835648,huobi,3.08492,3.08493,378.0,162.0
2025-07-25T07:28:49.935580,huobi,3.08492,3.08493,378.0,576.31
2025-07-25T07:28:50.139095,huobi,3.08523,3.08537,378.0,162.0
2025-07-25T07:28:50.240349,huobi,3.08509,3.08548,238.0,385.14
2025-07-25T07:28:50.336527,huobi,3.08547,3.08548,540.0,100.0
2025-07-25T07:28:50.436841,huobi,3.08547,3.08548,778.0,100.0
2025-07-25T07:28:50.734363,huobi,3.08547,3.08548,162.0,478.0
2025-07-25T07:28:50.835579,huobi,3.08547,3.08548,540.0,100.0
2025-07-25T07:28:50.936338,huobi,3.08547,3.08548,162.0,100.0
2025-07-25T07:28:51.036624,huobi,3.08526,3.08548,378.0,906.16
2025-07-25T07:28:51.136407,huobi,3.08536,3.08545,540.0,162.0
2025-07-25T07:28:51.235936,huobi,3.08514,3.08542,378.0,553.85
2025-07-25T07:28:51.297281,bitrue,3.0857,3.0858,90858.0,70476.6
2025-07-25T07:28:51.336317,huobi,3.08534,3.08535,61.0,292.26
2025-07-25T07:28:51.435149,huobi,3.08534,3.08535,772.34,670.26
2025-07-25T07:28:51.535017,huobi,3.08534,3.08535,772.34,1084.57
2025-07-25T07:28:52.136252,huobi,3.08534,3.08535,772.34,1246.57
2025-07-25T07:28:52.236816,huobi,3.08534,3.08535,711.34,1260.42
2025-07-25T07:28:52.335556,huobi,3.08534,3.08535,711.34,720.42
2025-07-25T07:28:52.535171,huobi,3.08481,3.08485,162.0,293.98
2025-07-25T07:28:52.636719,huobi,3.08483,3.08485,540.0,293.98
2025-07-25T07:28:52.737373,huobi,3.08483,3.08484,162.0,295.18
2025-07-25T07:28:53.135924,huobi,3.08483,3.08484,540.0,295.18
2025-07-25T07:28:53.235875,huobi,3.08483,3.08535,540.0,806.16
2025-07-25T07:28:53.336440,huobi,3.08513,3.08514,378.0,223.0
2025-07-25T07:28:53.385519,bitrue,3.0856,3.0857,61250.8,27861.6
2025-07-25T07:28:53.435717,huobi,3.08513,3.08514,378.0,475.31
2025-07-25T07:28:53.535392,huobi,3.08513,3.08514,1051.73,475.31
2025-07-25T07:28:53.636250,huobi,3.08513,3.08514,1051.73,746.5
2025-07-25T07:28:53.839330,huobi,3.08518,3.08547,238.0,540.0
2025-07-25T07:28:53.936163,huobi,3.08546,3.08547,378.0,162.0
2025-07-25T07:28:54.035532,huobi,3.08546,3.08547,378.0,449.88
2025-07-25T07:28:54.138071,huobi,3.08547,3.08548,238.0,100.0
2025-07-25T07:28:54.236391,huobi,3.08547,3.08548,378.0,100.0
2025-07-25T07:28:54.735029,huobi,3.08538,3.08539,378.0,270.12
2025-07-25T07:28:54.836023,huobi,3.08519,3.08539,378.0,432.12
2025-07-25T07:28:55.035498,huobi,3.08526,3.08539,378.0,540.0
2025-07-25T07:28:55.135164,huobi,3.08526,3.08539,378.0,162.0
2025-07-25T07:28:55.335205,huobi,3.08527,3.08544,238.0,273.68
2025-07-25T07:28:55.436606,huobi,3.08543,3.08544,378.0,273.68
2025-07-25T07:28:55.535169,huobi,3.08534,3.08535,378.0,272.02
2025-07-25T07:28:55.937960,huobi,3.08542,3.08596,238.0,162.0
2025-07-25T07:28:56.037624,huobi,3.08585,3.08596,238.0,162.0
2025-07-25T07:28:56.136555,huobi,3.08551,3.08642,238.0,540.0
2025-07-25T07:28:56.237287,huobi,3.08519,3.08593,238.0,293.69
2025-07-25T07:28:56.336763,huobi,3.08522,3.08591,500.0,616.0
2025-07-25T07:28:56.436546,huobi,3.08556,3.08587,378.0,13.85
2025-07-25T07:28:56.537423,huobi,3.08556,3.08568,378.0,289.95
2025-07-25T07:28:56.558214,bitrue,3.086,3.0861,26936.0,53322.9
2025-07-25T07:28:56.635490,huobi,3.08583,3.08584,378.0,13.85
2025-07-25T07:28:56.737534,huobi,3.08583,3.08584,378.0,223.0
2025-07-25T07:28:56.936218,huobi,3.08537,3.0856,238.0,272.78
2025-07-25T07:28:57.037075,huobi,3.08559,3.0856,540.0,272.78
2025-07-25T07:28:57.235953,huobi,3.08559,3.0856,162.0,650.78
2025-07-25T07:28:57.336535,huobi,3.08536,3.08549,162.0,414.31
2025-07-25T07:28:57.436981,huobi,3.08536,3.08537,162.0,295.14
2025-07-25T07:28:57.536718,huobi,3.08514,3.08516,162.0,660.96
2025-07-25T07:28:57.636225,huobi,3.08513,3.08516,673.73,660.96
2025-07-25T07:28:57.837170,huobi,3.08415,3.08471,162.0,293.36
2025-07-25T07:28:57.936651,huobi,3.08445,3.08471,162.0,293.36
2025-07-25T07:28:58.036048,huobi,3.08445,3.0847,162.0,590.16
2025-07-25T07:28:58.135559,huobi,3.0841,3.08457,162.0,414.31
2025-07-25T07:28:58.236323,huobi,3.08437,3.08449,378.0,655.84
2025-07-25T07:28:58.335555,huobi,3.08444,3.08449,162.0,277.84
2025-07-25T07:28:58.435072,huobi,3.08444,3.08449,162.0,655.84
2025-07-25T07:28:58.537971,huobi,3.08475,3.08508,378.0,540.0
2025-07-25T07:28:58.636994,huobi,3.08475,3.08506,378.0,162.0
2025-07-25T07:28:58.736544,huobi,3.08496,3.08504,378.0,162.0
2025-07-25T07:28:58.836879,huobi,3.08496,3.08499,378.0,162.0
2025-07-25T07:28:59.135819,huobi,3.08471,3.08499,281.75,540.0
2025-07-25T07:28:59.238326,huobi,3.08514,3.08539,378.0,378.0
2025-07-25T07:28:59.336172,huobi,3.08514,3.08537,378.0,540.0
2025-07-25T07:28:59.437164,huobi,3.08514,3.08537,378.0,162.0
2025-07-25T07:28:59.537078,huobi,3.08532,3.08533,378.0,290.38
2025-07-25T07:28:59.638493,huobi,3.08532,3.08577,378.0,414.31
2025-07-25T07:28:59.699844,bitrue,3.0851,3.0852,25155.9,50833.6
2025-07-25T07:28:59.736113,huobi,3.08532,3.08576,378.0,540.0
2025-07-25T07:28:59.838126,huobi,3.08532,3.0855,378.0,285.46
2025-07-25T07:28:59.935597,huobi,3.08533,3.0855,162.0,663.46
2025-07-25T07:29:00.045623,huobi,3.08517,3.0855,273.24,663.46
2025-07-25T07:29:00.137360,huobi,3.08542,3.08549,162.0,428.16
2025-07-25T07:29:00.237168,huobi,3.08542,3.08543,162.0,652.78
2025-07-25T07:29:00.337760,huobi,3.08542,3.08543,739.47,1229.09
2025-07-25T07:29:00.435093,huobi,3.08542,3.08543,739.47,274.78
2025-07-25T07:29:00.536041,huobi,3.08542,3.08543,739.47,274.78
2025-07-25T07:29:00.637079,huobi,3.08463,3.08538,378.0,238.0
2025-07-25T07:29:00.736485,huobi,3.0846,3.08538,378.0,616.0
2025-07-25T07:29:00.744742,bitrue,3.0857,3.0858,9953.3,55520.1
2025-07-25T07:29:00.880855,huobi,3.08476,3.08484,162.0,284.35
2025-07-25T07:29:00.935387,huobi,3.08506,3.08537,378.0,540.0
2025-07-25T07:29:01.036383,huobi,3.08506,3.08507,378.0,61.0
2025-07-25T07:29:01.135005,huobi,3.08507,3.08535,378.0,540.0
2025-07-25T07:29:01.234650,huobi,3.08506,3.08511,162.0,668.14
2025-07-25T07:29:01.335694,huobi,3.08514,3.08573,378.0,162.0
2025-07-25T07:29:01.435678,huobi,3.08444,3.08557,378.0,616.0
2025-07-25T07:29:01.535893,huobi,3.08475,3.08556,378.0,540.0
2025-07-25T07:29:01.635637,huobi,3.08504,3.08505,223.0,458.65
2025-07-25T07:29:01.737052,huobi,3.08534,3.08637,378.0,616.0
2025-07-25T07:29:01.836140,huobi,3.08545,3.08624,378.0,162.0
2025-07-25T07:29:01.935945,huobi,3.08539,3.08548,378.0,290.01
2025-07-25T07:29:02.134661,huobi,3.08539,3.08616,378.0,540.0
2025-07-25T07:29:02.235051,huobi,3.08539,3.08576,378.0,540.0
2025-07-25T07:29:02.336450,huobi,3.08539,3.08571,378.0,290.07
2025-07-25T07:29:02.436159,huobi,3.08539,3.08568,238.0,540.0
2025-07-25T07:29:02.535002,huobi,3.08547,3.08568,378.0,540.0
2025-07-25T07:29:02.636096,huobi,3.08547,3.08558,378.0,288.16
2025-07-25T07:29:02.934804,huobi,3.08543,3.08558,378.0,288.16
2025-07-25T07:29:03.334981,huobi,3.08549,3.08558,378.0,288.16
2025-07-25T07:29:03.736390,huobi,3.08542,3.08558,378.0,666.16
2025-07-25T07:29:03.839605,huobi,3.08511,3.08524,162.0,279.88
2025-07-25T07:29:03.880153,bitrue,3.0859,3.086,25800.3,71596.7
2025-07-25T07:29:03.936357,huobi,3.0852,3.08524,162.0,279.88
2025-07-25T07:29:04.036077,huobi,3.08493,3.085,378.0,275.54
2025-07-25T07:29:04.136117,huobi,3.08493,3.08499,378.0,414.31
2025-07-25T07:29:04.236264,huobi,3.08481,3.08482,540.0,283.69
2025-07-25T07:29:04.436431,huobi,3.08481,3.08482,162.0,661.69
2025-07-25T07:29:04.536575,huobi,3.0844,3.08458,378.0,283.0
2025-07-25T07:29:04.634970,huobi,3.08456,3.08458,162.0,283.0
2025-07-25T07:29:04.738246,huobi,3.08424,3.0844,162.0,276.42
2025-07-25T07:29:04.835967,huobi,3.08431,3.08432,378.0,293.36
2025-07-25T07:29:04.927097,bitrue,3.0852,3.0853,36808.0,35532.1
2025-07-25T07:29:04.935635,huobi,3.08406,3.0841,162.0,274.53
2025-07-25T07:29:05.035547,huobi,3.08409,3.0841,540.0,274.53
2025-07-25T07:29:05.635580,huobi,3.08412,3.08496,162.0,616.0
2025-07-25T07:29:05.735189,huobi,3.08415,3.08483,378.0,13.85
2025-07-25T07:29:05.834859,huobi,3.08412,3.08413,162.0,284.7
2025-07-25T07:29:05.934891,huobi,3.08412,3.08413,540.0,284.7
2025-07-25T07:29:06.035763,huobi,3.08442,3.08475,378.0,378.0
2025-07-25T07:29:06.136629,huobi,3.08442,3.08443,378.0,61.0
2025-07-25T07:29:06.236302,huobi,3.08443,3.08482,378.0,414.31
2025-07-25T07:29:06.336397,huobi,3.08478,3.08479,1122.46,298.0
2025-07-25T07:29:06.535833,huobi,3.08483,3.08516,238.0,162.0
2025-07-25T07:29:06.636281,huobi,3.08501,3.08516,378.0,540.0
2025-07-25T07:29:06.736635,huobi,3.08517,3.08518,778.0,100.0
2025-07-25T07:29:06.836838,huobi,3.08517,3.08518,540.0,100.0
2025-07-25T07:29:06.934768,huobi,3.08517,3.08518,162.0,395.77
2025-07-25T07:29:07.036198,huobi,3.08517,3.08518,162.0,773.77
2025-07-25T07:29:07.136415,huobi,3.08479,3.08487,2.97,668.88
2025-07-25T07:29:07.237358,huobi,3.08478,3.08486,744.46,13.85
2025-07-25T07:29:07.336106,huobi,3.08478,3.08485,744.46,414.31
2025-07-25T07:29:07.435665,huobi,3.08478,3.08479,744.46,297.55
2025-07-25T07:29:07.735159,huobi,3.08478,3.08479,744.46,675.55
2025-07-25T07:29:07.835051,huobi,3.08478,3.08479,744.46,358.55
2025-07-25T07:29:08.062260,bitrue,3.0849,3.085,63790.5,5803.7
2025-07-25T07:29:08.134415,huobi,3.08478,3.08479,744.46,772.86
2025-07-25T07:29:08.535122,huobi,3.08466,3.08477,162.0,13.85
2025-07-25T07:29:08.634749,huobi,3.08466,3.08467,162.0,336.77
2025-07-25T07:29:08.735476,huobi,3.08466,3.08467,540.0,336.77
2025-07-25T07:29:09.111092,bitrue,3.0848,3.0849,40783.6,1152.8
2025-07-25T07:29:09.436622,huobi,3.08466,3.08467,778.0,61.0
2025-07-25T07:29:09.536577,huobi,3.08477,3.08515,378.0,13.85
2025-07-25T07:29:09.635116,huobi,3.08477,3.08511,378.0,540.0
2025-07-25T07:29:09.736146,huobi,3.08477,3.08484,378.0,290.53
2025-07-25T07:29:10.034933,huobi,3.08457,3.08484,2.97,290.53
2025-07-25T07:29:10.136533,huobi,3.0848,3.08484,238.0,290.53
2025-07-25T07:29:10.235414,huobi,3.08492,3.08517,378.0,540.0
2025-07-25T07:29:10.334426,huobi,3.08485,3.08515,378.0,540.0
2025-07-25T07:29:10.436105,huobi,3.08501,3.08515,378.0,540.0
2025-07-25T07:29:10.536288,huobi,3.08472,3.085,378.0,540.0
2025-07-25T07:29:10.634620,huobi,3.08472,3.08477,378.0,291.48
2025-07-25T07:29:10.836587,huobi,3.08472,3.08499,378.0,540.0
2025-07-25T07:29:10.936617,huobi,3.08472,3.08499,378.0,162.0
2025-07-25T07:29:11.036971,huobi,3.08483,3.08488,378.0,295.89
2025-07-25T07:29:11.205434,bitrue,3.0849,3.085,89766.6,5803.7
2025-07-25T07:29:11.534816,huobi,3.08483,3.08484,378.0,298.52
2025-07-25T07:29:11.934512,huobi,3.08483,3.08484,1083.51,298.52
2025-07-25T07:29:12.034584,huobi,3.08483,3.08484,705.51,298.52
2025-07-25T07:29:12.134537,huobi,3.08483,3.08484,705.51,676.52
2025-07-25T07:29:12.537594,huobi,3.08483,3.08484,705.51,298.52
2025-07-25T07:29:12.939667,huobi,3.08513,3.08514,378.0,576.31
2025-07-25T07:29:13.036757,huobi,3.08504,3.0851,378.0,162.0
2025-07-25T07:29:13.134927,huobi,3.08504,3.08508,378.0,443.13
2025-07-25T07:29:13.235467,huobi,3.08504,3.08505,378.0,162.0
2025-07-25T07:29:13.436093,huobi,3.08504,3.08505,378.0,576.31
2025-07-25T07:29:13.534966,huobi,3.0849,3.08505,378.0,540.0
2025-07-25T07:29:13.735047,huobi,3.08494,3.08504,378.0,162.0
2025-07-25T07:29:14.133748,huobi,3.08497,3.08508,238.0,281.13
2025-07-25T07:29:14.234669,huobi,3.08516,3.08517,378.0,162.0
2025-07-25T07:29:14.434589,huobi,3.08516,3.08517,378.0,443.7
2025-07-25T07:29:14.535681,huobi,3.08516,3.08517,1092.76,443.7
2025-07-25T07:29:14.934099,huobi,3.08516,3.08517,714.76,443.7
2025-07-25T07:29:15.397412,bitrue,3.0849,3.085,89766.6,1000.0
2025-07-25T07:29:15.934464,huobi,3.08516,3.08517,714.76,443.7
2025-07-25T07:29:16.134403,huobi,3.08516,3.08517,714.76,821.7
2025-07-25T07:29:16.734905,huobi,3.08447,3.08473,378.0,676.27
2025-07-25T07:29:16.836339,huobi,3.08439,3.08473,378.0,676.27
2025-07-25T07:29:16.936167,huobi,3.08442,3.08455,162.0,378.0
2025-07-25T07:29:17.036496,huobi,3.08412,3.08454,378.0,792.31
2025-07-25T07:29:17.136568,huobi,3.08411,3.08429,378.0,13.85
2025-07-25T07:29:17.237266,huobi,3.08376,3.08412,162.0,339.08
2025-07-25T07:29:17.344632,huobi,3.08401,3.08412,378.0,339.08
2025-07-25T07:29:17.490184,bitrue,3.0848,3.085,40783.6,1000.0
2025-07-25T07:29:17.636155,huobi,3.08372,3.08396,378.0,281.83
2025-07-25T07:29:17.734868,huobi,3.08395,3.08396,378.0,281.83
2025-07-25T07:29:17.836255,huobi,3.08395,3.08396,378.0,696.14
2025-07-25T07:29:17.935420,huobi,3.08395,3.08396,378.0,709.99
2025-07-25T07:29:18.035392,huobi,3.08388,3.08396,378.0,709.99
2025-07-25T07:29:18.135434,huobi,3.0839,3.08396,378.0,709.99
2025-07-25T07:29:18.235376,huobi,3.0839,3.08395,378.0,414.31
2025-07-25T07:29:18.337125,huobi,3.08384,3.08387,755.74,673.8
2025-07-25T07:29:18.436958,huobi,3.08384,3.08385,755.74,667.53
2025-07-25T07:29:18.536315,huobi,3.08351,3.0837,378.0,671.67
2025-07-25T07:29:18.636416,huobi,3.08356,3.08368,378.0,414.31
2025-07-25T07:29:18.737654,huobi,3.08342,3.08352,100.0,667.04
2025-07-25T07:29:18.835194,huobi,3.08342,3.08343,100.0,294.95
2025-07-25T07:29:18.936502,huobi,3.08342,3.08343,100.0,723.11
2025-07-25T07:29:19.036588,huobi,3.08342,3.08343,100.0,1160.3
2025-07-25T07:29:19.536751,huobi,3.08342,3.08343,885.74,1398.3
2025-07-25T07:29:19.586139,bitrue,3.0842,3.0843,27912.0,40024.9
2025-07-25T07:29:19.736062,huobi,3.08342,3.08343,885.74,1160.3
2025-07-25T07:29:20.034965,huobi,3.08342,3.08343,885.74,782.3
2025-07-25T07:29:20.134409,huobi,3.08342,3.08343,885.74,489.16
2025-07-25T07:29:20.334666,huobi,3.08342,3.08343,885.74,761.4
2025-07-25T07:29:21.136324,huobi,3.08342,3.08343,1658.67,761.4
2025-07-25T07:29:21.682560,bitrue,3.0836,3.0837,44618.6,25550.7
2025-07-25T07:29:22.234964,huobi,3.08342,3.08343,2406.62,761.4
2025-07-25T07:29:22.634558,huobi,3.08342,3.08343,2406.62,700.4
2025-07-25T07:29:22.734570,bitrue,3.0832,3.0833,99596.7,20445.4
2025-07-25T07:29:23.134883,huobi,3.08342,3.08343,3163.57,700.4
2025-07-25T07:29:23.237027,huobi,3.08372,3.08411,378.0,378.0
2025-07-25T07:29:23.336220,huobi,3.08343,3.0838,2.97,378.0
2025-07-25T07:29:23.436601,huobi,3.08357,3.08358,540.0,272.49
2025-07-25T07:29:23.536891,huobi,3.08357,3.08358,162.0,650.49
2025-07-25T07:29:23.636853,huobi,3.08342,3.08343,161.0,279.78
2025-07-25T07:29:24.035322,huobi,3.08342,3.08343,100.0,279.78
2025-07-25T07:29:24.135748,huobi,3.08342,3.08343,823.28,657.78
2025-07-25T07:29:24.335092,huobi,3.08342,3.08343,823.28,279.78
2025-07-25T07:29:24.736191,huobi,3.08371,3.08446,378.0,378.0
2025-07-25T07:29:24.835506,huobi,3.08399,3.08441,378.0,414.31
2025-07-25T07:29:24.934885,huobi,3.08397,3.08429,378.0,378.0
2025-07-25T07:29:25.034871,huobi,3.08375,3.08376,378.0,276.03
2025-07-25T07:29:25.234729,huobi,3.08374,3.08375,378.0,162.0
2025-07-25T07:29:25.873571,bitrue,3.0838,3.0839,20820.3,19007.6
2025-07-25T07:29:26.634753,huobi,3.0836,3.08366,238.0,296.3
2025-07-25T07:29:26.735858,huobi,3.08351,3.08366,378.0,296.3
2025-07-25T07:29:26.935263,huobi,3.08342,3.08356,723.28,175.85
2025-07-25T07:29:27.035086,huobi,3.08342,3.08343,723.28,1124.76
2025-07-25T07:29:27.135287,huobi,3.08342,3.08343,723.28,1138.61
2025-07-25T07:29:27.334961,huobi,3.08342,3.08343,723.28,760.61
2025-07-25T07:29:28.234500,huobi,3.08342,3.08343,723.28,332.45
2025-07-25T07:29:28.333461,huobi,3.08342,3.08343,723.28,710.45
2025-07-25T07:29:28.433626,huobi,3.08342,3.08343,723.28,710.45
2025-07-25T07:29:28.533387,huobi,3.08315,3.08333,378.0,378.0
2025-07-25T07:29:28.633473,huobi,3.08318,3.08332,378.0,162.0
2025-07-25T07:29:28.733673,huobi,3.08318,3.08337,378.0,290.95
2025-07-25T07:29:28.833098,huobi,3.08318,3.08336,238.0,162.0
2025-07-25T07:29:28.933284,huobi,3.08332,3.08336,378.0,162.0
2025-07-25T07:29:29.033928,huobi,3.08335,3.08336,378.0,162.0
2025-07-25T07:29:29.133271,huobi,3.08315,3.08326,162.0,378.0
2025-07-25T07:29:29.934132,huobi,3.08315,3.08316,162.0,378.0
2025-07-25T07:29:30.224471,bitrue,3.0836,3.0837,643.8,15942.2
2025-07-25T07:29:30.235740,huobi,3.08315,3.08323,162.0,378.0
2025-07-25T07:29:30.434211,huobi,3.08284,3.08316,238.0,271.16
2025-07-25T07:29:30.535066,huobi,3.08304,3.08316,162.0,378.0
2025-07-25T07:29:30.633725,huobi,3.08308,3.08342,378.0,175.85
2025-07-25T07:29:30.736403,huobi,3.08263,3.0834,100.0,162.0
2025-07-25T07:29:30.834091,huobi,3.08301,3.08323,378.0,661.77
2025-07-25T07:29:30.933755,huobi,3.08302,3.08313,162.0,284.78
2025-07-25T07:29:31.033125,huobi,3.08311,3.08323,162.0,378.0
2025-07-25T07:29:31.133030,huobi,3.08311,3.08323,540.0,378.0
2025-07-25T07:29:31.336940,huobi,3.08313,3.08318,162.0,272.54
2025-07-25T07:29:31.633076,huobi,3.08313,3.08318,162.0,650.54
2025-07-25T07:29:31.933010,huobi,3.08314,3.08318,162.0,650.54
2025-07-25T07:29:33.254887,huobi,3.08314,3.08318,162.0,251.26
2025-07-25T07:29:33.254952,huobi,3.08314,3.08318,162.0,629.26
2025-07-25T07:29:33.254983,huobi,3.08316,3.08318,378.0,251.26
2025-07-25T07:29:33.255015,huobi,3.08299,3.08318,378.0,629.26
2025-07-25T07:29:33.255040,huobi,3.08307,3.08318,162.0,629.26
2025-07-25T07:29:33.255100,huobi,3.08311,3.08318,378.0,251.26
2025-07-25T07:29:33.255125,huobi,3.08312,3.08318,540.0,251.26
2025-07-25T07:29:33.255153,huobi,3.08314,3.08318,162.0,251.26
2025-07-25T07:29:33.255202,huobi,3.08314,3.08318,162.0,251.26
2025-07-25T07:29:33.373049,bitrue,3.0835,3.0836,2480.9,27316.3
2025-07-25T07:29:33.433852,huobi,3.08314,3.08318,162.0,629.26
2025-07-25T07:29:33.633852,huobi,3.08296,3.08339,283.81,540.0
2025-07-25T07:29:33.734741,huobi,3.08263,3.08333,100.0,162.0
2025-07-25T07:29:33.833957,huobi,3.08263,3.08312,100.0,238.0
2025-07-25T07:29:33.934045,huobi,3.08302,3.08477,238.0,378.0
2025-07-25T07:29:34.037201,huobi,3.08334,3.08341,378.0,293.62
2025-07-25T07:29:34.233471,huobi,3.08341,3.08367,238.0,13.85
2025-07-25T07:29:34.333833,huobi,3.08333,3.0836,238.0,540.0
2025-07-25T07:29:34.433604,huobi,3.08321,3.08358,238.0,540.0
2025-07-25T07:29:34.532621,huobi,3.08322,3.08356,378.0,540.0
2025-07-25T07:29:34.633698,huobi,3.0831,3.08341,238.0,162.0
2025-07-25T07:29:34.734467,huobi,3.08305,3.08341,296.03,540.0
2025-07-25T07:29:34.833704,huobi,3.08305,3.08332,296.03,292.57
2025-07-25T07:29:35.035388,huobi,3.08306,3.08323,378.0,280.17
2025-07-25T07:29:35.133140,huobi,3.08305,3.08322,296.03,792.31
2025-07-25T07:29:35.233686,huobi,3.08305,3.0832,296.03,540.0
2025-07-25T07:29:35.333694,huobi,3.08266,3.08319,378.0,13.85
2025-07-25T07:29:35.433754,huobi,3.08294,3.08318,378.0,540.0
2025-07-25T07:29:35.460944,bitrue,3.0834,3.0835,9094.8,280.3
2025-07-25T07:29:35.534109,huobi,3.08265,3.08314,240.97,540.0
2025-07-25T07:29:35.634509,huobi,3.08265,3.08307,2.97,238.0
2025-07-25T07:29:35.734480,huobi,3.08184,3.08296,238.0,238.0
2025-07-25T07:29:35.834584,huobi,3.08243,3.08292,378.0,391.85
2025-07-25T07:29:35.934024,huobi,3.08278,3.08289,274.47,162.0
2025-07-25T07:29:36.033544,huobi,3.08278,3.08286,274.47,391.85
2025-07-25T07:29:36.136578,huobi,3.08278,3.08285,274.47,540.0
2025-07-25T07:29:36.237532,huobi,3.08108,3.08285,2.97,540.0
2025-07-25T07:29:36.339525,huobi,3.08206,3.08283,238.0,553.85
2025-07-25T07:29:36.435276,huobi,3.08265,3.0828,297.8,391.85
2025-07-25T07:29:36.535424,huobi,3.0817,3.08276,500.0,540.0
2025-07-25T07:29:36.634448,huobi,3.082,3.08254,378.0,553.85
2025-07-25T07:29:36.734311,huobi,3.08195,3.08245,500.0,968.16
2025-07-25T07:29:36.835718,huobi,3.08177,3.08245,238.0,968.16
2025-07-25T07:29:36.934110,huobi,3.08171,3.08231,378.0,540.0
2025-07-25T07:29:37.033603,huobi,3.08188,3.08231,378.0,540.0
2025-07-25T07:29:37.136146,huobi,3.08171,3.08231,500.0,540.0
2025-07-25T07:29:37.235562,huobi,3.08213,3.08231,298.96,778.0
2025-07-25T07:29:37.339259,huobi,3.08156,3.0822,2.97,13.85
2025-07-25T07:29:37.435818,huobi,3.08143,3.08215,500.0,391.85
2025-07-25T07:29:37.534636,huobi,3.08145,3.08203,378.0,238.0
2025-07-25T07:29:37.556561,bitrue,3.0831,3.0832,53858.7,49128.0
2025-07-25T07:29:37.637215,huobi,3.08169,3.082,271.53,540.0
2025-07-25T07:29:37.734157,huobi,3.08178,3.08179,298.53,614.85
2025-07-25T07:29:38.134942,huobi,3.08178,3.08179,298.53,1029.16
2025-07-25T07:29:38.334840,huobi,3.08178,3.08179,1443.44,236.85
2025-07-25T07:29:38.434209,huobi,3.08178,3.08179,1065.44,614.85
2025-07-25T07:29:38.535869,huobi,3.08178,3.08179,298.53,614.85
2025-07-25T07:29:38.735300,huobi,3.08178,3.08179,676.53,74.85
2025-07-25T07:29:38.934011,huobi,3.08178,3.08179,1430.31,74.85
2025-07-25T07:29:39.034407,huobi,3.08178,3.08179,1052.31,452.85
2025-07-25T07:29:39.134738,huobi,3.08178,3.08179,1052.31,614.85
2025-07-25T07:29:39.481371,huobi,3.08178,3.08179,1052.31,236.85
2025-07-25T07:29:39.647973,bitrue,3.0819,3.082,15704.0,10044.3
2025-07-25T07:29:40.134842,huobi,3.08178,3.08179,1726.84,236.85
2025-07-25T07:29:40.734727,huobi,3.08178,3.08179,1726.84,614.85
2025-07-25T07:29:40.833899,huobi,3.08178,3.08179,2471.6,651.16
2025-07-25T07:29:40.935026,huobi,3.08178,3.08179,2471.6,236.85
2025-07-25T07:29:41.236764,huobi,3.08178,3.08179,2471.6,175.85
2025-07-25T07:29:42.033473,huobi,3.08178,3.08179,3241.42,175.85
2025-07-25T07:29:42.234148,huobi,3.08178,3.08179,3241.42,553.85
2025-07-25T07:29:42.335116,huobi,3.08178,3.08179,3241.42,968.16
2025-07-25T07:29:42.734574,huobi,3.08178,3.08179,3241.42,590.16
2025-07-25T07:29:43.633744,huobi,3.08178,3.08179,298.53,590.16
2025-07-25T07:29:43.934096,huobi,3.08178,3.08179,1037.35,968.16
2025-07-25T07:29:44.035177,huobi,3.08178,3.08179,1037.35,590.16
2025-07-25T07:29:44.137220,huobi,3.08178,3.08179,1037.35,175.85
2025-07-25T07:29:44.235871,huobi,3.08239,3.08244,378.0,162.0
2025-07-25T07:29:44.335100,huobi,3.08239,3.08293,378.0,616.0
2025-07-25T07:29:44.435893,huobi,3.08254,3.08277,378.0,661.82
2025-07-25T07:29:44.535109,huobi,3.08179,3.08276,2.97,540.0
2025-07-25T07:29:44.633719,huobi,3.08223,3.08274,378.0,540.0
2025-07-25T07:29:44.736653,huobi,3.08196,3.08263,378.0,162.0
2025-07-25T07:29:44.834919,huobi,3.08196,3.0825,378.0,175.85
2025-07-25T07:29:44.868650,bitrue,3.0819,3.082,15704.0,10044.3
2025-07-25T07:29:44.954560,huobi,3.08196,3.08245,378.0,553.85
2025-07-25T07:29:45.035693,huobi,3.08216,3.08238,275.5,540.0
2025-07-25T07:29:45.134867,huobi,3.08178,3.08208,738.82,162.0
2025-07-25T07:29:45.235016,huobi,3.08178,3.08195,738.82,162.0
2025-07-25T07:29:45.339431,huobi,3.08178,3.08179,738.82,601.0
2025-07-25T07:29:45.434318,huobi,3.08178,3.08179,738.82,614.85
2025-07-25T07:29:45.633629,huobi,3.08178,3.08179,738.82,651.16
2025-07-25T07:29:45.834991,huobi,3.08178,3.08179,738.82,1029.16
2025-07-25T07:29:45.915395,bitrue,3.0823,3.0824,113552.9,4489.1
2025-07-25T07:29:46.335347,huobi,3.08178,3.08179,738.82,1311.51
2025-07-25T07:29:46.535139,huobi,3.08178,3.08179,738.82,771.51
2025-07-25T07:29:46.833714,huobi,3.08178,3.08179,738.82,710.51
2025-07-25T07:29:46.959669,bitrue,3.0815,3.0816,21391.3,31520.8
2025-07-25T07:29:47.235492,huobi,3.08178,3.08179,738.82,428.16
2025-07-25T07:29:47.334016,huobi,3.08178,3.08179,738.82,428.16
2025-07-25T07:29:47.435093,huobi,3.08178,3.08179,738.82,806.16
2025-07-25T07:29:47.780039,huobi,3.08178,3.08179,738.82,806.16
2025-07-25T07:29:48.033739,huobi,3.08178,3.08179,738.82,428.16
2025-07-25T07:29:48.144771,huobi,3.08178,3.08179,738.82,806.16
2025-07-25T07:29:48.234153,huobi,3.08178,3.08179,738.82,428.16
2025-07-25T07:29:48.537284,huobi,3.08166,3.08179,378.0,806.16
2025-07-25T07:29:48.633992,huobi,3.08171,3.0833,238.0,238.0
2025-07-25T07:29:48.733770,huobi,3.08165,3.08311,283.95,576.31
2025-07-25T07:29:48.833767,huobi,3.08172,3.08282,378.0,238.0
2025-07-25T07:29:48.934372,huobi,3.08172,3.08269,378.0,540.0
2025-07-25T07:29:49.034149,huobi,3.08172,3.08196,378.0,553.85
2025-07-25T07:29:49.060750,bitrue,3.0816,3.0817,75975.1,13534.6
2025-07-25T07:29:49.133270,huobi,3.08172,3.08194,378.0,162.0
2025-07-25T07:29:49.233673,huobi,3.08172,3.08192,378.0,162.0
2025-07-25T07:29:49.333658,huobi,3.08172,3.0819,378.0,162.0
2025-07-25T07:29:49.436256,huobi,3.08189,3.08225,378.0,540.0
2025-07-25T07:29:49.635758,huobi,3.08189,3.08225,378.0,540.0
2025-07-25T07:29:49.735231,huobi,3.0822,3.0835,378.0,238.0
2025-07-25T07:29:49.835893,huobi,3.08219,3.08325,238.0,162.0
2025-07-25T07:29:49.934268,huobi,3.08222,3.08307,275.52,162.0
2025-07-25T07:29:50.034687,huobi,3.08239,3.08265,378.0,540.0
2025-07-25T07:29:50.134581,huobi,3.08247,3.08265,378.0,540.0
2025-07-25T07:29:50.233724,huobi,3.08235,3.08265,378.0,540.0
2025-07-25T07:29:50.334244,huobi,3.08235,3.08265,378.0,540.0
2025-07-25T07:29:50.436147,huobi,3.08197,3.08235,162.0,666.18
2025-07-25T07:29:50.554026,huobi,3.08185,3.08225,162.0,378.0
2025-07-25T07:29:50.633599,huobi,3.08192,3.08255,378.0,540.0
2025-07-25T07:29:50.735650,huobi,3.08203,3.08223,298.43,272.92
2025-07-25T07:29:50.836362,huobi,3.08171,3.08222,378.0,391.85
2025-07-25T07:29:50.934002,huobi,3.08171,3.08213,378.0,175.85
2025-07-25T07:29:51.134123,huobi,3.08142,3.08205,378.0,778.0
2025-07-25T07:29:51.211522,bitrue,3.0823,3.0824,104356.2,4489.1
2025-07-25T07:29:51.234326,huobi,3.08145,3.08205,378.0,778.0
2025-07-25T07:29:51.334141,huobi,3.08138,3.08183,500.0,540.0
2025-07-25T07:29:51.435267,huobi,3.08134,3.08181,378.0,162.0
2025-07-25T07:29:51.533248,huobi,3.08134,3.08179,378.0,954.31
2025-07-25T07:29:51.633514,huobi,3.08124,3.08177,378.0,378.0
2025-07-25T07:29:51.733508,huobi,3.08147,3.08176,378.0,954.31
2025-07-25T07:29:51.834034,huobi,3.08139,3.0817,378.0,540.0
2025-07-25T07:29:51.934864,huobi,3.08108,3.0817,378.0,540.0
2025-07-25T07:29:52.033322,huobi,3.08143,3.08166,378.0,540.0
2025-07-25T07:29:52.135698,huobi,3.08137,3.08166,378.0,540.0
2025-07-25T07:29:52.234337,huobi,3.08137,3.08165,378.0,414.31
2025-07-25T07:29:52.333031,huobi,3.08162,3.08163,274.88,223.0
2025-07-25T07:29:52.433536,huobi,3.08162,3.08163,274.88,614.85
2025-07-25T07:29:52.534592,huobi,3.08162,3.08163,274.88,1029.16
2025-07-25T07:29:52.634083,huobi,3.08162,3.08163,274.88,223.0
2025-07-25T07:29:52.733067,huobi,3.08162,3.08163,512.88,223.0
2025-07-25T07:29:52.833561,huobi,3.08162,3.08163,274.88,236.85
2025-07-25T07:29:52.933046,huobi,3.0816,3.08163,378.0,61.0
2025-07-25T07:29:53.033598,huobi,3.08134,3.08161,162.0,61.0
2025-07-25T07:29:53.133540,huobi,3.08119,3.08161,162.0,439.0
2025-07-25T07:29:53.235208,huobi,3.08139,3.08157,709.37,540.0
2025-07-25T07:29:53.302872,bitrue,3.0818,3.0819,55365.9,16064.9
2025-07-25T07:29:53.433303,huobi,3.08139,3.08155,709.37,540.0
2025-07-25T07:29:53.636061,huobi,3.08106,3.08152,288.0,13.85
2025-07-25T07:29:53.735024,huobi,3.08106,3.08151,288.0,540.0
2025-07-25T07:29:53.834178,huobi,3.08101,3.08147,238.0,162.0
2025-07-25T07:29:53.934013,huobi,3.08101,3.08147,238.0,954.31
2025-07-25T07:29:54.134614,huobi,3.08105,3.08146,162.0,162.0
2025-07-25T07:29:54.233277,huobi,3.08105,3.08146,162.0,540.0
2025-07-25T07:29:54.334192,huobi,3.08105,3.08145,162.0,806.16
2025-07-25T07:29:54.636187,huobi,3.08066,3.08119,100.0,298.63
2025-07-25T07:29:54.735173,huobi,3.08068,3.08105,162.0,439.0
2025-07-25T07:29:54.836416,huobi,3.08066,3.08103,100.0,540.0
2025-07-25T07:29:54.934840,huobi,3.08066,3.08095,100.0,162.0
2025-07-25T07:29:55.034606,huobi,3.08066,3.08095,100.0,540.0
2025-07-25T07:29:55.392626,bitrue,3.0815,3.0816,21391.3,65341.1
2025-07-25T07:29:55.537433,huobi,3.08066,3.08079,100.0,272.3
2025-07-25T07:29:55.635497,huobi,3.08011,3.08067,238.0,439.0
2025-07-25T07:29:55.734886,huobi,3.08002,3.08066,238.0,540.0
2025-07-25T07:29:55.834536,huobi,3.08,3.08065,2.54,778.0
2025-07-25T07:29:55.933210,huobi,3.08004,3.08063,378.0,778.0
2025-07-25T07:29:56.054698,huobi,3.08012,3.08053,271.37,553.85
2025-07-25T07:29:56.134768,huobi,3.08,3.08029,2.54,540.0
2025-07-25T07:29:56.234955,huobi,3.08,3.08026,2.54,238.0
2025-07-25T07:29:56.334326,huobi,3.08,3.08001,2.54,601.0
2025-07-25T07:29:56.433079,huobi,3.08,3.08001,2.54,1029.16
2025-07-25T07:29:56.534434,huobi,3.08,3.08001,692.15,1029.16
2025-07-25T07:29:56.634979,huobi,3.08,3.08001,985.8,540.0
2025-07-25T07:29:56.733971,huobi,3.08013,3.08059,238.0,162.0
2025-07-25T07:29:56.833113,huobi,3.08004,3.08054,616.0,13.85
2025-07-25T07:29:56.933534,huobi,3.08,3.08028,985.8,289.26
2025-07-25T07:29:57.033541,huobi,3.08,3.08025,692.15,540.0
2025-07-25T07:29:57.139129,huobi,3.08,3.08017,692.15,540.0
2025-07-25T07:29:57.235728,huobi,3.08,3.08015,692.15,540.0
2025-07-25T07:29:57.435447,huobi,3.08,3.08009,692.15,540.0
2025-07-25T07:29:57.482488,bitrue,3.08,3.0801,74208.2,34611.7
2025-07-25T07:29:57.534356,huobi,3.08,3.08008,692.15,238.0
2025-07-25T07:29:57.634212,huobi,3.08,3.08007,692.15,540.0
2025-07-25T07:29:57.836022,huobi,3.07959,3.07983,299.64,553.85
2025-07-25T07:29:57.934357,huobi,3.07806,3.07954,238.0,616.0
2025-07-25T07:29:58.036608,huobi,3.07847,3.07949,238.0,540.0
2025-07-25T07:29:58.136747,huobi,3.07893,3.07949,273.72,540.0
2025-07-25T07:29:58.236936,huobi,3.07771,3.07871,162.0,287.4
2025-07-25T07:29:58.342112,huobi,3.07772,3.07871,162.0,378.0
2025-07-25T07:29:58.439311,huobi,3.07646,3.07868,378.0,540.0
2025-07-25T07:29:58.537729,huobi,3.0776,3.07761,293.06,61.0
2025-07-25T07:29:58.636465,huobi,3.07654,3.07761,162.0,61.0
2025-07-25T07:29:58.782445,huobi,3.07655,3.07761,500.0,61.0
2025-07-25T07:29:58.833807,huobi,3.07667,3.07761,238.0,439.0
2025-07-25T07:29:58.938850,huobi,3.0771,3.0776,276.68,162.0
2025-07-25T07:29:59.036443,huobi,3.07682,3.07756,238.0,162.0
2025-07-25T07:29:59.135222,huobi,3.07717,3.07756,378.0,540.0
2025-07-25T07:29:59.234288,huobi,3.07749,3.07756,378.0,162.0
2025-07-25T07:29:59.335162,huobi,3.07749,3.0775,652.65,61.0
2025-07-25T07:29:59.436166,huobi,3.07808,3.07855,378.0,540.0
2025-07-25T07:29:59.535775,huobi,3.07747,3.07844,378.0,162.0
2025-07-25T07:29:59.573615,bitrue,3.0781,3.0782,2843.4,22247.7
2025-07-25T07:29:59.635490,huobi,3.07752,3.07812,378.0,281.25
2025-07-25T07:29:59.734385,huobi,3.07778,3.07811,296.73,553.85
2025-07-25T07:29:59.834612,huobi,3.07747,3.07809,378.0,175.85
2025-07-25T07:29:59.933991,huobi,3.07747,3.07802,378.0,13.85
2025-07-25T07:30:00.045958,huobi,3.07677,3.07787,378.0,649.77
2025-07-25T07:30:00.139169,huobi,3.07615,3.07773,378.0,792.31
2025-07-25T07:30:00.236584,huobi,3.07615,3.07773,378.0,954.31
2025-07-25T07:30:00.336106,huobi,3.07772,3.0784,378.0,540.0
2025-07-25T07:30:00.435875,huobi,3.07615,3.0784,378.0,162.0
2025-07-25T07:30:00.535473,huobi,3.07835,3.07871,378.0,378.0
2025-07-25T07:30:00.636307,huobi,3.07903,3.07986,378.0,616.0
2025-07-25T07:30:00.738279,huobi,3.07935,3.07979,677.53,540.0
2025-07-25T07:30:00.836065,huobi,3.07936,3.07979,378.0,540.0
2025-07-25T07:30:00.936429,huobi,3.07911,3.07977,162.0,616.0
2025-07-25T07:30:01.035522,huobi,3.0792,3.07963,290.63,616.0
2025-07-25T07:30:01.136190,huobi,3.07847,3.07921,162.0,439.0
2025-07-25T07:30:01.237830,huobi,3.07911,3.07914,378.0,238.0
2025-07-25T07:30:01.338676,huobi,3.0781,3.07851,162.0,378.0
2025-07-25T07:30:01.440746,huobi,3.07664,3.07778,162.0,238.0
2025-07-25T07:30:01.536198,huobi,3.07661,3.07771,238.0,238.0
2025-07-25T07:30:01.635584,huobi,3.07661,3.07751,238.0,378.0
2025-07-25T07:30:01.669423,bitrue,3.078,3.0781,37400.5,59.8
2025-07-25T07:30:01.736198,huobi,3.07723,3.07753,378.0,238.0
2025-07-25T07:30:01.835475,huobi,3.07716,3.07723,278.12,378.0
2025-07-25T07:30:01.936740,huobi,3.07703,3.0774,378.0,13.85
2025-07-25T07:30:02.035500,huobi,3.07704,3.07721,162.0,378.0
2025-07-25T07:30:02.135655,huobi,3.07685,3.07709,378.0,378.0
2025-07-25T07:30:02.235019,huobi,3.07685,3.0772,378.0,540.0
2025-07-25T07:30:02.338293,huobi,3.0766,3.07686,162.0,378.0
2025-07-25T07:30:02.436173,huobi,3.07639,3.07663,378.0,378.0
2025-07-25T07:30:02.535667,huobi,3.07626,3.07663,378.0,378.0
2025-07-25T07:30:02.635291,huobi,3.07626,3.07664,378.0,414.31
2025-07-25T07:30:02.721965,bitrue,3.078,3.0781,37400.5,59.8
2025-07-25T07:30:02.735036,huobi,3.07682,3.07685,378.0,162.0
2025-07-25T07:30:02.835409,huobi,3.07716,3.07768,378.0,162.0
2025-07-25T07:30:02.936288,huobi,3.07716,3.07783,378.0,378.0
2025-07-25T07:30:03.035678,huobi,3.0769,3.07751,238.0,378.0
2025-07-25T07:30:03.135608,huobi,3.07685,3.07714,162.0,378.0
2025-07-25T07:30:03.235988,huobi,3.07716,3.07751,378.0,378.0
2025-07-25T07:30:03.335495,huobi,3.07736,3.07737,282.69,439.0
2025-07-25T07:30:03.434549,huobi,3.07667,3.07718,500.0,378.0
2025-07-25T07:30:03.535167,huobi,3.07697,3.07737,162.0,61.0
2025-07-25T07:30:03.676937,huobi,3.07704,3.07712,162.0,378.0
2025-07-25T07:30:03.734677,huobi,3.07736,3.07737,661.4,223.0
2025-07-25T07:30:03.770047,bitrue,3.0769,3.077,16024.0,48854.5
2025-07-25T07:30:03.879752,huobi,3.07766,3.07789,378.0,378.0
2025-07-25T07:30:03.934340,huobi,3.07785,3.07821,378.0,378.0
2025-07-25T07:30:04.034100,huobi,3.07795,3.07804,282.46,378.0
2025-07-25T07:30:04.137162,huobi,3.077,3.07739,238.0,378.0
2025-07-25T07:30:04.240805,huobi,3.07688,3.07739,162.0,378.0
2025-07-25T07:30:04.335725,huobi,3.07678,3.07714,378.0,378.0
2025-07-25T07:30:04.435367,huobi,3.07698,3.07713,378.0,282.59
2025-07-25T07:30:04.537731,huobi,3.07698,3.07751,378.0,162.0
2025-07-25T07:30:04.636255,huobi,3.07703,3.07739,378.0,378.0
2025-07-25T07:30:04.734905,huobi,3.07704,3.0777,162.0,378.0
2025-07-25T07:30:04.835194,huobi,3.07715,3.07772,238.0,162.0
2025-07-25T07:30:04.935534,huobi,3.07713,3.0774,290.75,378.0
2025-07-25T07:30:05.037009,huobi,3.0768,3.07742,238.0,378.0
2025-07-25T07:30:05.134943,huobi,3.07681,3.0774,162.0,61.0
2025-07-25T07:30:05.235354,huobi,3.07733,3.0774,378.0,61.0
2025-07-25T07:30:05.336470,huobi,3.07734,3.07772,238.0,162.0
2025-07-25T07:30:05.438945,huobi,3.07763,3.07801,378.0,162.0
2025-07-25T07:30:05.535529,huobi,3.07774,3.07802,238.0,293.19
2025-07-25T07:30:05.635141,huobi,3.07658,3.07814,162.0,378.0
2025-07-25T07:30:05.734708,huobi,3.07689,3.07824,378.0,378.0
2025-07-25T07:30:05.833932,huobi,3.07751,3.07824,378.0,378.0
2025-07-25T07:30:05.876950,bitrue,3.0773,3.0774,21470.8,23563.8
2025-07-25T07:30:05.937143,huobi,3.07818,3.07838,378.0,297.83
2025-07-25T07:30:06.034269,huobi,3.07806,3.07823,378.0,378.0
2025-07-25T07:30:06.135339,huobi,3.07798,3.0782,533.04,162.0
2025-07-25T07:30:06.235822,huobi,3.07808,3.0782,378.0,162.0
2025-07-25T07:30:06.334870,huobi,3.07809,3.07836,238.0,162.0
2025-07-25T07:30:06.455159,huobi,3.0785,3.0789,378.0,378.0
2025-07-25T07:30:06.536697,huobi,3.07822,3.07971,238.0,238.0
2025-07-25T07:30:06.634716,huobi,3.07852,3.07878,271.89,378.0
2025-07-25T07:30:06.735065,huobi,3.07837,3.07878,378.0,378.0
2025-07-25T07:30:06.835180,huobi,3.07838,3.07855,162.0,378.0
2025-07-25T07:30:06.919584,bitrue,3.0781,3.0782,87447.4,22247.7
2025-07-25T07:30:07.033370,huobi,3.07804,3.07854,378.0,162.0
2025-07-25T07:30:07.134136,huobi,3.07828,3.07849,378.0,378.0
2025-07-25T07:30:07.237814,huobi,3.07852,3.0794,378.0,238.0
2025-07-25T07:30:07.335348,huobi,3.07853,3.07913,162.0,162.0
2025-07-25T07:30:07.435464,huobi,3.07758,3.07895,238.0,731.42
2025-07-25T07:30:07.534826,huobi,3.07888,3.07895,378.0,731.42
2025-07-25T07:30:07.636623,huobi,3.07894,3.07895,1064.4,731.42
2025-07-25T07:30:07.736097,huobi,3.07957,3.07988,378.0,378.0
2025-07-25T07:30:07.837802,huobi,3.07983,3.08084,378.0,162.0
2025-07-25T07:30:07.936278,huobi,3.07983,3.08019,378.0,162.0
2025-07-25T07:30:07.969202,bitrue,3.0781,3.0782,87447.4,22247.7
2025-07-25T07:30:08.035869,huobi,3.08003,3.08026,378.0,378.0
2025-07-25T07:30:08.139934,huobi,3.08008,3.08026,378.0,378.0
2025-07-25T07:30:08.236928,huobi,3.08018,3.08042,378.0,378.0
2025-07-25T07:30:08.436226,huobi,3.0805,3.0809,162.0,378.0
2025-07-25T07:30:08.537683,huobi,3.08061,3.0809,162.0,378.0
2025-07-25T07:30:08.736719,huobi,3.08061,3.08062,455.61,378.0
2025-07-25T07:30:09.018842,bitrue,3.0804,3.0805,58441.2,25336.6
2025-07-25T07:30:09.061720,huobi,3.08065,3.08121,378.0,100.0
2025-07-25T07:30:09.133585,huobi,3.08066,3.08091,162.0,378.0
2025-07-25T07:30:09.234946,huobi,3.08066,3.08106,162.0,378.0
2025-07-25T07:30:09.338050,huobi,3.08087,3.08111,293.29,378.0
2025-07-25T07:30:09.434734,huobi,3.08095,3.08121,378.0,100.0
2025-07-25T07:30:09.539619,huobi,3.08112,3.08121,162.0,100.0
2025-07-25T07:30:09.636209,huobi,3.0812,3.08121,444.38,100.0
2025-07-25T07:30:09.735109,huobi,3.0812,3.08121,540.0,100.0
2025-07-25T07:30:09.835043,huobi,3.0812,3.08121,162.0,100.0
2025-07-25T07:30:09.934212,huobi,3.0812,3.08121,452.8,100.0
2025-07-25T07:30:10.034241,huobi,3.0812,3.08121,830.8,100.0
2025-07-25T07:30:10.234087,huobi,3.0812,3.08121,1068.8,100.0
2025-07-25T07:30:10.335569,huobi,3.0812,3.08121,1773.03,100.0
2025-07-25T07:30:10.435565,huobi,3.08193,3.08211,378.0,540.0
2025-07-25T07:30:10.535718,huobi,3.08194,3.08234,238.0,162.0
2025-07-25T07:30:10.638408,huobi,3.08215,3.08237,378.0,378.0
2025-07-25T07:30:10.737045,huobi,3.0821,3.08237,378.0,378.0
2025-07-25T07:30:10.835359,huobi,3.0821,3.08255,378.0,378.0
2025-07-25T07:30:10.934638,huobi,3.08227,3.08241,378.0,378.0
2025-07-25T07:30:11.033773,huobi,3.08227,3.08255,378.0,162.0
2025-07-25T07:30:11.114429,bitrue,3.0816,3.0817,71958.1,63235.1
2025-07-25T07:30:11.136040,huobi,3.08227,3.08242,378.0,287.99
2025-07-25T07:30:11.234322,huobi,3.08242,3.08248,378.0,162.0
2025-07-25T07:30:11.333925,huobi,3.08242,3.08244,378.0,162.0
2025-07-25T07:30:11.435180,huobi,3.08185,3.08233,378.0,294.02
2025-07-25T07:30:11.534622,huobi,3.08206,3.08222,378.0,162.0
2025-07-25T07:30:11.636961,huobi,3.08237,3.08255,378.0,378.0
2025-07-25T07:30:11.755010,huobi,3.08227,3.08243,378.0,162.0
2025-07-25T07:30:11.833596,huobi,3.08239,3.08257,378.0,378.0
2025-07-25T07:30:11.939511,huobi,3.08229,3.08257,378.0,378.0
2025-07-25T07:30:12.033885,huobi,3.08229,3.08262,378.0,378.0
2025-07-25T07:30:12.133615,huobi,3.08229,3.08258,378.0,162.0
2025-07-25T07:30:12.163272,bitrue,3.0816,3.0817,71958.1,63235.1
2025-07-25T07:30:12.234959,huobi,3.08219,3.08238,378.0,378.0
2025-07-25T07:30:12.335370,huobi,3.08196,3.08219,378.0,378.0
2025-07-25T07:30:12.434101,huobi,3.08205,3.08217,378.0,162.0
2025-07-25T07:30:12.534052,huobi,3.08194,3.08199,162.0,378.0
2025-07-25T07:30:12.634081,huobi,3.08175,3.08193,378.0,378.0
2025-07-25T07:30:12.734469,huobi,3.08185,3.08195,378.0,162.0
2025-07-25T07:30:12.835286,huobi,3.08194,3.08195,378.0,162.0
2025-07-25T07:30:13.038807,huobi,3.08194,3.08195,378.0,175.85
2025-07-25T07:30:13.211116,bitrue,3.0825,3.0826,10927.3,9939.6
2025-07-25T07:30:13.236254,huobi,3.08225,3.08332,378.0,378.0
2025-07-25T07:30:13.335011,huobi,3.08225,3.08226,1155.39,61.0
2025-07-25T07:30:13.439835,huobi,3.08247,3.08276,378.0,162.0
2025-07-25T07:30:13.535539,huobi,3.08247,3.08264,378.0,378.0
2025-07-25T07:30:13.633961,huobi,3.08247,3.08263,378.0,162.0
2025-07-25T07:30:13.734513,huobi,3.08231,3.08259,290.64,378.0
2025-07-25T07:30:13.834131,huobi,3.08242,3.08258,378.0,162.0
2025-07-25T07:30:14.435299,huobi,3.08245,3.08362,616.0,238.0
2025-07-25T07:30:14.534477,huobi,3.08257,3.08332,238.0,238.0
2025-07-25T07:30:14.634874,huobi,3.08259,3.08302,378.0,378.0
2025-07-25T07:30:14.733916,huobi,3.08264,3.08276,288.66,378.0
2025-07-25T07:30:14.835360,huobi,3.08252,3.08302,540.0,13.85
2025-07-25T07:30:14.935316,huobi,3.08258,3.08302,378.0,13.85
2025-07-25T07:30:15.035334,huobi,3.08292,3.08302,292.97,13.85
2025-07-25T07:30:15.135695,huobi,3.083,3.08333,285.94,162.0
2025-07-25T07:30:15.234893,huobi,3.0826,3.08318,162.0,378.0
2025-07-25T07:30:15.295703,bitrue,3.0826,3.0827,76046.9,16202.6
2025-07-25T07:30:15.333961,huobi,3.0826,3.08323,162.0,428.16
2025-07-25T07:30:15.435986,huobi,3.08297,3.08316,290.11,378.0
2025-07-25T07:30:15.534523,huobi,3.08267,3.08301,162.0,294.07
2025-07-25T07:30:15.635241,huobi,3.08267,3.08268,223.0,378.0
2025-07-25T07:30:15.834925,huobi,3.08225,3.08238,162.0,378.0
2025-07-25T07:30:15.933717,huobi,3.08225,3.08233,162.0,238.0
2025-07-25T07:30:16.033684,huobi,3.08229,3.08231,162.0,391.85
2025-07-25T07:30:16.133386,huobi,3.08229,3.08237,162.0,414.31
2025-07-25T07:30:16.334104,huobi,3.08229,3.08236,540.0,13.85
2025-07-25T07:30:16.433284,huobi,3.08229,3.0823,162.0,378.0
2025-07-25T07:30:16.535967,huobi,3.08126,3.08183,616.0,378.0
2025-07-25T07:30:16.634537,huobi,3.08128,3.08183,500.0,378.0
2025-07-25T07:30:16.735942,huobi,3.08138,3.08196,238.0,391.85
2025-07-25T07:30:16.835409,huobi,3.08169,3.08196,162.0,414.31
2025-07-25T07:30:16.935040,huobi,3.08169,3.08193,540.0,238.0
2025-07-25T07:30:17.052585,huobi,3.08169,3.08229,162.0,238.0
2025-07-25T07:30:17.134343,huobi,3.08208,3.08213,284.07,378.0
2025-07-25T07:30:17.233542,huobi,3.082,3.08201,162.0,378.0
2025-07-25T07:30:17.334174,huobi,3.0817,3.08188,162.0,378.0
2025-07-25T07:30:17.387443,bitrue,3.0828,3.0829,12953.7,12867.9
2025-07-25T07:30:17.434305,huobi,3.08171,3.08185,162.0,238.0
2025-07-25T07:30:17.534410,huobi,3.08144,3.08156,540.0,282.3
2025-07-25T07:30:17.633838,huobi,3.08144,3.08171,540.0,378.0
2025-07-25T07:30:17.735287,huobi,3.08121,3.0814,283.82,378.0
2025-07-25T07:30:17.835447,huobi,3.08122,3.08136,540.0,286.71
2025-07-25T07:30:18.134173,huobi,3.08122,3.08135,540.0,13.85
2025-07-25T07:30:18.234313,huobi,3.08117,3.08124,100.0,238.0
2025-07-25T07:30:18.335703,huobi,3.08059,3.08088,162.0,378.0
2025-07-25T07:30:18.436551,huobi,3.08003,3.08075,162.0,238.0
2025-07-25T07:30:18.535665,huobi,3.08003,3.08074,540.0,378.0
2025-07-25T07:30:18.635966,huobi,3.08003,3.08039,162.0,378.0
2025-07-25T07:30:18.735405,huobi,3.07934,3.08022,238.0,238.0
2025-07-25T07:30:18.836194,huobi,3.07936,3.08092,540.0,378.0
2025-07-25T07:30:18.934909,huobi,3.08014,3.08082,540.0,414.31
2025-07-25T07:30:19.034280,huobi,3.08014,3.08078,540.0,378.0
2025-07-25T07:30:19.133747,huobi,3.08014,3.08046,540.0,296.53
2025-07-25T07:30:19.334378,huobi,3.08014,3.08029,540.0,281.18
2025-07-25T07:30:19.434898,huobi,3.08014,3.08029,540.0,659.18
2025-07-25T07:30:19.474862,bitrue,3.0811,3.0812,10558.5,54325.4
2025-07-25T07:30:19.534736,huobi,3.07944,3.07993,378.0,271.2
2025-07-25T07:30:19.636529,huobi,3.07954,3.07992,657.71,414.31
2025-07-25T07:30:19.734811,huobi,3.07954,3.07992,378.0,414.31
2025-07-25T07:30:19.855911,huobi,3.07955,3.07992,378.0,414.31
2025-07-25T07:30:19.937689,huobi,3.07984,3.08022,238.0,162.0
2025-07-25T07:30:20.035761,huobi,3.07991,3.08022,616.0,162.0
2025-07-25T07:30:20.134556,huobi,3.07991,3.08021,616.0,414.31
2025-07-25T07:30:20.234430,huobi,3.07992,3.08021,540.0,414.31
2025-07-25T07:30:20.434076,huobi,3.07992,3.08019,540.0,414.31
2025-07-25T07:30:20.539583,huobi,3.07902,3.08003,500.0,378.0
2025-07-25T07:30:20.634875,huobi,3.07932,3.07992,616.0,13.85
2025-07-25T07:30:20.734822,huobi,3.07935,3.07974,540.0,13.85
2025-07-25T07:30:20.834177,huobi,3.07938,3.07974,540.0,13.85
2025-07-25T07:30:20.934194,huobi,3.07938,3.07973,540.0,414.31
2025-07-25T07:30:21.335307,huobi,3.07949,3.0803,238.0,378.0
2025-07-25T07:30:21.435001,huobi,3.07953,3.08023,162.0,414.31
2025-07-25T07:30:21.537152,huobi,3.07972,3.0802,238.0,391.85
2025-07-25T07:30:21.570441,bitrue,3.0803,3.0804,22799.4,9156.2
2025-07-25T07:30:21.634461,huobi,3.07992,3.08018,286.54,540.0
2025-07-25T07:30:21.735399,huobi,3.07992,3.08016,664.54,13.85
2025-07-25T07:30:22.034430,huobi,3.07992,3.08015,664.54,414.31
2025-07-25T07:30:22.135712,huobi,3.08003,3.08071,378.0,162.0
2025-07-25T07:30:22.235255,huobi,3.08016,3.08071,439.0,162.0
2025-07-25T07:30:22.334947,huobi,3.08016,3.08056,61.0,378.0
2025-07-25T07:30:22.435670,huobi,3.08027,3.08032,162.0,378.0
2025-07-25T07:30:22.533674,huobi,3.08027,3.08043,540.0,287.49
2025-07-25T07:30:22.633553,huobi,3.08027,3.08087,540.0,378.0
2025-07-25T07:30:23.036835,huobi,3.08058,3.0814,295.37,378.0
2025-07-25T07:30:23.136511,huobi,3.0806,3.08147,616.0,378.0
2025-07-25T07:30:23.234856,huobi,3.08022,3.08114,238.0,238.0
2025-07-25T07:30:23.334321,huobi,3.08044,3.08094,162.0,378.0
2025-07-25T07:30:23.438031,huobi,3.08072,3.0816,162.0,238.0
2025-07-25T07:30:23.534614,huobi,3.08095,3.0816,652.81,238.0
2025-07-25T07:30:23.633988,huobi,3.08096,3.0813,162.0,378.0
2025-07-25T07:30:23.660432,bitrue,3.0806,3.0807,48943.4,14106.6
2025-07-25T07:30:23.734819,huobi,3.08083,3.08084,223.0,378.0
2025-07-25T07:30:23.835313,huobi,3.08083,3.08084,61.0,540.0
2025-07-25T07:30:23.936863,huobi,3.08026,3.08045,378.0,298.68
2025-07-25T07:30:24.035433,huobi,3.08027,3.08045,540.0,298.68
2025-07-25T07:30:24.135195,huobi,3.08001,3.08027,540.0,293.31
2025-07-25T07:30:24.236689,huobi,3.08001,3.08021,540.0,414.31
2025-07-25T07:30:24.333646,huobi,3.08001,3.0802,540.0,13.85
2025-07-25T07:30:24.435639,huobi,3.08001,3.08084,540.0,61.0
2025-07-25T07:30:24.534482,huobi,3.08054,3.08086,660.11,378.0
2025-07-25T07:30:24.634228,huobi,3.08054,3.08086,378.0,378.0
2025-07-25T07:30:24.733675,huobi,3.08054,3.08069,378.0,13.85
2025-07-25T07:30:24.833720,huobi,3.08061,3.08069,657.13,13.85
2025-07-25T07:30:24.934523,huobi,3.08064,3.08094,238.0,162.0
2025-07-25T07:30:25.034081,huobi,3.08088,3.08117,665.42,378.0
2025-07-25T07:30:25.134160,huobi,3.08088,3.08116,378.0,13.85
2025-07-25T07:30:25.255949,huobi,3.08089,3.08153,616.0,663.56
2025-07-25T07:30:25.334404,huobi,3.08118,3.08184,651.29,378.0
2025-07-25T07:30:25.433342,huobi,3.08118,3.08153,273.29,378.0
2025-07-25T07:30:25.533146,huobi,3.08087,3.08129,378.0,378.0
2025-07-25T07:30:25.633358,huobi,3.0809,3.08151,616.0,276.49
2025-07-25T07:30:25.733587,huobi,3.0809,3.0816,616.0,378.0
2025-07-25T07:30:25.754868,bitrue,3.0805,3.0806,46214.0,24785.8
2025-07-25T07:30:25.833142,huobi,3.08125,3.08164,651.47,378.0
2025-07-25T07:30:25.934104,huobi,3.08132,3.08163,299.11,378.0
2025-07-25T07:30:26.033888,huobi,3.08132,3.08169,299.11,378.0
2025-07-25T07:30:26.135349,huobi,3.08072,3.08137,616.0,378.0
2025-07-25T07:30:26.236115,huobi,3.08104,3.08202,238.0,378.0
2025-07-25T07:30:26.335365,huobi,3.08132,3.082,616.0,238.0
2025-07-25T07:30:26.436747,huobi,3.08161,3.0817,281.63,162.0
2025-07-25T07:30:26.634296,huobi,3.08167,3.08181,285.02,162.0
2025-07-25T07:30:26.734150,huobi,3.08167,3.0818,285.02,378.0
2025-07-25T07:30:26.801344,bitrue,3.0816,3.0817,26582.9,27004.0
2025-07-25T07:30:26.833178,huobi,3.08167,3.08181,285.02,162.0
2025-07-25T07:30:27.135712,huobi,3.08186,3.0822,291.1,378.0
2025-07-25T07:30:27.235458,huobi,3.08194,3.0822,655.57,378.0
2025-07-25T07:30:27.434995,huobi,3.08181,3.08193,162.0,378.0
2025-07-25T07:30:27.534051,huobi,3.0818,3.08181,223.0,378.0
2025-07-25T07:30:27.635863,huobi,3.0804,3.08151,378.0,378.0
2025-07-25T07:30:27.734301,huobi,3.08068,3.0811,162.0,378.0
2025-07-25T07:30:27.833547,huobi,3.08093,3.08126,540.0,288.94
2025-07-25T07:30:27.846691,bitrue,3.0816,3.0817,26582.9,27004.0
2025-07-25T07:30:27.935220,huobi,3.08093,3.0812,162.0,378.0
2025-07-25T07:30:28.134395,huobi,3.08093,3.08104,162.0,289.39
2025-07-25T07:30:28.333137,huobi,3.08099,3.08104,162.0,289.39
2025-07-25T07:30:28.433069,huobi,3.08099,3.08104,540.0,289.39
2025-07-25T07:30:28.534432,huobi,3.08099,3.081,162.0,291.42
2025-07-25T07:30:28.735055,huobi,3.08,3.08065,85.43,378.0
2025-07-25T07:30:28.836535,huobi,3.08004,3.08065,378.0,378.0
2025-07-25T07:30:28.936310,huobi,3.08005,3.0805,162.0,378.0
2025-07-25T07:30:29.034305,huobi,3.0802,3.08043,540.0,270.93
2025-07-25T07:30:29.134363,huobi,3.0802,3.08063,540.0,13.85
2025-07-25T07:30:29.235488,huobi,3.0802,3.08062,778.0,414.31
2025-07-25T07:30:29.333249,huobi,3.08028,3.08062,540.0,414.31
2025-07-25T07:30:29.434998,huobi,3.08028,3.0805,540.0,293.9
2025-07-25T07:30:29.835556,huobi,3.08039,3.08061,162.0,13.85
2025-07-25T07:30:29.935068,huobi,3.08069,3.08113,540.0,378.0
2025-07-25T07:30:29.942956,bitrue,3.0814,3.0815,38553.8,53894.9
2025-07-25T07:30:30.034697,huobi,3.08083,3.08106,294.96,162.0
2025-07-25T07:30:30.134601,huobi,3.08083,3.08084,61.0,811.42
2025-07-25T07:30:30.234498,huobi,3.08015,3.08063,540.0,378.0
2025-07-25T07:30:30.333835,huobi,3.08057,3.08063,162.0,378.0
2025-07-25T07:30:30.433725,huobi,3.08057,3.08097,162.0,414.31
2025-07-25T07:30:30.533764,huobi,3.08057,3.08097,540.0,414.31
2025-07-25T07:30:30.633600,huobi,3.08057,3.08095,540.0,414.31
2025-07-25T07:30:30.733337,huobi,3.08065,3.08104,778.0,291.54
2025-07-25T07:30:30.833276,huobi,3.0807,3.08108,238.0,391.85
2025-07-25T07:30:30.933003,huobi,3.08073,3.08106,540.0,378.0
2025-07-25T07:30:30.986951,bitrue,3.0811,3.0812,11713.0,90808.6
2025-07-25T07:30:31.033554,huobi,3.08073,3.08096,540.0,296.12
2025-07-25T07:30:31.134261,huobi,3.08073,3.08087,162.0,378.0
2025-07-25T07:30:31.233714,huobi,3.08073,3.08086,162.0,428.16
2025-07-25T07:30:31.334196,huobi,3.08073,3.08086,162.0,13.85
2025-07-25T07:30:31.434167,huobi,3.08073,3.08086,540.0,13.85
2025-07-25T07:30:31.533657,huobi,3.0808,3.08086,540.0,13.85
2025-07-25T07:30:31.833925,huobi,3.0808,3.08116,540.0,378.0
2025-07-25T07:30:31.933548,huobi,3.0808,3.08105,540.0,13.85
2025-07-25T07:30:32.033909,huobi,3.08082,3.08125,162.0,414.31
2025-07-25T07:30:32.133660,huobi,3.08122,3.08136,61.0,378.0
2025-07-25T07:30:32.537461,huobi,3.08021,3.08093,238.0,378.0
2025-07-25T07:30:32.634674,huobi,3.0804,3.08117,238.0,238.0
2025-07-25T07:30:32.733689,huobi,3.08085,3.08132,664.76,162.0
2025-07-25T07:30:32.833476,huobi,3.08085,3.08121,664.76,378.0
2025-07-25T07:30:32.937941,huobi,3.08085,3.08103,664.76,378.0
2025-07-25T07:30:33.032801,huobi,3.08087,3.08111,540.0,13.85
2025-07-25T07:30:33.082123,bitrue,3.0817,3.0818,9996.5,21705.6
2025-07-25T07:30:33.133009,huobi,3.08087,3.08106,540.0,378.0
2025-07-25T07:30:33.233435,huobi,3.08098,3.08111,162.0,13.85
2025-07-25T07:30:34.223909,huobi,3.08098,3.08109,540.0,378.0
2025-07-25T07:30:34.223989,huobi,3.08098,3.08099,162.0,378.0
2025-07-25T07:30:34.224062,huobi,3.08098,3.08099,162.0,298.82
2025-07-25T07:30:34.224182,huobi,3.08013,3.08063,238.0,378.0
2025-07-25T07:30:34.224276,huobi,3.08016,3.08075,162.0,378.0
2025-07-25T07:30:34.224391,huobi,3.08019,3.08075,162.0,378.0
2025-07-25T07:30:34.224476,huobi,3.08019,3.0806,540.0,378.0
2025-07-25T07:30:34.224580,huobi,3.0807,3.08175,162.0,238.0
2025-07-25T07:30:34.234088,huobi,3.0807,3.08109,540.0,378.0
2025-07-25T07:30:34.333449,huobi,3.0807,3.08101,540.0,286.16
2025-07-25T07:30:34.433376,huobi,3.0807,3.081,540.0,378.0
2025-07-25T07:30:34.533644,huobi,3.08086,3.08098,540.0,378.0
2025-07-25T07:30:34.733166,huobi,3.08086,3.08099,540.0,13.85
2025-07-25T07:30:35.235073,huobi,3.08086,3.08098,162.0,378.0
2025-07-25T07:30:35.269589,bitrue,3.0812,3.0813,34015.4,9893.5
2025-07-25T07:30:35.733110,huobi,3.08086,3.08098,540.0,378.0
2025-07-25T07:30:35.934953,huobi,3.08086,3.081,540.0,13.85
2025-07-25T07:30:36.434089,huobi,3.08086,3.08099,540.0,378.0
2025-07-25T07:30:36.535525,huobi,3.08086,3.08099,162.0,378.0
2025-07-25T07:30:36.636541,huobi,3.08086,3.08087,162.0,378.0
2025-07-25T07:30:37.133943,huobi,3.08086,3.08087,933.33,378.0
2025-07-25T07:30:37.232807,huobi,3.08086,3.08093,933.33,378.0
2025-07-25T07:30:37.832854,huobi,3.08038,3.08072,540.0,378.0
2025-07-25T07:30:37.933251,huobi,3.08046,3.08072,162.0,378.0
2025-07-25T07:30:38.033215,huobi,3.08046,3.08079,540.0,298.93
2025-07-25T07:30:38.133296,huobi,3.08046,3.08078,540.0,13.85
2025-07-25T07:30:38.235631,huobi,3.08001,3.08035,540.0,378.0
2025-07-25T07:30:38.335605,huobi,3.08001,3.08046,162.0,378.0
2025-07-25T07:30:38.435342,huobi,3.08,3.08063,85.43,238.0
2025-07-25T07:30:38.535376,huobi,3.08013,3.08038,162.0,378.0
2025-07-25T07:30:38.634566,huobi,3.08013,3.08038,540.0,378.0
2025-07-25T07:30:38.734677,huobi,3.08013,3.08034,540.0,284.93
2025-07-25T07:30:39.137948,huobi,3.08013,3.08033,540.0,414.31
2025-07-25T07:30:39.236065,huobi,3.08045,3.08074,500.0,378.0
2025-07-25T07:30:39.334724,huobi,3.08048,3.08074,540.0,378.0
2025-07-25T07:30:39.435435,huobi,3.08048,3.08049,162.0,378.0
2025-07-25T07:30:39.448814,bitrue,3.0804,3.0805,36877.4,25736.4
2025-07-25T07:30:39.535808,huobi,3.08048,3.08049,223.0,378.0
2025-07-25T07:30:39.834801,huobi,3.08002,3.08018,540.0,272.36
2025-07-25T07:30:39.934429,huobi,3.08003,3.0801,540.0,275.22
2025-07-25T07:30:40.034541,huobi,3.08003,3.08004,162.0,648.62
2025-07-25T07:30:40.134369,huobi,3.08003,3.08004,162.0,284.47
2025-07-25T07:30:40.233874,huobi,3.08003,3.08004,540.0,284.47
2025-07-25T07:30:40.334143,huobi,3.08003,3.08004,162.0,284.47
2025-07-25T07:30:40.434338,huobi,3.08003,3.08004,857.63,284.47
2025-07-25T07:30:41.133512,huobi,3.08003,3.08004,857.63,13.85
2025-07-25T07:30:41.233727,huobi,3.08003,3.08004,1573.55,13.85
2025-07-25T07:30:42.234176,huobi,3.08003,3.08004,1573.55,391.85
2025-07-25T07:30:42.335277,huobi,3.08003,3.08004,1411.55,428.16
2025-07-25T07:30:42.434658,huobi,3.08003,3.08004,1411.55,428.16
2025-07-25T07:30:42.835224,huobi,3.08003,3.08004,1411.55,13.85
2025-07-25T07:30:42.942422,huobi,3.08003,3.08004,1811.55,13.85
2025-07-25T07:30:43.035287,huobi,3.08005,3.08065,162.0,414.31
2025-07-25T07:30:43.138366,huobi,3.08011,3.08077,616.0,378.0
2025-07-25T07:30:43.334661,huobi,3.08021,3.08022,616.0,61.0
2025-07-25T07:30:43.434587,huobi,3.08021,3.08061,616.0,162.0
2025-07-25T07:30:43.534827,huobi,3.08034,3.08061,378.0,162.0
2025-07-25T07:30:43.634616,huobi,3.08033,3.08059,270.02,13.85
2025-07-25T07:30:43.733906,huobi,3.08033,3.08078,648.02,378.0
2025-07-25T07:30:43.837909,huobi,3.08002,3.08022,162.0,378.0
2025-07-25T07:30:43.936592,huobi,3.08,3.08001,85.43,378.0
2025-07-25T07:30:44.036126,huobi,3.07894,3.07938,162.0,378.0
2025-07-25T07:30:44.136850,huobi,3.07901,3.07937,162.0,414.31
2025-07-25T07:30:44.262105,huobi,3.07902,3.07933,378.0,13.85
2025-07-25T07:30:44.334568,huobi,3.07906,3.07981,238.0,378.0
2025-07-25T07:30:44.436103,huobi,3.07926,3.07967,378.0,378.0
2025-07-25T07:30:44.534428,huobi,3.07928,3.07966,540.0,414.31
2025-07-25T07:30:44.635598,huobi,3.0794,3.07966,540.0,414.31
2025-07-25T07:30:44.735531,huobi,3.0795,3.07966,540.0,414.31
2025-07-25T07:30:44.835705,huobi,3.07976,3.08,616.0,705.56
2025-07-25T07:30:44.934269,huobi,3.07981,3.08,540.0,705.56
2025-07-25T07:30:45.236458,huobi,3.07996,3.08,657.12,705.56
2025-07-25T07:30:45.333960,huobi,3.07999,3.08,278.09,705.56
2025-07-25T07:30:45.433529,huobi,3.07999,3.08,818.09,705.56
2025-07-25T07:30:45.733461,huobi,3.07999,3.08,162.0,705.56
2025-07-25T07:30:45.748573,bitrue,3.0797,3.0798,52066.7,650.0
2025-07-25T07:30:45.835696,huobi,3.07937,3.0797,378.0,378.0
2025-07-25T07:30:45.934528,huobi,3.07969,3.07998,223.0,238.0
2025-07-25T07:30:46.034932,huobi,3.07969,3.08,223.0,705.56
2025-07-25T07:30:46.135216,huobi,3.07999,3.08,662.42,705.56
2025-07-25T07:30:46.235620,huobi,3.08019,3.08046,162.0,13.85
2025-07-25T07:30:46.337733,huobi,3.08035,3.081,238.0,162.0
2025-07-25T07:30:46.435617,huobi,3.08042,3.08134,238.0,378.0
2025-07-25T07:30:46.535523,huobi,3.08066,3.08116,162.0,378.0
2025-07-25T07:30:46.633988,huobi,3.08068,3.08147,540.0,378.0
2025-07-25T07:30:46.797439,bitrue,3.0808,3.0809,38328.7,23358.2
2025-07-25T07:30:46.834999,huobi,3.08068,3.08212,540.0,378.0
2025-07-25T07:30:47.034958,huobi,3.08068,3.08212,162.0,378.0
2025-07-25T07:30:47.134362,huobi,3.08068,3.08075,162.0,378.0
2025-07-25T07:30:47.334529,huobi,3.08072,3.08073,162.0,669.86
2025-07-25T07:30:47.435198,huobi,3.08043,3.08053,162.0,378.0
2025-07-25T07:30:47.535443,huobi,3.08042,3.08043,61.0,713.83
2025-07-25T07:30:47.733816,huobi,3.08042,3.08043,61.0,727.68
2025-07-25T07:30:47.853085,bitrue,3.0808,3.0809,38328.7,23358.2
2025-07-25T07:30:47.933836,huobi,3.08042,3.08043,735.84,299.52
2025-07-25T07:30:48.033770,huobi,3.08043,3.08071,540.0,13.85
2025-07-25T07:30:48.135134,huobi,3.08052,3.08105,540.0,414.31
2025-07-25T07:30:48.237015,huobi,3.08073,3.08107,616.0,162.0
2025-07-25T07:30:48.336896,huobi,3.08073,3.08108,378.0,378.0
2025-07-25T07:30:48.434253,huobi,3.08073,3.08107,378.0,414.31
2025-07-25T07:30:48.634472,huobi,3.08073,3.0811,378.0,162.0
2025-07-25T07:30:48.734362,huobi,3.08079,3.0814,540.0,378.0
2025-07-25T07:30:48.833662,huobi,3.08079,3.08139,540.0,238.0
2025-07-25T07:30:48.933961,huobi,3.08081,3.081,162.0,378.0
2025-07-25T07:30:49.033236,huobi,3.08081,3.08099,540.0,414.31
2025-07-25T07:30:49.235095,huobi,3.08051,3.08098,162.0,378.0
2025-07-25T07:30:49.334346,huobi,3.08052,3.08066,162.0,378.0
2025-07-25T07:30:49.435076,huobi,3.08065,3.08084,439.0,162.0
2025-07-25T07:30:49.535466,huobi,3.08067,3.08084,540.0,414.31
2025-07-25T07:30:49.956460,bitrue,3.081,3.0811,44852.6,42760.4
2025-07-25T07:30:50.032836,huobi,3.08075,3.08206,616.0,238.0
2025-07-25T07:30:50.134325,huobi,3.08076,3.0814,540.0,378.0
2025-07-25T07:30:50.235286,huobi,3.08076,3.08127,540.0,378.0
2025-07-25T07:30:50.333347,huobi,3.08076,3.08101,540.0,278.62
2025-07-25T07:30:50.433084,huobi,3.08076,3.081,540.0,414.31
2025-07-25T07:30:50.633808,huobi,3.08076,3.08084,162.0,378.0
2025-07-25T07:30:50.733969,huobi,3.08076,3.08081,162.0,378.0
2025-07-25T07:30:50.933699,huobi,3.08076,3.08079,162.0,378.0
2025-07-25T07:30:50.998711,bitrue,3.0811,3.0812,35056.3,43281.9
2025-07-25T07:30:51.137144,huobi,3.08076,3.0808,540.0,414.31
2025-07-25T07:30:51.433622,huobi,3.08076,3.08082,162.0,378.0
2025-07-25T07:30:51.833366,huobi,3.08076,3.08081,540.0,414.31
2025-07-25T07:30:51.933459,huobi,3.08076,3.08081,162.0,414.31
2025-07-25T07:30:52.133037,huobi,3.08076,3.08082,540.0,414.31
2025-07-25T07:30:52.333521,huobi,3.08076,3.08078,162.0,378.0
2025-07-25T07:30:52.434264,huobi,3.08076,3.08077,162.0,414.31
2025-07-25T07:30:52.533540,huobi,3.08076,3.08077,162.0,378.0
2025-07-25T07:30:52.834588,huobi,3.08076,3.08087,162.0,378.0
2025-07-25T07:30:53.033994,huobi,3.08076,3.08077,162.0,378.0
2025-07-25T07:30:53.133893,huobi,3.08076,3.08077,919.39,378.0
2025-07-25T07:30:53.441393,huobi,3.08004,3.08041,540.0,378.0
2025-07-25T07:30:53.534183,huobi,3.08004,3.08045,540.0,278.75
2025-07-25T07:30:53.634910,huobi,3.08032,3.08176,238.0,378.0
2025-07-25T07:30:53.735590,huobi,3.08047,3.08096,540.0,378.0
2025-07-25T07:30:53.933331,huobi,3.08047,3.08076,540.0,272.27
2025-07-25T07:30:54.032745,huobi,3.08051,3.08092,540.0,378.0
2025-07-25T07:30:54.134410,huobi,3.08051,3.08091,540.0,13.85
2025-07-25T07:30:54.235520,huobi,3.08059,3.08093,616.0,414.31
2025-07-25T07:30:54.334658,huobi,3.08068,3.0814,540.0,378.0
2025-07-25T07:30:54.434054,huobi,3.08087,3.08162,616.0,378.0
2025-07-25T07:30:54.534271,huobi,3.08095,3.08139,540.0,280.94
2025-07-25T07:30:54.635987,huobi,3.08101,3.08139,540.0,280.94
2025-07-25T07:30:54.733003,huobi,3.08101,3.08131,540.0,276.41
2025-07-25T07:30:54.832755,huobi,3.08121,3.0816,654.09,378.0
2025-07-25T07:30:54.932617,huobi,3.08122,3.0816,1040.0,378.0
2025-07-25T07:30:55.033290,huobi,3.08122,3.0816,540.0,378.0
2025-07-25T07:30:55.133147,huobi,3.08122,3.08144,540.0,378.0
2025-07-25T07:30:55.192673,bitrue,3.081,3.0811,44852.6,5785.5
2025-07-25T07:30:55.233647,huobi,3.08122,3.08142,162.0,378.0
2025-07-25T07:30:55.338229,huobi,3.08122,3.08132,162.0,378.0
2025-07-25T07:30:55.432905,huobi,3.08122,3.08133,162.0,13.85
2025-07-25T07:30:55.534649,huobi,3.08122,3.08124,162.0,293.71
2025-07-25T07:30:55.633285,huobi,3.08123,3.08124,540.0,293.71
2025-07-25T07:30:56.133186,huobi,3.08123,3.08124,540.0,708.02
2025-07-25T07:30:57.235041,huobi,3.08123,3.08206,540.0,238.0
2025-07-25T07:30:57.284874,bitrue,3.0815,3.0816,21999.6,20858.8
2025-07-25T07:30:57.335276,huobi,3.08151,3.08228,673.81,162.0
2025-07-25T07:30:57.434315,huobi,3.08162,3.08212,666.43,378.0
2025-07-25T07:30:57.534421,huobi,3.08169,3.08203,649.9,293.21
2025-07-25T07:30:57.736367,huobi,3.08169,3.082,649.9,378.0
2025-07-25T07:30:57.833129,huobi,3.07985,3.08146,616.0,238.0
2025-07-25T07:30:57.933108,huobi,3.08014,3.08156,500.0,238.0
2025-07-25T07:30:58.033374,huobi,3.08048,3.08153,238.0,13.85
2025-07-25T07:30:58.133532,huobi,3.08116,3.0814,540.0,284.16
2025-07-25T07:30:58.235098,huobi,3.08116,3.08139,540.0,13.85
2025-07-25T07:30:58.333385,huobi,3.08116,3.08137,540.0,13.85
2025-07-25T07:30:58.434289,huobi,3.08116,3.08136,540.0,378.0
2025-07-25T07:30:58.534158,huobi,3.08116,3.08136,162.0,378.0
2025-07-25T07:30:58.636309,huobi,3.08116,3.08133,162.0,13.85
2025-07-25T07:30:58.734300,huobi,3.08099,3.08109,162.0,276.86
2025-07-25T07:30:59.034126,huobi,3.08099,3.08131,162.0,414.31
2025-07-25T07:30:59.133515,huobi,3.08118,3.08176,540.0,378.0
2025-07-25T07:30:59.234156,huobi,3.08133,3.08162,162.0,378.0
2025-07-25T07:30:59.335446,huobi,3.08133,3.08227,162.0,238.0
2025-07-25T07:30:59.435301,huobi,3.08161,3.082,288.17,378.0
2025-07-25T07:30:59.443351,bitrue,3.0817,3.0818,17628.5,21705.6
2025-07-25T07:30:59.633935,huobi,3.08161,3.08169,288.17,378.0
2025-07-25T07:30:59.773725,huobi,3.08082,3.08168,238.0,283.08
2025-07-25T07:30:59.833072,huobi,3.08145,3.08156,162.0,378.0
2025-07-25T07:30:59.933647,huobi,3.08145,3.08154,844.03,276.56
2025-07-25T07:31:00.043222,huobi,3.08145,3.08152,682.03,162.0
2025-07-25T07:31:00.136729,huobi,3.08145,3.08146,682.03,663.66
2025-07-25T07:31:00.236441,huobi,3.08145,3.08146,682.03,285.66
2025-07-25T07:31:00.334400,huobi,3.08146,3.08188,540.0,378.0
2025-07-25T07:31:00.434678,huobi,3.08149,3.08173,668.31,378.0
2025-07-25T07:31:00.537986,huobi,3.08149,3.08168,668.31,378.0
2025-07-25T07:31:00.633536,huobi,3.0815,3.08171,540.0,270.25
2025-07-25T07:31:00.933214,huobi,3.08159,3.08164,540.0,709.79
2025-07-25T07:31:01.033156,huobi,3.08159,3.0817,540.0,414.31
2025-07-25T07:31:01.136352,huobi,3.08174,3.08226,162.0,378.0
2025-07-25T07:31:01.234467,huobi,3.08174,3.08208,162.0,378.0
2025-07-25T07:31:01.336257,huobi,3.08174,3.08208,540.0,378.0
2025-07-25T07:31:01.434766,huobi,3.08174,3.08194,540.0,378.0
2025-07-25T07:31:01.533839,bitrue,3.0818,3.0819,42186.6,17860.5
2025-07-25T07:31:01.538074,huobi,3.08183,3.08192,720.65,692.22
2025-07-25T07:31:01.635272,huobi,3.08145,3.08146,682.03,616.0
2025-07-25T07:31:01.734212,huobi,3.08145,3.08146,682.03,918.01
2025-07-25T07:31:01.834643,huobi,3.08145,3.08146,682.03,1393.32
2025-07-25T07:31:02.133876,huobi,3.08145,3.08146,682.03,777.32
2025-07-25T07:31:02.536012,huobi,3.08145,3.08146,682.03,1015.32
2025-07-25T07:31:02.736210,huobi,3.08145,3.08146,682.03,777.32
2025-07-25T07:31:03.235914,huobi,3.08145,3.08183,682.03,720.65
2025-07-25T07:31:03.335665,huobi,3.08167,3.08183,238.0,720.65
2025-07-25T07:31:03.435985,huobi,3.08182,3.08183,601.0,720.65
2025-07-25T07:31:03.536252,huobi,3.0819,3.08214,540.0,378.0
2025-07-25T07:31:03.623763,bitrue,3.0815,3.0816,21999.6,11589.8
2025-07-25T07:31:03.635174,huobi,3.0819,3.08191,162.0,378.0
2025-07-25T07:31:03.736338,huobi,3.08118,3.08161,162.0,652.31
2025-07-25T07:31:03.835698,huobi,3.08129,3.08166,540.0,378.0
2025-07-25T07:31:03.935392,huobi,3.08148,3.08164,540.0,291.44
2025-07-25T07:31:04.236044,huobi,3.08148,3.0818,162.0,378.0
2025-07-25T07:31:04.335722,huobi,3.08148,3.08149,162.0,378.0
2025-07-25T07:31:04.437201,huobi,3.08058,3.08119,238.0,378.0
2025-07-25T07:31:04.536833,huobi,3.08093,3.08118,162.0,238.0
2025-07-25T07:31:04.637130,huobi,3.08107,3.08116,162.0,238.0
2025-07-25T07:31:04.670920,bitrue,3.0815,3.0816,21999.6,11589.8
2025-07-25T07:31:04.736154,huobi,3.08107,3.08114,162.0,294.72
2025-07-25T07:31:04.835893,huobi,3.08111,3.08114,162.0,294.72
2025-07-25T07:31:04.935474,huobi,3.08113,3.08211,272.65,378.0
2025-07-25T07:31:05.034665,huobi,3.08134,3.08151,162.0,378.0
2025-07-25T07:31:05.142048,huobi,3.08134,3.08145,162.0,378.0
2025-07-25T07:31:05.234893,huobi,3.0807,3.0813,238.0,378.0
2025-07-25T07:31:05.334508,huobi,3.08117,3.08118,162.0,378.0
2025-07-25T07:31:05.434540,huobi,3.08074,3.08118,2.97,378.0
2025-07-25T07:31:05.536818,huobi,3.08077,3.08118,540.0,616.0
2025-07-25T07:31:05.634604,huobi,3.08085,3.08124,2.97,378.0
2025-07-25T07:31:05.719311,bitrue,3.082,3.0821,16954.1,169874.6
2025-07-25T07:31:05.734091,huobi,3.08095,3.08124,540.0,378.0
2025-07-25T07:31:05.834739,huobi,3.08095,3.08123,162.0,414.31
2025-07-25T07:31:05.934633,huobi,3.08095,3.08122,540.0,378.0
2025-07-25T07:31:06.034729,huobi,3.08106,3.08122,162.0,378.0
2025-07-25T07:31:06.135751,huobi,3.08106,3.08112,162.0,378.0
2025-07-25T07:31:06.234771,huobi,3.08064,3.08107,378.0,629.85
2025-07-25T07:31:06.335308,huobi,3.08068,3.08102,540.0,378.0
2025-07-25T07:31:06.434394,huobi,3.08068,3.08103,540.0,652.31
2025-07-25T07:31:06.535454,huobi,3.08079,3.08103,540.0,414.31
2025-07-25T07:31:06.634147,huobi,3.08079,3.08101,540.0,414.31
2025-07-25T07:31:06.733853,huobi,3.08079,3.08104,540.0,297.72
2025-07-25T07:31:06.767007,bitrue,3.082,3.0821,16954.1,169873.3
2025-07-25T07:31:06.835648,huobi,3.08079,3.08113,540.0,697.07
2025-07-25T07:31:06.938186,huobi,3.08112,3.08113,61.0,697.07
2025-07-25T07:31:07.037329,huobi,3.08112,3.08113,601.0,697.07
2025-07-25T07:31:07.239055,huobi,3.08112,3.0824,1617.2,548.32
2025-07-25T07:31:07.388064,huobi,3.082,3.08222,162.0,100.0
2025-07-25T07:31:07.535262,huobi,3.08208,3.08222,162.0,100.0
2025-07-25T07:31:07.635052,huobi,3.08221,3.08222,540.0,100.0
2025-07-25T07:31:07.735090,huobi,3.08221,3.08222,891.59,100.0
2025-07-25T07:31:07.813064,bitrue,3.0814,3.0815,34382.9,42724.2
2025-07-25T07:31:07.934945,huobi,3.08252,3.08269,378.0,161.8
2025-07-25T07:31:08.035911,huobi,3.08258,3.08269,540.0,161.8
2025-07-25T07:31:08.136173,huobi,3.08262,3.08269,540.0,161.8
2025-07-25T07:31:08.233719,huobi,3.08268,3.08269,828.03,161.8
2025-07-25T07:31:08.335563,huobi,3.08299,3.08376,778.0,162.0
2025-07-25T07:31:08.434447,huobi,3.08299,3.0835,778.0,290.0
2025-07-25T07:31:08.535634,huobi,3.083,3.08348,880.97,378.0
2025-07-25T07:31:08.634434,huobi,3.08322,3.08349,663.77,414.31
2025-07-25T07:31:08.734948,huobi,3.08331,3.08376,297.33,162.0
2025-07-25T07:31:08.835602,huobi,3.08303,3.08345,540.0,378.0
2025-07-25T07:31:08.859982,bitrue,3.0814,3.0815,34382.9,42724.2
2025-07-25T07:31:08.936741,huobi,3.08303,3.08322,540.0,378.0
2025-07-25T07:31:09.036577,huobi,3.08303,3.08325,540.0,378.0
2025-07-25T07:31:09.234697,huobi,3.08303,3.08322,378.0,295.1
2025-07-25T07:31:09.334652,huobi,3.08305,3.08322,540.0,295.1
2025-07-25T07:31:09.434739,huobi,3.08305,3.08409,540.0,378.0
2025-07-25T07:31:09.536049,huobi,3.0831,3.08347,670.01,378.0
2025-07-25T07:31:09.634393,huobi,3.08311,3.08353,540.0,162.0
2025-07-25T07:31:09.834562,huobi,3.08311,3.0834,540.0,281.75
2025-07-25T07:31:09.910130,bitrue,3.0834,3.0835,65898.0,31801.3
2025-07-25T07:31:09.934563,huobi,3.08319,3.08353,667.29,162.0
2025-07-25T07:31:10.034927,huobi,3.08319,3.08352,667.29,13.85
2025-07-25T07:31:10.135206,huobi,3.08335,3.08398,378.0,238.0
2025-07-25T07:31:10.234827,huobi,3.08336,3.08383,540.0,378.0
2025-07-25T07:31:10.435169,huobi,3.08349,3.08381,651.78,378.0
2025-07-25T07:31:10.634703,huobi,3.08363,3.0838,657.37,414.31
2025-07-25T07:31:10.736774,huobi,3.08363,3.08412,657.37,162.0
2025-07-25T07:31:10.837042,huobi,3.08371,3.08407,648.79,378.0
2025-07-25T07:31:10.934260,huobi,3.08392,3.08412,665.55,162.0
2025-07-25T07:31:10.962579,bitrue,3.0838,3.0839,74934.1,27225.6
2025-07-25T07:31:11.133913,huobi,3.084,3.08537,660.01,238.0
2025-07-25T07:31:11.235440,huobi,3.08415,3.08512,670.75,378.0
2025-07-25T07:31:11.340478,huobi,3.08449,3.08491,294.72,378.0
2025-07-25T07:31:11.437356,huobi,3.0846,3.08522,162.0,378.0
2025-07-25T07:31:11.536425,huobi,3.0846,3.08499,540.0,292.86
2025-07-25T07:31:11.635035,huobi,3.08467,3.08522,540.0,378.0
2025-07-25T07:31:11.735637,huobi,3.08477,3.08522,540.0,378.0
2025-07-25T07:31:11.834771,huobi,3.08477,3.08499,540.0,378.0
2025-07-25T07:31:11.936580,huobi,3.08415,3.08455,378.0,378.0
2025-07-25T07:31:12.035058,huobi,3.08454,3.08484,223.0,783.13
2025-07-25T07:31:12.236223,huobi,3.08465,3.08484,162.0,783.13
2025-07-25T07:31:12.334878,huobi,3.08465,3.08483,162.0,378.0
2025-07-25T07:31:12.443177,huobi,3.08375,3.08425,162.0,378.0
2025-07-25T07:31:12.536109,huobi,3.08379,3.08423,162.0,378.0
2025-07-25T07:31:12.636273,huobi,3.08379,3.08397,540.0,378.0
2025-07-25T07:31:12.735726,huobi,3.08362,3.08392,162.0,378.0
2025-07-25T07:31:12.835140,huobi,3.0826,3.08366,238.0,414.31
2025-07-25T07:31:12.934394,huobi,3.0824,3.08375,378.0,297.36
2025-07-25T07:31:13.036970,huobi,3.08365,3.08378,540.0,378.0
2025-07-25T07:31:13.053871,bitrue,3.085,3.0851,41529.3,91379.6
2025-07-25T07:31:13.135399,huobi,3.08365,3.08378,162.0,378.0
2025-07-25T07:31:13.334377,huobi,3.08365,3.08366,162.0,649.83
2025-07-25T07:31:13.435967,huobi,3.08305,3.08336,162.0,238.0
2025-07-25T07:31:13.536836,huobi,3.08305,3.08315,162.0,378.0
2025-07-25T07:31:13.636160,huobi,3.08305,3.08306,162.0,659.5
2025-07-25T07:31:13.737292,huobi,3.0818,3.083,162.0,238.0
2025-07-25T07:31:13.836857,huobi,3.08207,3.08276,238.0,378.0
2025-07-25T07:31:13.935933,huobi,3.0822,3.08291,238.0,378.0
2025-07-25T07:31:14.037582,huobi,3.08279,3.08298,162.0,378.0
2025-07-25T07:31:14.103371,bitrue,3.085,3.0851,41529.3,91379.6
2025-07-25T07:31:14.136125,huobi,3.08292,3.08372,162.0,238.0
2025-07-25T07:31:14.235460,huobi,3.08292,3.08321,162.0,378.0
2025-07-25T07:31:14.335062,huobi,3.08292,3.08319,540.0,378.0
2025-07-25T07:31:14.436356,huobi,3.08304,3.0832,378.0,414.31
2025-07-25T07:31:14.636380,huobi,3.08342,3.08382,378.0,378.0
2025-07-25T07:31:14.779475,huobi,3.08344,3.08354,162.0,378.0
2025-07-25T07:31:14.837743,huobi,3.08351,3.08378,378.0,378.0
2025-07-25T07:31:14.934454,huobi,3.08363,3.08364,378.0,288.61
2025-07-25T07:31:15.137134,huobi,3.08348,3.08355,378.0,278.17
2025-07-25T07:31:15.151529,bitrue,3.0832,3.0833,81549.0,2591.7
2025-07-25T07:31:15.235223,huobi,3.08354,3.08355,162.0,278.17
2025-07-25T07:31:15.336151,huobi,3.08354,3.08355,162.0,378.0
2025-07-25T07:31:15.435136,huobi,3.08354,3.08355,540.0,414.31
2025-07-25T07:31:15.834058,huobi,3.08354,3.08355,875.61,414.31
2025-07-25T07:31:16.237265,huobi,3.08384,3.08416,378.0,162.0
2025-07-25T07:31:16.336268,huobi,3.08391,3.08423,378.0,378.0
2025-07-25T07:31:16.435954,huobi,3.08358,3.08393,378.0,378.0
2025-07-25T07:31:16.535869,huobi,3.08387,3.08423,378.0,378.0
2025-07-25T07:31:16.634350,huobi,3.08367,3.08392,378.0,378.0
2025-07-25T07:31:16.735068,huobi,3.08387,3.0848,378.0,238.0
2025-07-25T07:31:16.834914,huobi,3.08407,3.08423,378.0,378.0
2025-07-25T07:31:16.935213,huobi,3.08402,3.08425,378.0,162.0
2025-07-25T07:31:17.033949,huobi,3.08402,3.08424,378.0,378.0
2025-07-25T07:31:17.134640,huobi,3.08402,3.08425,378.0,162.0
2025-07-25T07:31:17.245364,bitrue,3.0842,3.0843,89741.1,19713.2
2025-07-25T07:31:17.254527,huobi,3.08402,3.08424,378.0,13.85
2025-07-25T07:31:17.336928,huobi,3.08402,3.08424,378.0,414.31
2025-07-25T07:31:17.635094,huobi,3.08402,3.08423,378.0,13.85
2025-07-25T07:31:17.742929,huobi,3.08408,3.08476,238.0,378.0
2025-07-25T07:31:17.837645,huobi,3.08461,3.08481,378.0,378.0
2025-07-25T07:31:17.935621,huobi,3.08408,3.08484,238.0,378.0
2025-07-25T07:31:18.036279,huobi,3.08484,3.085,162.0,378.0
2025-07-25T07:31:18.135861,huobi,3.08484,3.085,540.0,378.0
2025-07-25T07:31:18.235104,huobi,3.08484,3.08521,540.0,378.0
2025-07-25T07:31:18.295042,bitrue,3.0842,3.0843,89741.1,19713.2
2025-07-25T07:31:18.335944,huobi,3.08502,3.08521,162.0,378.0
2025-07-25T07:31:18.436121,huobi,3.08486,3.0849,162.0,378.0
2025-07-25T07:31:18.536157,huobi,3.08486,3.08487,162.0,378.0
2025-07-25T07:31:18.635348,huobi,3.08486,3.08509,540.0,378.0
2025-07-25T07:31:18.736898,huobi,3.08491,3.08512,652.17,378.0
2025-07-25T07:31:18.835135,huobi,3.08491,3.08534,652.17,100.0
2025-07-25T07:31:18.935025,huobi,3.08491,3.08523,652.17,378.0
2025-07-25T07:31:19.036348,huobi,3.08492,3.08512,540.0,378.0
2025-07-25T07:31:19.134185,huobi,3.08507,3.08529,162.0,378.0
2025-07-25T07:31:19.237232,huobi,3.08507,3.08533,540.0,378.0
2025-07-25T07:31:19.337112,huobi,3.08518,3.08534,540.0,100.0
2025-07-25T07:31:19.343330,bitrue,3.0852,3.0853,92336.9,1593.3
2025-07-25T07:31:19.435337,huobi,3.08518,3.08519,162.0,378.0
2025-07-25T07:31:19.535434,huobi,3.08518,3.08519,162.0,792.31
2025-07-25T07:31:19.634497,huobi,3.08518,3.08519,934.61,1030.31
2025-07-25T07:31:19.734518,huobi,3.08518,3.08519,934.61,1070.08
2025-07-25T07:31:19.836648,huobi,3.08518,3.08519,1705.14,792.31
2025-07-25T07:31:20.238332,huobi,3.08518,3.08519,2478.87,792.31
2025-07-25T07:31:20.533663,huobi,3.08518,3.08519,2316.87,1099.46
2025-07-25T07:31:20.636227,huobi,3.08518,3.08519,2316.87,1499.46
2025-07-25T07:31:21.035028,huobi,3.08456,3.08484,378.0,520.18
2025-07-25T07:31:21.135020,huobi,3.08457,3.08475,540.0,378.0
2025-07-25T07:31:21.235430,huobi,3.08457,3.08484,162.0,520.18
2025-07-25T07:31:21.335217,huobi,3.08457,3.08469,162.0,378.0
2025-07-25T07:31:21.436167,bitrue,3.0854,3.0855,43658.7,14869.4
2025-07-25T07:31:21.436488,huobi,3.08464,3.08484,162.0,282.18
2025-07-25T07:31:21.533892,huobi,3.08464,3.08468,162.0,378.0
2025-07-25T07:31:21.635156,huobi,3.08464,3.08474,162.0,298.21
2025-07-25T07:31:21.735724,huobi,3.08484,3.08519,289.52,61.0
2025-07-25T07:31:21.835634,huobi,3.08485,3.08519,162.0,61.0
2025-07-25T07:31:21.934835,huobi,3.08485,3.08487,162.0,378.0
2025-07-25T07:31:22.134858,huobi,3.08485,3.08493,540.0,283.44
2025-07-25T07:31:22.234233,huobi,3.08485,3.08492,162.0,378.0
2025-07-25T07:31:22.433876,huobi,3.08485,3.08513,540.0,378.0
2025-07-25T07:31:22.637377,huobi,3.08485,3.0851,162.0,238.0
2025-07-25T07:31:22.734850,huobi,3.08485,3.08486,162.0,792.31
2025-07-25T07:31:22.836946,huobi,3.08485,3.08486,162.0,378.0
2025-07-25T07:31:22.934725,huobi,3.08485,3.085,540.0,378.0
2025-07-25T07:31:23.033540,huobi,3.08485,3.08519,540.0,61.0
2025-07-25T07:31:23.134850,huobi,3.08485,3.08511,540.0,378.0
2025-07-25T07:31:23.236383,huobi,3.08485,3.08519,540.0,61.0
2025-07-25T07:31:23.337004,huobi,3.0853,3.08531,61.0,378.0
2025-07-25T07:31:23.437991,huobi,3.08533,3.08534,540.0,42.24
2025-07-25T07:31:23.530452,bitrue,3.0851,3.0852,58690.3,20316.9
2025-07-25T07:31:23.635496,huobi,3.08533,3.08534,886.99,42.24
2025-07-25T07:31:23.840156,huobi,3.08533,3.08534,508.99,420.24
2025-07-25T07:31:23.936717,huobi,3.08533,3.08534,508.99,42.24
2025-07-25T07:31:24.035145,huobi,3.08533,3.08534,508.99,420.24
2025-07-25T07:31:24.535619,huobi,3.0853,3.08531,61.0,378.0
2025-07-25T07:31:24.581270,bitrue,3.0859,3.086,10680.3,9288.8
2025-07-25T07:31:24.636981,huobi,3.08533,3.08534,223.0,42.24
2025-07-25T07:31:24.833846,huobi,3.08533,3.08534,518.21,420.24
2025-07-25T07:31:25.136246,huobi,3.08533,3.08534,1279.53,420.24
2025-07-25T07:31:25.336529,huobi,3.08421,3.08468,616.0,378.0
2025-07-25T07:31:25.436532,huobi,3.0843,3.085,238.0,378.0
2025-07-25T07:31:25.535131,huobi,3.08487,3.08528,288.61,238.0
2025-07-25T07:31:25.635649,huobi,3.08445,3.085,162.0,378.0
2025-07-25T07:31:25.734641,huobi,3.08453,3.08503,500.0,378.0
2025-07-25T07:31:25.834263,huobi,3.0846,3.08497,378.0,378.0
2025-07-25T07:31:25.933938,huobi,3.08496,3.08508,287.59,378.0
2025-07-25T07:31:26.134421,huobi,3.08496,3.08497,287.59,378.0
2025-07-25T07:31:26.335325,huobi,3.08464,3.08511,378.0,162.0
2025-07-25T07:31:26.434905,huobi,3.08507,3.08508,278.43,540.0
2025-07-25T07:31:26.534087,huobi,3.08507,3.08508,1047.18,540.0
2025-07-25T07:31:26.636649,huobi,3.08507,3.08508,768.75,540.0
2025-07-25T07:31:26.938891,huobi,3.08414,3.08508,378.0,968.16
2025-07-25T07:31:27.038457,huobi,3.08419,3.08456,500.0,378.0
2025-07-25T07:31:27.134579,huobi,3.08429,3.08456,500.0,378.0
2025-07-25T07:31:27.234108,huobi,3.08465,3.08481,540.0,378.0
2025-07-25T07:31:27.336092,huobi,3.08494,3.08507,378.0,162.0
2025-07-25T07:31:27.435430,huobi,3.08495,3.08531,540.0,378.0
2025-07-25T07:31:27.536946,huobi,3.08511,3.08534,238.0,42.24
2025-07-25T07:31:27.635449,huobi,3.08551,3.08553,162.0,485.41
2025-07-25T07:31:27.718713,bitrue,3.0854,3.0855,34009.6,24440.0
2025-07-25T07:31:27.736341,huobi,3.08552,3.08553,1512.86,485.41
2025-07-25T07:31:27.835288,huobi,3.08552,3.08553,1573.86,485.41
2025-07-25T07:31:27.934379,huobi,3.08552,3.08553,1811.86,485.41
2025-07-25T07:31:28.037723,huobi,3.08608,3.08621,650.37,378.0
2025-07-25T07:31:28.135042,huobi,3.08608,3.0862,650.37,162.0
2025-07-25T07:31:28.234719,huobi,3.0857,3.08609,616.0,378.0
2025-07-25T07:31:28.334329,huobi,3.08571,3.08609,1040.0,378.0
2025-07-25T07:31:28.435984,huobi,3.08571,3.08601,1040.0,378.0
2025-07-25T07:31:28.534614,huobi,3.08593,3.08612,540.0,378.0
2025-07-25T07:31:28.635059,huobi,3.08593,3.08601,162.0,378.0
2025-07-25T07:31:28.735984,huobi,3.08435,3.08546,238.0,428.16
2025-07-25T07:31:28.773382,bitrue,3.0864,3.0865,43920.2,52080.1
2025-07-25T07:31:28.835429,huobi,3.08451,3.08527,500.0,378.0
2025-07-25T07:31:28.935637,huobi,3.08509,3.08527,55.0,378.0
2025-07-25T07:31:29.134887,huobi,3.08518,3.086,659.8,162.0
2025-07-25T07:31:29.235490,huobi,3.0851,3.0855,378.0,162.0
2025-07-25T07:31:29.334808,huobi,3.08512,3.08543,378.0,378.0
2025-07-25T07:31:29.435308,huobi,3.08513,3.08543,878.0,378.0
2025-07-25T07:31:29.549765,huobi,3.08529,3.08531,55.0,378.0
2025-07-25T07:31:29.634893,huobi,3.08529,3.08541,433.0,162.0
2025-07-25T07:31:29.834973,huobi,3.08532,3.08536,278.85,378.0
2025-07-25T07:31:30.034383,huobi,3.08532,3.08535,656.85,414.31
2025-07-25T07:31:30.136081,huobi,3.08532,3.08544,711.85,162.0
2025-07-25T07:31:30.235347,huobi,3.08532,3.08571,711.85,378.0
2025-07-25T07:31:30.335763,huobi,3.08541,3.08559,433.0,378.0
2025-07-25T07:31:30.436442,huobi,3.0855,3.08565,650.72,162.0
2025-07-25T07:31:30.534383,huobi,3.0855,3.08556,272.72,540.0
2025-07-25T07:31:30.634506,huobi,3.08521,3.08551,55.0,378.0
2025-07-25T07:31:30.736961,huobi,3.08521,3.08522,55.0,378.0
2025-07-25T07:31:30.934511,huobi,3.08521,3.08522,812.15,378.0
2025-07-25T07:31:31.136366,huobi,3.08472,3.08516,55.0,238.0
2025-07-25T07:31:31.235938,huobi,3.08473,3.085,433.0,238.0
2025-07-25T07:31:31.335034,huobi,3.08485,3.08491,55.0,378.0
2025-07-25T07:31:31.834466,huobi,3.08496,3.08516,298.89,238.0
2025-07-25T07:31:31.906935,bitrue,3.0858,3.0859,47107.5,13841.9
2025-07-25T07:31:31.934926,huobi,3.08496,3.08521,676.89,162.0
2025-07-25T07:31:32.033980,huobi,3.08496,3.08515,676.89,13.85
2025-07-25T07:31:32.135652,huobi,3.08496,3.0851,676.89,658.25
2025-07-25T07:31:32.235848,huobi,3.08496,3.08509,676.89,414.31
2025-07-25T07:31:32.534156,huobi,3.08496,3.08508,298.89,378.0
2025-07-25T07:31:32.634347,huobi,3.0844,3.08498,100.0,378.0
2025-07-25T07:31:32.735147,huobi,3.08497,3.08498,55.0,663.47
2025-07-25T07:31:32.953903,bitrue,3.0853,3.0854,24996.9,19969.0
2025-07-25T07:31:33.135054,huobi,3.08497,3.08522,433.0,61.0
2025-07-25T07:31:33.235058,huobi,3.08497,3.08513,433.0,378.0
2025-07-25T07:31:33.334997,huobi,3.08479,3.08499,433.0,378.0
2025-07-25T07:31:33.433499,huobi,3.08479,3.08483,55.0,378.0
2025-07-25T07:31:33.635396,huobi,3.08442,3.08482,55.0,652.31
2025-07-25T07:31:33.736048,huobi,3.08444,3.0848,433.0,378.0
2025-07-25T07:31:33.835104,huobi,3.08444,3.0845,55.0,378.0
2025-07-25T07:31:33.935194,huobi,3.08444,3.08472,433.0,293.42
2025-07-25T07:31:34.036300,huobi,3.08464,3.08522,500.0,61.0
2025-07-25T07:31:34.136656,huobi,3.08491,3.08522,55.0,61.0
2025-07-25T07:31:35.332984,huobi,3.08506,3.08573,500.0,378.0
2025-07-25T07:31:35.333057,huobi,3.08537,3.08548,55.0,378.0
2025-07-25T07:31:35.333091,huobi,3.08601,3.08662,289.14,378.0
2025-07-25T07:31:35.333128,huobi,3.08601,3.08656,378.0,238.0
2025-07-25T07:31:35.333163,huobi,3.08623,3.0863,676.99,162.0
2025-07-25T07:31:35.333262,huobi,3.08626,3.08663,238.0,162.0
2025-07-25T07:31:35.333295,huobi,3.08628,3.08649,500.0,378.0
2025-07-25T07:31:35.333343,huobi,3.08634,3.08658,378.0,161.0
2025-07-25T07:31:35.333392,huobi,3.0865,3.08658,275.41,161.0
2025-07-25T07:31:35.333425,huobi,3.08657,3.08658,292.0,161.0
2025-07-25T07:31:35.333666,bitrue,3.0857,3.0858,62526.4,35781.9
2025-07-25T07:31:35.635690,huobi,3.08661,3.08664,273.29,100.0
2025-07-25T07:31:35.735662,huobi,3.08663,3.08664,1031.92,100.0
2025-07-25T07:31:35.835375,huobi,3.08663,3.08664,1409.92,100.0
2025-07-25T07:31:35.934772,huobi,3.08663,3.08664,1470.92,100.0
2025-07-25T07:31:36.234213,huobi,3.08663,3.08664,2170.92,100.0
2025-07-25T07:31:36.435579,huobi,3.08669,3.08759,238.0,378.0
2025-07-25T07:31:36.534841,huobi,3.08671,3.08757,500.0,378.0
2025-07-25T07:31:36.636342,huobi,3.08682,3.08726,616.0,378.0
2025-07-25T07:31:36.734578,huobi,3.08719,3.08726,277.83,378.0
2025-07-25T07:31:36.836161,huobi,3.08719,3.08742,277.83,378.0
2025-07-25T07:31:36.934503,huobi,3.08727,3.08742,650.9,378.0
2025-07-25T07:31:37.135309,bitrue,3.0873,3.0874,80082.1,16882.8
2025-07-25T07:31:37.138375,huobi,3.08727,3.08742,272.9,378.0
2025-07-25T07:31:37.238039,huobi,3.08746,3.08812,238.0,378.0
2025-07-25T07:31:37.337936,huobi,3.08757,3.08811,238.0,161.0
2025-07-25T07:31:37.473321,huobi,3.08741,3.08841,61.0,161.0
2025-07-25T07:31:37.537070,huobi,3.08858,3.08894,295.7,238.0
2025-07-25T07:31:37.637760,huobi,3.08858,3.08887,295.7,161.0
2025-07-25T07:31:37.738872,huobi,3.08858,3.08884,673.7,161.0
2025-07-25T07:31:37.835262,huobi,3.08858,3.08881,673.7,161.0
2025-07-25T07:31:37.936351,huobi,3.08858,3.08881,295.7,161.0
2025-07-25T07:31:38.037641,huobi,3.08846,3.08847,61.0,378.0
2025-07-25T07:31:38.236451,huobi,3.08846,3.08847,61.0,616.0
2025-07-25T07:31:38.435443,huobi,3.08846,3.08847,61.0,378.0
2025-07-25T07:31:38.737064,huobi,3.08846,3.08878,61.0,238.0
2025-07-25T07:31:38.835687,huobi,3.08847,3.08848,61.0,378.0
2025-07-25T07:31:38.936032,huobi,3.08683,3.08818,378.0,378.0
2025-07-25T07:31:39.035525,huobi,3.08703,3.08818,378.0,378.0
2025-07-25T07:31:39.134033,huobi,3.08809,3.08818,296.55,378.0
2025-07-25T07:31:39.223764,bitrue,3.089,3.0891,12154.0,65150.8
2025-07-25T07:31:39.735039,huobi,3.08813,3.08818,767.53,378.0
2025-07-25T07:31:39.835397,huobi,3.08809,3.08827,296.55,280.65
2025-07-25T07:31:39.934213,huobi,3.08817,3.08849,293.0,161.0
2025-07-25T07:31:40.036436,huobi,3.08836,3.08861,500.0,161.0
2025-07-25T07:31:40.138258,huobi,3.08844,3.08923,238.0,238.0
2025-07-25T07:31:40.235545,huobi,3.08849,3.08873,61.0,378.0
2025-07-25T07:31:40.339752,huobi,3.08863,3.0887,280.94,161.0
2025-07-25T07:31:40.439655,huobi,3.08863,3.08913,658.94,161.0
2025-07-25T07:31:40.536665,huobi,3.08864,3.08892,238.0,161.0
2025-07-25T07:31:40.653257,huobi,3.08891,3.08905,61.0,378.0
2025-07-25T07:31:40.835729,huobi,3.08904,3.08918,61.0,378.0
2025-07-25T07:31:40.934985,huobi,3.08904,3.08905,61.0,378.0
2025-07-25T07:31:41.035069,huobi,3.08904,3.08993,439.0,161.0
2025-07-25T07:31:41.135125,huobi,3.08905,3.08921,293.3,161.0
2025-07-25T07:31:41.235383,huobi,3.08905,3.08906,293.3,378.0
2025-07-25T07:31:41.335733,huobi,3.08905,3.08959,61.0,238.0
2025-07-25T07:31:41.434629,huobi,3.08905,3.08913,61.0,378.0
2025-07-25T07:31:41.534858,huobi,3.08912,3.08913,61.0,539.0
2025-07-25T07:31:41.635610,huobi,3.08912,3.08913,824.59,539.0
2025-07-25T07:31:41.836257,huobi,3.08912,3.08913,824.59,819.03
2025-07-25T07:31:41.935554,huobi,3.08912,3.08913,824.59,1233.34
2025-07-25T07:31:42.036680,huobi,3.08912,3.08913,824.59,378.0
2025-07-25T07:31:42.134799,huobi,3.08912,3.08937,1120.5,161.0
2025-07-25T07:31:42.234361,huobi,3.08921,3.08937,675.88,161.0
2025-07-25T07:31:42.335303,huobi,3.08922,3.08937,616.0,161.0
2025-07-25T07:31:42.434944,huobi,3.08936,3.08968,439.0,378.0
2025-07-25T07:31:42.534678,huobi,3.08937,3.08979,616.0,378.0
2025-07-25T07:31:42.635014,huobi,3.08937,3.08965,616.0,378.0
2025-07-25T07:31:42.735689,huobi,3.08944,3.08974,666.61,378.0
2025-07-25T07:31:42.835807,huobi,3.08944,3.08969,666.61,161.0
2025-07-25T07:31:42.935226,huobi,3.08946,3.08969,616.0,161.0
2025-07-25T07:31:43.035499,huobi,3.08979,3.08994,667.38,100.0
2025-07-25T07:31:43.135225,huobi,3.08979,3.08994,905.38,100.0
2025-07-25T07:31:43.234755,huobi,3.08987,3.08994,238.0,100.0
2025-07-25T07:31:43.334338,huobi,3.08993,3.08994,657.28,100.0
2025-07-25T07:31:43.417946,bitrue,3.0897,3.0898,59614.4,35587.8
2025-07-25T07:31:43.435681,huobi,3.08993,3.08994,895.28,100.0
2025-07-25T07:31:43.734880,huobi,3.08993,3.08994,279.28,100.0
2025-07-25T07:31:43.836701,huobi,3.08932,3.08994,616.0,100.0
2025-07-25T07:31:43.936016,huobi,3.08933,3.08964,378.0,378.0
2025-07-25T07:31:44.034437,huobi,3.08957,3.08958,289.83,378.0
2025-07-25T07:31:44.138374,huobi,3.08793,3.08958,378.0,378.0
2025-07-25T07:31:44.235400,huobi,3.08806,3.08928,238.0,378.0
2025-07-25T07:31:44.340013,huobi,3.0882,3.08928,378.0,378.0
2025-07-25T07:31:44.440842,huobi,3.0882,3.08897,378.0,378.0
2025-07-25T07:31:44.586130,huobi,3.08864,3.08897,271.59,378.0
2025-07-25T07:31:44.634811,huobi,3.08821,3.08925,378.0,161.0
2025-07-25T07:31:44.740977,huobi,3.08821,3.08964,378.0,378.0
2025-07-25T07:31:44.835825,huobi,3.08936,3.08951,667.32,378.0
2025-07-25T07:31:44.935245,huobi,3.08834,3.08969,238.0,378.0
2025-07-25T07:31:45.035866,huobi,3.08765,3.08988,2.96,378.0
2025-07-25T07:31:45.134600,huobi,3.08887,3.08977,878.0,161.0
2025-07-25T07:31:45.236600,huobi,3.08976,3.08977,285.52,161.0
2025-07-25T07:31:45.334062,huobi,3.08976,3.08977,285.52,539.0
2025-07-25T07:31:45.536409,huobi,3.08976,3.0899,61.0,378.0
2025-07-25T07:31:45.634395,huobi,3.08991,3.08992,283.18,161.0
2025-07-25T07:31:45.736831,huobi,3.08993,3.08994,900.32,100.0
2025-07-25T07:31:45.834402,huobi,3.09055,3.09071,289.7,378.0
2025-07-25T07:31:45.934192,huobi,3.09007,3.09033,238.0,378.0
2025-07-25T07:31:46.034212,huobi,3.08991,3.09062,61.0,161.0
2025-07-25T07:31:46.134871,huobi,3.08992,3.09032,500.0,378.0
2025-07-25T07:31:46.237149,huobi,3.09031,3.09032,61.0,539.0
2025-07-25T07:31:46.336120,huobi,3.09011,3.09012,671.91,378.0
2025-07-25T07:31:46.436347,huobi,3.08974,3.08976,273.83,378.0
2025-07-25T07:31:46.534909,huobi,3.08915,3.08976,378.0,378.0
2025-07-25T07:31:46.561426,bitrue,3.0897,3.0898,59614.4,35587.8
2025-07-25T07:31:46.834256,huobi,3.08924,3.08976,378.0,378.0
2025-07-25T07:31:46.937246,huobi,3.08956,3.08976,274.17,378.0
2025-07-25T07:31:47.135154,huobi,3.08813,3.08941,616.0,378.0
2025-07-25T07:31:47.234532,huobi,3.08841,3.08941,378.0,378.0
2025-07-25T07:31:47.334628,huobi,3.08848,3.08941,878.0,378.0
2025-07-25T07:31:47.436700,huobi,3.08854,3.08909,238.0,378.0
2025-07-25T07:31:47.535839,huobi,3.08763,3.08909,500.0,378.0
2025-07-25T07:31:47.611278,bitrue,3.0908,3.0909,260.5,41979.6
2025-07-25T07:31:47.635247,huobi,3.08885,3.08909,500.0,378.0
2025-07-25T07:31:47.737430,huobi,3.08901,3.08939,54.0,238.0
2025-07-25T07:31:47.836364,huobi,3.08916,3.09005,834.8,238.0
2025-07-25T07:31:47.934902,huobi,3.08916,3.08945,834.8,378.0
2025-07-25T07:31:48.034252,huobi,3.08916,3.08917,1568.57,378.0
2025-07-25T07:31:48.138458,huobi,3.08916,3.08929,1568.57,378.0
2025-07-25T07:31:48.234574,huobi,3.08916,3.08935,1568.57,414.31
2025-07-25T07:31:48.536483,huobi,3.08887,3.08915,432.0,378.0
2025-07-25T07:31:48.736626,huobi,3.08887,3.08888,54.0,378.0
2025-07-25T07:31:48.836370,huobi,3.08887,3.08888,54.0,616.0
2025-07-25T07:31:49.034879,huobi,3.08887,3.08888,802.89,378.0
2025-07-25T07:31:49.135060,huobi,3.08855,3.08857,54.0,378.0
2025-07-25T07:31:49.235942,huobi,3.08855,3.08856,54.0,1354.96
2025-07-25T07:31:49.435141,huobi,3.08855,3.08856,748.81,1354.96
2025-07-25T07:31:49.634383,huobi,3.08855,3.08856,748.81,976.96
2025-07-25T07:31:49.707307,bitrue,3.0897,3.0898,59614.4,24572.1
2025-07-25T07:31:49.735304,huobi,3.08855,3.08856,748.81,738.96
2025-07-25T07:31:50.135075,huobi,3.08855,3.08856,1739.16,738.96
2025-07-25T07:31:50.334415,huobi,3.08855,3.08857,1739.16,378.0
2025-07-25T07:31:50.534137,huobi,3.08855,3.08857,1452.37,378.0
2025-07-25T07:31:50.634734,huobi,3.08856,3.08857,54.0,378.0
2025-07-25T07:31:50.735595,huobi,3.0886,3.08975,432.0,161.0
2025-07-25T07:31:50.757280,bitrue,3.089,3.0898,12154.0,24572.1
2025-07-25T07:31:50.835610,huobi,3.08871,3.08935,378.0,378.0
2025-07-25T07:31:50.935435,huobi,3.08865,3.08904,54.0,378.0
2025-07-25T07:31:51.034716,huobi,3.08892,3.08915,661.57,378.0
2025-07-25T07:31:51.135581,huobi,3.08892,3.08926,378.0,414.31
2025-07-25T07:31:51.234986,huobi,3.08913,3.08942,378.0,378.0
2025-07-25T07:31:51.434579,huobi,3.08913,3.08938,378.0,378.0
2025-07-25T07:31:51.535722,huobi,3.08913,3.08931,378.0,378.0
2025-07-25T07:31:51.634255,huobi,3.08913,3.08936,378.0,391.85
2025-07-25T07:31:51.735295,huobi,3.08913,3.08936,378.0,13.85
2025-07-25T07:31:51.834894,huobi,3.08898,3.08913,290.93,378.0
2025-07-25T07:31:51.850435,bitrue,3.089,3.0891,12154.0,28736.8
2025-07-25T07:31:51.934824,huobi,3.08898,3.08924,290.93,378.0
2025-07-25T07:31:52.033618,huobi,3.08907,3.08929,293.25,378.0
2025-07-25T07:31:52.236383,huobi,3.08907,3.08923,671.25,378.0
2025-07-25T07:31:52.836369,huobi,3.08907,3.08923,293.25,378.0
2025-07-25T07:31:52.901598,bitrue,3.0895,3.0896,55193.3,90316.2
2025-07-25T07:31:53.033606,huobi,3.08907,3.08932,671.25,270.13
2025-07-25T07:31:53.134320,huobi,3.08937,3.08977,652.21,378.0
2025-07-25T07:31:53.236145,huobi,3.08938,3.08971,53.0,378.0
2025-07-25T07:31:53.334119,huobi,3.08948,3.0898,281.3,378.0
2025-07-25T07:31:53.634084,huobi,3.08968,3.08978,282.18,378.0
2025-07-25T07:31:53.934603,huobi,3.0897,3.08973,53.0,378.0
2025-07-25T07:31:54.736344,huobi,3.08836,3.08935,616.0,238.0
2025-07-25T07:31:54.839214,huobi,3.08818,3.08876,500.0,378.0
2025-07-25T07:31:54.935584,huobi,3.0882,3.08876,878.0,378.0
2025-07-25T07:31:54.992315,bitrue,3.0901,3.0902,11684.4,25641.4
2025-07-25T07:31:55.034908,huobi,3.08858,3.08876,270.38,378.0
2025-07-25T07:31:55.335017,huobi,3.08805,3.08859,500.0,378.0
2025-07-25T07:31:55.436249,huobi,3.08804,3.08805,100.0,378.0
2025-07-25T07:31:55.535308,huobi,3.08804,3.08805,790.56,378.0
2025-07-25T07:31:55.637474,huobi,3.08804,3.08805,790.56,1090.49
2025-07-25T07:31:55.736072,huobi,3.0866,3.08768,238.0,288.19
2025-07-25T07:31:55.835481,huobi,3.08629,3.08749,238.0,378.0
2025-07-25T07:31:55.933952,huobi,3.08737,3.08749,299.33,378.0
2025-07-25T07:31:56.035549,huobi,3.08737,3.08749,299.33,328.58
2025-07-25T07:31:56.235109,huobi,3.08623,3.08749,378.0,328.58
2025-07-25T07:31:56.435129,huobi,3.08732,3.08749,276.59,566.58
2025-07-25T07:31:56.535415,huobi,3.08745,3.08799,276.57,616.0
2025-07-25T07:31:56.634822,huobi,3.08763,3.08797,378.0,792.31
2025-07-25T07:31:56.735722,huobi,3.08763,3.08796,378.0,13.85
2025-07-25T07:31:56.838644,huobi,3.08766,3.08794,270.9,391.85
2025-07-25T07:31:56.959651,huobi,3.0869,3.08793,378.0,414.31
2025-07-25T07:31:57.035300,huobi,3.08762,3.08793,378.0,792.31
2025-07-25T07:31:57.083261,bitrue,3.0879,3.088,77705.7,54380.6
2025-07-25T07:31:57.135102,huobi,3.08762,3.08792,378.0,13.85
2025-07-25T07:31:57.234512,huobi,3.08793,3.08894,378.0,238.0
2025-07-25T07:31:57.334574,huobi,3.08781,3.08873,290.55,238.0
2025-07-25T07:31:57.434678,huobi,3.08784,3.08845,378.0,238.0
2025-07-25T07:31:57.534058,huobi,3.08784,3.08802,378.0,658.25
2025-07-25T07:31:57.634444,huobi,3.08784,3.08802,378.0,635.22
2025-07-25T07:31:57.734987,huobi,3.0875,3.08802,378.0,378.0
2025-07-25T07:31:57.834987,huobi,3.08759,3.08801,378.0,391.85
2025-07-25T07:31:57.934863,huobi,3.0879,3.08838,378.0,616.0
2025-07-25T07:31:58.036112,huobi,3.0879,3.08837,378.0,792.31
2025-07-25T07:31:58.134273,huobi,3.0879,3.08808,378.0,656.45
2025-07-25T07:31:58.234454,huobi,3.0879,3.08808,378.0,278.45
2025-07-25T07:31:58.334643,huobi,3.08728,3.08753,378.0,289.32
2025-07-25T07:31:58.535456,huobi,3.08728,3.08752,378.0,13.85
2025-07-25T07:31:58.634679,huobi,3.08751,3.08752,378.0,13.85
2025-07-25T07:31:58.750867,huobi,3.08697,3.08752,238.0,391.85
2025-07-25T07:31:58.835204,huobi,3.08695,3.08752,378.0,680.23
2025-07-25T07:31:58.933979,huobi,3.08695,3.08736,378.0,648.75
2025-07-25T07:31:59.035560,huobi,3.08754,3.08755,378.0,61.0
2025-07-25T07:31:59.434448,huobi,3.08784,3.08886,378.0,238.0
2025-07-25T07:31:59.533976,huobi,3.08774,3.08871,378.0,161.0
2025-07-25T07:31:59.634712,huobi,3.08762,3.08777,378.0,391.85
2025-07-25T07:31:59.734597,huobi,3.08756,3.08777,273.25,13.85
2025-07-25T07:31:59.935648,huobi,3.08764,3.08844,378.0,616.0
2025-07-25T07:32:00.044606,huobi,3.08756,3.08794,273.25,378.0
2025-07-25T07:32:00.136465,huobi,3.08691,3.08762,500.0,616.0
2025-07-25T07:32:00.236374,huobi,3.08678,3.08755,738.0,616.0
2025-07-25T07:32:00.335029,huobi,3.08701,3.08746,238.0,275.01
2025-07-25T07:32:00.435585,huobi,3.08721,3.08746,378.0,275.01
2025-07-25T07:32:00.534771,huobi,3.08721,3.08776,378.0,13.85
2025-07-25T07:32:00.634765,huobi,3.08752,3.08753,378.0,61.0
2025-07-25T07:32:00.734677,huobi,3.08777,3.08807,378.0,13.85
2025-07-25T07:32:00.938405,huobi,3.08771,3.08802,378.0,391.85
2025-07-25T07:32:01.033924,huobi,3.08778,3.08802,276.21,13.85
2025-07-25T07:32:01.134477,huobi,3.08788,3.08802,378.0,391.85
2025-07-25T07:32:01.234206,huobi,3.08788,3.08862,378.0,161.0
