timestamp,symbol,bid,ask,bid_vol,ask_vol
2025-07-24T15:28:39.116525,ETH-USDT,3737.46,3742.27,32.205,53.49
2025-07-24T15:28:39.116724,SOL-USDT,189.232,0.0,0.0,0.0
2025-07-24T15:28:39.116767,BTC-USDT,0.0,118975.8,0.0,5.18055
2025-07-24T15:28:39.260896,ETH-USDT,3737.04,3742.2,0.0,38.79
2025-07-24T15:28:39.262055,SOL-USDT,0.0,189.323,0.0,172.3
2025-07-24T15:28:39.262252,BTC-USDT,118927.0,118975.8,0.0,5.3166
2025-07-24T15:28:39.267055,XRP-USDT,3.2356,3.2362,0.0,11913.0
2025-07-24T15:28:39.571348,ETH-USDT,0.0,3742.07,0.0,0.0
2025-07-24T15:28:39.571515,LTC-USDT,0.0,115.15,0.0,257.0
2025-07-24T15:28:39.572363,SOL-USDT,189.255,189.305,0.0,104.9
2025-07-24T15:28:39.572403,BTC-USDT,0.0,118975.8,0.0,5.13045
2025-07-24T15:28:39.572590,XRP-USDT,3.2355,3.2357,0.0,13400.0
2025-07-24T15:28:39.883017,ETH-USDT,3741.28,3741.06,0.0,97.08
2025-07-24T15:28:39.884802,LTC-USDT,0.0,114.83,0.0,0.0
2025-07-24T15:28:39.884845,SOL-USDT,189.245,189.275,0.0,133.7
2025-07-24T15:28:39.884876,BTC-USDT,0.0,118975.8,0.0,5.4288
2025-07-24T15:28:39.884904,XRP-USDT,3.2345,3.2356,7868.0,7542.0
2025-07-24T15:28:40.203673,LTC-USDT,0.0,114.54,0.0,261.8
2025-07-24T15:28:40.203713,SOL-USDT,189.215,189.27,0.0,233.9
2025-07-24T15:28:40.203751,BTC-USDT,118750.5,118975.8,0.6051,5.4366
2025-07-24T15:28:40.203789,XRP-USDT,3.2345,3.2354,12931.0,5858.0
2025-07-24T15:28:40.512212,ETH-USDT,0.0,3742.06,0.0,0.0
2025-07-24T15:28:40.512969,LTC-USDT,0.0,114.62,0.0,0.0
2025-07-24T15:28:40.513005,SOL-USDT,0.0,189.265,0.0,71.5
2025-07-24T15:28:40.513301,BTC-USDT,0.0,118975.8,0.0,5.3304
2025-07-24T15:28:40.514727,XRP-USDT,3.2348,3.2415,5734.0,0.0
2025-07-24T15:28:40.833553,ETH-USDT,3724.77,3741.78,35.955,41.625
2025-07-24T15:28:40.834484,SOL-USDT,0.0,189.265,0.0,0.0
2025-07-24T15:28:40.834522,BTC-USDT,0.0,118975.8,0.0,5.3523
2025-07-24T15:28:40.834554,XRP-USDT,3.2348,0.0,0.0,0.0
2025-07-24T15:28:41.144858,ETH-USDT,3741.03,3740.64,0.0,103.665
2025-07-24T15:28:41.145033,SOL-USDT,0.0,189.265,0.0,73.6
2025-07-24T15:28:41.145139,LTC-USDT,0.0,115.03,0.0,0.0
2025-07-24T15:28:41.145212,BTC-USDT,118974.7,118975.8,1.8177,5.19675
2025-07-24T15:28:41.145239,XRP-USDT,3.2346,3.2349,0.0,5214.0
2025-07-24T15:28:41.458145,ETH-USDT,3740.56,3740.59,58.05,46.695
2025-07-24T15:28:41.458201,SOL-USDT,0.0,189.265,0.0,73.6
2025-07-24T15:28:41.458235,BTC-USDT,118975.3,118975.8,3.3273,4.97415
2025-07-24T15:28:41.458263,XRP-USDT,0.0,3.2398,0.0,37018.0
2025-07-24T15:28:41.772308,ETH-USDT,3734.4,3741.81,116.055,40.425
2025-07-24T15:28:41.773807,SOL-USDT,189.204,189.235,0.0,95.0
2025-07-24T15:28:41.774516,BTC-USDT,118974.9,118975.8,1.8786,5.04525
2025-07-24T15:28:41.775466,XRP-USDT,3.2342,3.234,0.0,7569.0
2025-07-24T15:28:42.081007,ETH-USDT,3732.81,3742.7,0.0,0.0
2025-07-24T15:28:42.081939,SOL-USDT,189.175,189.237,107.1,200.5
2025-07-24T15:28:42.082217,BTC-USDT,118975.2,118975.8,3.25725,5.2809
2025-07-24T15:28:42.082568,XRP-USDT,3.2339,3.234,0.0,4772.0
2025-07-24T15:28:42.394378,ETH-USDT,3740.56,3740.53,0.0,50.385
2025-07-24T15:28:42.400629,SOL-USDT,189.175,189.319,0.0,0.0
2025-07-24T15:28:42.400673,BTC-USDT,118975.2,118975.8,3.5445,5.48955
2025-07-24T15:28:42.400718,XRP-USDT,3.2336,3.234,13538.0,0.0
2025-07-24T15:28:42.719209,ETH-USDT,3740.51,3741.36,44.43,49.86
2025-07-24T15:28:42.719258,LTC-USDT,114.28,114.57,0.0,261.7
2025-07-24T15:28:42.719289,SOL-USDT,189.174,189.225,0.0,114.8
2025-07-24T15:28:42.719316,XRP-USDT,3.2336,3.2335,0.0,11501.0
2025-07-24T15:28:42.719342,BTC-USDT,118975.4,118965.4,0.0,1.49775
2025-07-24T15:28:43.032161,ETH-USDT,3740.51,3740.44,0.0,131.985
2025-07-24T15:28:43.032954,LTC-USDT,0.0,114.74,0.0,0.0
2025-07-24T15:28:43.033239,SOL-USDT,0.0,189.316,0.0,0.0
2025-07-24T15:28:43.034862,BTC-USDT,118965.1,118965.4,1.73265,1.8555
2025-07-24T15:28:43.034906,XRP-USDT,3.2329,3.2379,4224.0,0.0
2025-07-24T15:28:43.353627,ETH-USDT,3737.15,3741.8,60.21,44.07
2025-07-24T15:28:43.353655,SOL-USDT,189.165,189.215,0.0,110.1
2025-07-24T15:28:43.353819,BTC-USDT,118965.1,118965.4,2.05995,1.4682
2025-07-24T15:28:43.353850,XRP-USDT,3.2329,3.2335,10483.0,0.0
2025-07-24T15:28:43.661101,ETH-USDT,0.0,3741.12,0.0,0.0
2025-07-24T15:28:43.662384,SOL-USDT,189.155,189.223,250.9,94.7
2025-07-24T15:28:43.662627,BTC-USDT,118965.1,118965.4,2.11455,1.6374
2025-07-24T15:28:43.663870,XRP-USDT,3.2336,3.2336,12468.0,0.0
2025-07-24T15:28:43.982996,ETH-USDT,3740.41,3740.2,0.0,51.105
2025-07-24T15:28:43.983049,SOL-USDT,0.0,189.274,0.0,87.6
2025-07-24T15:28:43.983085,BTC-USDT,118965.1,118965.4,3.8859,3.15705
2025-07-24T15:28:43.983114,XRP-USDT,3.2253,3.2363,3084.0,0.0
2025-07-24T15:28:44.300926,ETH-USDT,0.0,3740.2,0.0,65.745
2025-07-24T15:28:44.301784,SOL-USDT,0.0,189.271,0.0,86.9
2025-07-24T15:28:44.301823,BTC-USDT,118965.1,118965.4,5.23305,4.8387
2025-07-24T15:28:44.302214,XRP-USDT,3.2339,3.2343,5989.0,0.0
2025-07-24T15:28:44.613824,ETH-USDT,3740.18,3739.75,0.0,68.415
2025-07-24T15:28:44.613868,LTC-USDT,114.2,0.0,210.3,0.0
2025-07-24T15:28:44.614095,SOL-USDT,189.155,189.185,0.0,82.9
2025-07-24T15:28:44.614141,BTC-USDT,118965.1,118965.4,1.8123,1.482
2025-07-24T15:28:44.615830,XRP-USDT,3.2339,3.234,0.0,5948.0
2025-07-24T15:28:44.932737,LTC-USDT,113.85,114.68,18.5,141.9
2025-07-24T15:28:44.933280,ETH-USDT,3739.67,3739.48,0.0,67.695
2025-07-24T15:28:44.933468,SOL-USDT,189.125,189.158,0.0,68.8
2025-07-24T15:28:44.934220,XRP-USDT,3.2334,3.2336,0.0,7077.0
2025-07-24T15:28:44.935008,BTC-USDT,118965.1,118965.4,3.85575,2.83005
2025-07-24T15:28:45.253581,ETH-USDT,3739.42,3739.27,0.0,102.24
2025-07-24T15:28:45.253807,LTC-USDT,114.06,0.0,124.8,0.0
2025-07-24T15:28:45.254042,SOL-USDT,188.804,189.27,508.6,97.5
2025-07-24T15:28:45.255052,BTC-USDT,118965.1,118965.4,3.2067,1.482
2025-07-24T15:28:45.255104,XRP-USDT,3.216,3.2336,1957.0,4608.0
2025-07-24T15:28:45.563944,ETH-USDT,3739.24,3739.22,0.0,60.54
2025-07-24T15:28:45.563996,LTC-USDT,114.12,114.5,177.3,261.9
2025-07-24T15:28:45.564028,SOL-USDT,0.0,189.237,0.0,80.3
2025-07-24T15:28:45.564054,BTC-USDT,118965.1,118965.4,3.4599,2.93025
2025-07-24T15:28:45.564254,XRP-USDT,3.233,3.2334,0.0,9727.0
2025-07-24T15:28:45.871790,ETH-USDT,3739.19,3739.2,0.0,62.655
2025-07-24T15:28:45.872242,LTC-USDT,0.0,114.73,0.0,0.0
2025-07-24T15:28:45.872692,SOL-USDT,189.093,189.14,0.0,102.2
2025-07-24T15:28:45.874373,BTC-USDT,118965.1,118965.4,3.65415,3.55905
2025-07-24T15:28:45.874396,XRP-USDT,3.2327,3.233,0.0,4846.0
2025-07-24T15:28:46.181892,ETH-USDT,3739.14,3738.61,0.0,66.915
2025-07-24T15:28:46.183572,LTC-USDT,114.24,114.58,0.0,0.0
2025-07-24T15:28:46.183654,SOL-USDT,189.075,189.115,0.0,216.6
2025-07-24T15:28:46.183826,BTC-USDT,118965.1,118965.4,3.6657,3.40335
2025-07-24T15:28:46.184236,XRP-USDT,3.2321,3.233,4740.0,12492.0
2025-07-24T15:28:46.513784,ETH-USDT,3738.59,3740.51,56.88,45.675
2025-07-24T15:28:46.513996,LTC-USDT,0.0,114.63,0.0,133.8
2025-07-24T15:28:46.514053,SOL-USDT,189.04,189.105,185.0,100.4
2025-07-24T15:28:46.514142,BTC-USDT,118965.1,118961.8,0.0,2.26065
2025-07-24T15:28:46.514229,XRP-USDT,3.2322,3.2327,0.0,5228.0
2025-07-24T15:28:46.811747,ETH-USDT,3738.59,3740.59,50.685,43.395
2025-07-24T15:28:46.812018,SOL-USDT,188.622,189.224,0.0,93.2
2025-07-24T15:28:46.812637,BTC-USDT,118961.4,118962.2,0.0,3.20235
2025-07-24T15:28:46.812816,XRP-USDT,3.228,3.2365,29749.0,0.0
2025-07-24T15:28:47.123812,ETH-USDT,3738.59,0.0,67.485,0.0
2025-07-24T15:28:47.123861,LTC-USDT,0.0,115.0,0.0,0.0
2025-07-24T15:28:47.123891,SOL-USDT,189.04,189.09,0.0,158.5
2025-07-24T15:28:47.123918,BTC-USDT,118961.4,118962.2,3.4659,3.85455
2025-07-24T15:28:47.124083,XRP-USDT,3.2323,3.2327,6727.0,0.0
2025-07-24T15:28:47.441558,ETH-USDT,3738.59,3740.28,53.52,0.0
2025-07-24T15:28:47.444809,LTC-USDT,113.85,0.0,0.0,0.0
2025-07-24T15:28:47.444847,BTC-USDT,118961.4,118962.2,0.0,3.79785
2025-07-24T15:28:47.444879,SOL-USDT,189.025,189.075,0.0,98.4
2025-07-24T15:28:47.444913,XRP-USDT,3.2323,3.2328,0.0,12852.0
2025-07-24T15:28:47.751686,ETH-USDT,3738.59,0.0,69.51,0.0
2025-07-24T15:28:47.753985,SOL-USDT,189.015,189.065,0.0,227.5
2025-07-24T15:28:47.754026,BTC-USDT,118961.4,118962.2,1.40775,3.65325
2025-07-24T15:28:47.754133,XRP-USDT,3.2322,3.2328,9315.0,0.0
2025-07-24T15:28:48.062882,ETH-USDT,3738.59,3739.58,53.43,47.43
2025-07-24T15:28:48.064159,SOL-USDT,0.0,189.189,0.0,80.1
2025-07-24T15:28:48.065027,BTC-USDT,118961.4,118962.2,1.7124,3.3276
2025-07-24T15:28:48.065402,XRP-USDT,3.2325,3.2329,4689.0,0.0
2025-07-24T15:28:48.381271,ETH-USDT,3738.59,3740.3,107.235,0.0
2025-07-24T15:28:48.381585,SOL-USDT,0.0,189.187,0.0,0.0
2025-07-24T15:28:48.383540,BTC-USDT,118961.4,118962.2,1.3053,3.84255
2025-07-24T15:28:48.383628,XRP-USDT,3.2325,3.2344,12541.0,19151.0
2025-07-24T15:28:48.691908,ETH-USDT,3738.59,3739.27,106.17,174.69
2025-07-24T15:28:48.704287,SOL-USDT,186.546,189.186,271.2,0.0
2025-07-24T15:28:48.704329,BTC-USDT,118961.4,118962.2,1.5504,3.62985
2025-07-24T15:28:48.704356,XRP-USDT,3.2325,3.2336,11912.0,9802.0
2025-07-24T15:28:49.001671,ETH-USDT,3738.59,3739.22,112.185,60.54
2025-07-24T15:28:49.001713,SOL-USDT,186.218,189.188,0.0,81.5
2025-07-24T15:28:49.002011,BTC-USDT,118961.4,118962.2,1.7436,3.9057
2025-07-24T15:28:49.002385,XRP-USDT,3.2327,3.2332,11759.0,0.0
2025-07-24T15:28:49.323047,SOL-USDT,0.0,189.132,0.0,0.0
2025-07-24T15:28:49.323111,ETH-USDT,3738.59,3738.66,179.19,0.0
2025-07-24T15:28:49.323143,XRP-USDT,3.2269,3.2334,12187.0,12523.0
2025-07-24T15:28:49.323167,BTC-USDT,118961.4,118962.2,1.6413,3.36795
2025-07-24T15:28:49.642130,ETH-USDT,3738.59,3738.66,279.3,42.51
2025-07-24T15:28:49.643080,BTC-USDT,118961.4,118962.2,2.05455,3.76215
2025-07-24T15:28:49.643348,SOL-USDT,189.045,189.065,115.0,0.0
2025-07-24T15:28:49.644404,XRP-USDT,3.2334,3.2334,7316.0,0.0
2025-07-24T15:28:49.951145,ETH-USDT,3738.59,3738.7,266.625,58.605
2025-07-24T15:28:49.951974,SOL-USDT,187.279,189.116,217.9,0.0
2025-07-24T15:28:49.953559,BTC-USDT,118961.4,118962.2,2.8824,5.0559
2025-07-24T15:28:49.953594,XRP-USDT,3.2331,3.234,13651.0,4387.0
2025-07-24T15:28:50.261301,ETH-USDT,3738.59,3738.63,273.825,121.095
2025-07-24T15:28:50.262051,SOL-USDT,189.045,189.097,0.0,74.0
2025-07-24T15:28:50.262339,BTC-USDT,118961.4,118962.2,0.0,4.7568
2025-07-24T15:28:50.263531,XRP-USDT,3.2321,3.234,12057.0,4473.0
2025-07-24T15:28:50.575569,LTC-USDT,0.0,114.54,0.0,0.0
2025-07-24T15:28:50.578050,ETH-USDT,3739.17,3738.61,43.35,0.0
2025-07-24T15:28:50.578179,SOL-USDT,189.093,189.097,119.2,0.0
2025-07-24T15:28:50.578278,BTC-USDT,118961.4,118961.8,2.0688,4.13715
2025-07-24T15:28:50.581894,XRP-USDT,3.2345,3.234,5127.0,0.0
2025-07-24T15:28:50.888522,ETH-USDT,3739.76,3739.49,67.815,0.0
2025-07-24T15:28:50.888563,LTC-USDT,114.22,114.5,210.2,0.0
2025-07-24T15:28:50.888595,SOL-USDT,189.092,189.333,239.2,633.6
2025-07-24T15:28:50.888653,BTC-USDT,118961.4,118962.2,3.96975,6.64725
2025-07-24T15:28:50.888685,XRP-USDT,3.2345,3.235,0.0,11618.0
2025-07-24T15:28:51.202460,ETH-USDT,3739.76,3739.83,57.96,0.0
2025-07-24T15:28:51.202647,LTC-USDT,114.02,114.54,124.2,261.8
2025-07-24T15:28:51.202685,SOL-USDT,189.114,189.217,83.1,0.0
2025-07-24T15:28:51.204373,BTC-USDT,118961.4,118961.8,3.4509,3.2916
2025-07-24T15:28:51.204414,XRP-USDT,3.2344,3.235,28559.0,0.0
2025-07-24T15:28:51.551093,ETH-USDT,3740.67,3740.11,108.975,0.0
2025-07-24T15:28:51.551135,LTC-USDT,114.26,114.64,210.1,0.0
2025-07-24T15:28:51.551161,BTC-USDT,118965.8,118961.8,1.37895,0.0
2025-07-24T15:28:51.551187,SOL-USDT,189.135,189.158,214.5,0.0
2025-07-24T15:28:51.551209,XRP-USDT,3.2348,3.2351,5019.0,0.0
2025-07-24T15:28:51.844776,ETH-USDT,3741.54,3740.74,54.45,0.0
2025-07-24T15:28:51.847661,LTC-USDT,114.3,114.54,210.0,0.0
2025-07-24T15:28:51.852451,BTC-USDT,118973.2,118966.8,2.15115,0.0
2025-07-24T15:28:51.852506,XRP-USDT,3.2356,3.2354,10114.0,0.0
2025-07-24T15:28:51.854893,SOL-USDT,189.204,189.195,112.6,0.0
2025-07-24T15:28:52.163131,ETH-USDT,3741.59,3741.62,49.74,0.0
2025-07-24T15:28:52.165505,LTC-USDT,0.0,114.6,0.0,261.7
2025-07-24T15:28:52.165545,SOL-USDT,189.198,189.265,90.4,153.5
2025-07-24T15:28:52.169891,BTC-USDT,118973.2,118975.8,0.0,0.0
2025-07-24T15:28:52.170048,XRP-USDT,3.236,3.2363,14032.0,0.0
2025-07-24T15:28:52.482763,ETH-USDT,3741.98,3741.86,91.515,0.0
2025-07-24T15:28:52.483901,LTC-USDT,114.27,114.6,210.2,210.1
2025-07-24T15:28:52.484198,SOL-USDT,189.215,189.27,274.3,0.0
2025-07-24T15:28:52.484797,BTC-USDT,118997.8,118979.3,1.3383,0.0
2025-07-24T15:28:52.484981,XRP-USDT,3.2362,3.2368,6433.0,0.0
2025-07-24T15:28:52.802072,ETH-USDT,0.0,3747.76,0.0,0.0
2025-07-24T15:28:52.802109,SOL-USDT,189.225,189.275,82.0,0.0
2025-07-24T15:28:52.804934,BTC-USDT,119007.2,118998.6,1.5894,0.0
2025-07-24T15:28:52.804966,XRP-USDT,3.2367,3.2369,5650.0,0.0
2025-07-24T15:28:53.103192,ETH-USDT,3733.33,3748.17,0.0,55.86
2025-07-24T15:28:53.104554,LTC-USDT,0.0,114.76,0.0,177.5
2025-07-24T15:28:53.104596,SOL-USDT,189.22,189.285,119.3,233.1
2025-07-24T15:28:53.104648,BTC-USDT,119007.2,119023.0,1.5615,0.0
2025-07-24T15:28:53.106772,XRP-USDT,3.2362,3.2378,35006.0,7150.0
2025-07-24T15:28:53.411632,ETH-USDT,0.0,3748.38,0.0,0.0
2025-07-24T15:28:53.411672,LTC-USDT,113.97,0.0,0.0,0.0
2025-07-24T15:28:53.411701,SOL-USDT,187.438,189.577,0.0,632.8
2025-07-24T15:28:53.414110,BTC-USDT,119007.2,119103.4,2.09085,0.18015
2025-07-24T15:28:53.414153,XRP-USDT,3.2334,3.2522,12127.0,0.0
2025-07-24T15:28:53.723584,ETH-USDT,3741.98,3741.69,0.0,67.5
2025-07-24T15:28:53.723763,LTC-USDT,0.0,114.75,0.0,0.0
2025-07-24T15:28:53.725939,SOL-USDT,189.225,189.265,0.0,234.6
2025-07-24T15:28:53.726414,XRP-USDT,3.232,0.0,5416.0,0.0
2025-07-24T15:28:53.726464,BTC-USDT,119007.2,119103.4,1.79325,0.0
2025-07-24T15:28:54.041384,ETH-USDT,3741.66,3741.37,0.0,59.28
2025-07-24T15:28:54.042185,LTC-USDT,114.2,115.56,0.0,70.5
2025-07-24T15:28:54.045278,SOL-USDT,189.2,189.246,0.0,96.2
2025-07-24T15:28:54.045317,BTC-USDT,119007.2,119005.2,0.0,1.5066
2025-07-24T15:28:54.045348,XRP-USDT,3.2367,3.237,0.0,7273.0
2025-07-24T15:28:54.353012,ETH-USDT,3741.34,3741.37,66.12,58.89
2025-07-24T15:28:54.353272,BTC-USDT,119004.9,119005.2,2.18025,1.99245
2025-07-24T15:28:54.353312,XRP-USDT,3.2363,3.2368,0.0,5293.0
2025-07-24T15:28:54.661913,ETH-USDT,3738.5,0.0,0.0,0.0
2025-07-24T15:28:54.662092,SOL-USDT,189.109,0.0,204.5,0.0
2025-07-24T15:28:54.665117,BTC-USDT,119004.9,119005.2,1.39695,1.96815
2025-07-24T15:28:54.665170,XRP-USDT,3.2361,3.2368,0.0,12667.0
2025-07-24T15:28:54.982823,ETH-USDT,3741.34,3741.02,0.0,43.71
2025-07-24T15:28:54.982873,SOL-USDT,189.173,0.0,0.0,0.0
2025-07-24T15:28:54.982907,LTC-USDT,0.0,114.65,0.0,234.9
2025-07-24T15:28:54.983116,BTC-USDT,119004.9,119005.2,2.02935,1.64595
2025-07-24T15:28:54.983504,XRP-USDT,3.2349,3.2364,12926.0,6334.0
2025-07-24T15:28:55.301888,ETH-USDT,3738.53,3746.32,67.935,0.0
2025-07-24T15:28:55.302052,LTC-USDT,114.26,0.0,0.0,0.0
2025-07-24T15:28:55.303077,SOL-USDT,189.185,189.23,0.0,73.1
2025-07-24T15:28:55.305539,BTC-USDT,119004.9,119005.2,4.4613,3.90915
2025-07-24T15:28:55.305571,XRP-USDT,3.2356,3.2359,0.0,13374.0
2025-07-24T15:28:55.623035,ETH-USDT,3740.64,3742.09,38.355,0.0
2025-07-24T15:28:55.623597,SOL-USDT,189.133,0.0,88.9,0.0
2025-07-24T15:28:55.623681,BTC-USDT,119004.9,119005.2,3.0633,3.489
2025-07-24T15:28:55.623725,XRP-USDT,3.2347,3.2358,4952.0,10048.0
2025-07-24T15:28:55.948416,ETH-USDT,3740.67,0.0,47.82,0.0
2025-07-24T15:28:55.948446,LTC-USDT,0.0,114.68,0.0,0.0
2025-07-24T15:28:55.948468,SOL-USDT,189.135,0.0,106.3,0.0
2025-07-24T15:28:55.948485,BTC-USDT,119004.9,119005.2,1.5417,1.94865
2025-07-24T15:28:55.948506,XRP-USDT,3.2312,3.2379,29719.0,5928.0
2025-07-24T15:28:56.261807,ETH-USDT,0.0,3748.17,0.0,0.0
2025-07-24T15:28:56.262679,LTC-USDT,114.1,0.0,209.2,0.0
2025-07-24T15:28:56.263158,SOL-USDT,189.13,0.0,0.0,0.0
2025-07-24T15:28:56.263533,BTC-USDT,119004.9,119005.2,3.37245,4.188
2025-07-24T15:28:56.263928,XRP-USDT,3.2351,3.2355,0.0,6439.0
2025-07-24T15:28:56.583723,ETH-USDT,0.0,3742.1,0.0,0.0
2025-07-24T15:28:56.583770,LTC-USDT,114.12,0.0,177.3,0.0
2025-07-24T15:28:56.585137,SOL-USDT,189.032,0.0,0.0,0.0
2025-07-24T15:28:56.585175,BTC-USDT,119004.9,119005.2,3.18945,3.7047
2025-07-24T15:28:56.585202,XRP-USDT,3.2351,3.2355,5781.0,0.0
2025-07-24T15:28:56.901975,ETH-USDT,3740.63,0.0,49.5,0.0
2025-07-24T15:28:56.903456,SOL-USDT,189.165,189.195,0.0,114.1
2025-07-24T15:28:56.905203,BTC-USDT,119004.9,119005.2,3.48255,3.4683
2025-07-24T15:28:56.905241,XRP-USDT,3.233,0.0,4573.0,0.0
2025-07-24T15:28:57.221700,ETH-USDT,3740.99,3740.82,0.0,101.355
2025-07-24T15:28:57.222751,SOL-USDT,189.135,189.195,105.7,245.6
2025-07-24T15:28:57.222978,BTC-USDT,119004.9,119005.2,3.6594,1.94865
2025-07-24T15:28:57.223761,XRP-USDT,3.2332,0.0,3935.0,0.0
2025-07-24T15:28:57.540492,ETH-USDT,3740.8,3745.67,69.165,39.66
2025-07-24T15:28:57.543160,SOL-USDT,189.134,189.277,92.1,98.8
2025-07-24T15:28:57.543200,BTC-USDT,119004.9,119005.2,3.14835,3.5277
2025-07-24T15:28:57.543233,XRP-USDT,3.2344,3.2366,35141.0,13857.0
2025-07-24T15:28:57.856906,ETH-USDT,3740.8,3741.76,52.41,0.0
2025-07-24T15:28:57.860901,SOL-USDT,189.134,189.248,190.5,80.3
2025-07-24T15:28:57.860987,BTC-USDT,119004.9,119005.2,3.5949,3.4317
2025-07-24T15:28:57.861031,XRP-USDT,3.2342,0.0,28763.0,0.0
2025-07-24T15:28:58.172747,ETH-USDT,3741.34,3740.82,50.76,0.0
2025-07-24T15:28:58.173329,SOL-USDT,189.124,189.247,0.0,93.9
2025-07-24T15:28:58.174298,BTC-USDT,119004.9,119005.2,3.34065,3.69255
2025-07-24T15:28:58.174338,XRP-USDT,3.2355,3.2358,6329.0,0.0
2025-07-24T15:28:58.492558,ETH-USDT,3741.34,3741.42,60.09,0.0
2025-07-24T15:28:58.495084,SOL-USDT,187.68,0.0,0.0,0.0
2025-07-24T15:28:58.495130,BTC-USDT,119004.9,119005.2,3.05355,1.94865
2025-07-24T15:28:58.495170,XRP-USDT,3.2343,3.2363,6817.0,12530.0
2025-07-24T15:28:58.810468,ETH-USDT,3741.34,3741.37,23.64,103.8
2025-07-24T15:28:58.811656,BTC-USDT,119004.9,119005.2,3.55995,4.05585
2025-07-24T15:28:58.812453,XRP-USDT,3.2341,3.2365,0.0,10604.0
2025-07-24T15:28:59.122394,ETH-USDT,3741.34,3741.4,54.27,51.135
2025-07-24T15:28:59.124341,SOL-USDT,189.112,189.278,0.0,112.4
2025-07-24T15:28:59.126403,BTC-USDT,119004.9,119005.2,3.5814,3.66015
2025-07-24T15:28:59.126449,XRP-USDT,3.2359,3.2362,7578.0,0.0
2025-07-24T15:28:59.444332,ETH-USDT,3741.34,0.0,57.825,0.0
2025-07-24T15:28:59.444383,SOL-USDT,189.12,0.0,0.0,0.0
2025-07-24T15:28:59.444422,BTC-USDT,119004.9,119005.2,3.4221,3.68265
2025-07-24T15:28:59.444467,XRP-USDT,3.2345,0.0,25417.0,0.0
2025-07-24T15:28:59.753458,ETH-USDT,3741.34,3741.04,0.0,59.595
2025-07-24T15:28:59.753502,SOL-USDT,189.135,189.185,0.0,106.0
2025-07-24T15:28:59.753536,BTC-USDT,119004.9,119005.2,3.78975,3.86355
2025-07-24T15:28:59.753575,XRP-USDT,3.2345,3.2369,16138.0,14918.0
2025-07-24T15:29:00.072246,ETH-USDT,3740.9,3741.02,59.76,60.105
2025-07-24T15:29:00.073005,SOL-USDT,189.123,189.185,76.3,211.2
2025-07-24T15:29:00.074074,BTC-USDT,119004.9,119005.2,3.7047,3.8556
2025-07-24T15:29:00.074339,XRP-USDT,3.2359,3.2364,0.0,5250.0
2025-07-24T15:29:00.392560,LTC-USDT,0.0,114.56,0.0,261.8
2025-07-24T15:29:00.392619,ETH-USDT,3740.99,3740.89,0.0,60.645
2025-07-24T15:29:00.394279,SOL-USDT,189.123,189.145,0.0,206.0
2025-07-24T15:29:00.394320,XRP-USDT,3.2357,3.2358,0.0,11548.0
2025-07-24T15:29:00.394352,BTC-USDT,119004.9,118990.4,0.0,1.4736
2025-07-24T15:29:00.703847,ETH-USDT,3740.86,3740.23,0.0,68.82
2025-07-24T15:29:00.703889,LTC-USDT,114.3,114.6,0.0,0.0
2025-07-24T15:29:00.704634,BTC-USDT,118990.1,118990.4,4.22145,3.6273
2025-07-24T15:29:00.705015,SOL-USDT,189.085,189.08,0.0,133.8
2025-07-24T15:29:00.705699,XRP-USDT,3.2351,3.2344,0.0,4288.0
2025-07-24T15:29:01.025412,ETH-USDT,3740.11,3739.73,0.0,54.945
2025-07-24T15:29:01.026663,LTC-USDT,0.0,114.6,0.0,6.9
2025-07-24T15:29:01.026701,SOL-USDT,189.015,189.045,0.0,289.4
2025-07-24T15:29:01.028354,BTC-USDT,118990.1,118980.5,0.0,2.7255
2025-07-24T15:29:01.029912,XRP-USDT,3.2333,3.2335,0.0,27089.0
2025-07-24T15:29:01.344625,ETH-USDT,3739.65,3739.68,113.76,132.03
2025-07-24T15:29:01.351428,SOL-USDT,188.985,189.035,0.0,202.9
2025-07-24T15:29:01.351477,BTC-USDT,118980.1,118980.4,3.5433,3.5955
2025-07-24T15:29:01.351516,XRP-USDT,3.2329,3.2335,14043.0,0.0
2025-07-24T15:29:01.667535,ETH-USDT,3740.12,3739.68,114.435,0.0
2025-07-24T15:29:01.669675,LTC-USDT,0.0,114.94,0.0,0.0
2025-07-24T15:29:01.669713,SOL-USDT,189.035,189.035,205.2,0.0
2025-07-24T15:29:01.669749,BTC-USDT,118980.1,118980.4,5.5731,1.9743
2025-07-24T15:29:01.669779,XRP-USDT,3.234,3.2336,16637.0,0.0
2025-07-24T15:29:01.980960,ETH-USDT,3735.42,3741.73,0.0,0.0
2025-07-24T15:29:01.982483,LTC-USDT,0.0,114.6,0.0,261.7
2025-07-24T15:29:01.982524,SOL-USDT,188.857,189.246,508.5,0.0
2025-07-24T15:29:01.982548,BTC-USDT,118980.1,118980.4,5.77755,4.10895
2025-07-24T15:29:01.982756,XRP-USDT,3.234,3.2344,0.0,17717.0
2025-07-24T15:29:02.301651,ETH-USDT,0.0,3741.75,0.0,0.0
2025-07-24T15:29:02.305972,LTC-USDT,0.0,114.6,0.0,254.8
2025-07-24T15:29:02.306005,SOL-USDT,187.269,189.386,252.3,518.2
2025-07-24T15:29:02.306042,BTC-USDT,118980.1,118980.4,5.86575,3.2526
2025-07-24T15:29:02.306079,XRP-USDT,3.234,3.2344,7514.0,0.0
2025-07-24T15:29:02.624693,ETH-USDT,3733.96,3741.72,58.2,0.0
2025-07-24T15:29:02.624918,SOL-USDT,189.065,189.097,270.0,0.0
2025-07-24T15:29:02.627513,BTC-USDT,118980.1,118980.4,5.8653,3.5583
2025-07-24T15:29:02.627562,XRP-USDT,3.234,3.2372,4428.0,0.0
2025-07-24T15:29:02.930938,ETH-USDT,3734.03,3741.1,0.0,56.82
2025-07-24T15:29:02.932237,SOL-USDT,189.06,189.13,245.6,460.0
2025-07-24T15:29:02.933844,BTC-USDT,118980.1,118980.4,5.81595,3.89895
2025-07-24T15:29:02.934031,XRP-USDT,3.234,3.2373,0.0,0.0
2025-07-24T15:29:03.258907,ETH-USDT,3740.12,3739.94,0.0,131.79
2025-07-24T15:29:03.259041,LTC-USDT,0.0,114.7,0.0,176.8
2025-07-24T15:29:03.259075,SOL-USDT,189.065,189.1,0.0,248.4
2025-07-24T15:29:03.259101,BTC-USDT,118980.1,118980.4,5.6247,3.59985
2025-07-24T15:29:03.259126,XRP-USDT,3.2339,3.234,0.0,6209.0
2025-07-24T15:29:03.568419,ETH-USDT,3729.46,3740.98,6.825,60.435
2025-07-24T15:29:03.568461,LTC-USDT,0.0,114.74,0.0,0.0
2025-07-24T15:29:03.568495,SOL-USDT,188.632,189.187,0.0,0.0
2025-07-24T15:29:03.568535,BTC-USDT,118980.1,118980.4,5.97435,4.02765
2025-07-24T15:29:03.568571,XRP-USDT,3.2327,3.2345,52687.0,40311.0
2025-07-24T15:29:03.870815,ETH-USDT,3734.95,3740.24,0.0,0.0
2025-07-24T15:29:03.872650,SOL-USDT,0.0,189.147,0.0,94.9
2025-07-24T15:29:03.872691,BTC-USDT,118980.1,118980.4,5.5662,3.82095
2025-07-24T15:29:03.872716,XRP-USDT,0.0,3.2358,0.0,15973.0
2025-07-24T15:29:04.190453,ETH-USDT,3739.91,3739.68,0.0,58.32
2025-07-24T15:29:04.190853,SOL-USDT,188.969,189.138,0.0,67.8
2025-07-24T15:29:04.191390,BTC-USDT,118980.1,118980.4,5.5728,3.5463
2025-07-24T15:29:04.191949,XRP-USDT,3.2333,3.2339,0.0,7682.0
2025-07-24T15:29:04.511878,ETH-USDT,3736.39,3739.68,60.225,129.09
2025-07-24T15:29:04.511921,SOL-USDT,188.97,189.146,0.0,85.2
2025-07-24T15:29:04.512041,BTC-USDT,118980.1,118980.4,6.21405,3.4323
2025-07-24T15:29:04.512203,XRP-USDT,3.2332,3.2338,0.0,11231.0
2025-07-24T15:29:04.903343,ETH-USDT,3739.58,3740.16,113.505,47.505
2025-07-24T15:29:04.907678,LTC-USDT,114.27,114.52,0.0,261.9
2025-07-24T15:29:04.907718,SOL-USDT,189.035,189.076,0.0,184.0
2025-07-24T15:29:04.907749,BTC-USDT,118980.1,118980.4,5.92365,4.0152
2025-07-24T15:29:04.907777,XRP-USDT,3.2331,3.2332,0.0,7453.0
2025-07-24T15:29:05.217110,ETH-USDT,3739.64,3740.15,115.215,47.595
2025-07-24T15:29:05.217158,SOL-USDT,189.015,189.075,171.6,556.8
2025-07-24T15:29:05.217185,LTC-USDT,114.2,114.6,0.0,0.0
2025-07-24T15:29:05.217251,BTC-USDT,118980.1,118980.4,7.71285,1.9743
2025-07-24T15:29:05.217306,XRP-USDT,3.2326,3.2332,9277.0,4055.0
2025-07-24T15:29:05.536712,ETH-USDT,3739.62,3740.25,94.005,0.0
2025-07-24T15:29:05.536756,LTC-USDT,114.02,0.0,0.0,0.0
2025-07-24T15:29:05.536782,SOL-USDT,188.997,189.075,114.6,616.1
2025-07-24T15:29:05.536805,BTC-USDT,118980.1,118980.4,7.7811,3.39495
2025-07-24T15:29:05.536829,XRP-USDT,3.2326,3.2332,12186.0,6556.0
2025-07-24T15:29:05.841626,ETH-USDT,3739.6,3740.21,46.68,49.77
2025-07-24T15:29:05.841954,SOL-USDT,0.0,189.075,0.0,499.2
2025-07-24T15:29:05.842142,BTC-USDT,118980.1,118980.4,7.64385,3.7986
2025-07-24T15:29:05.842312,XRP-USDT,0.0,3.2332,0.0,6527.0
2025-07-24T15:29:06.166591,ETH-USDT,3739.6,3740.18,109.65,40.785
2025-07-24T15:29:06.166652,SOL-USDT,189.008,189.075,161.8,766.9
2025-07-24T15:29:06.166686,BTC-USDT,118980.1,118980.4,8.1888,4.07625
2025-07-24T15:29:06.166712,XRP-USDT,0.0,3.2332,0.0,7121.0
2025-07-24T15:29:06.471703,ETH-USDT,3739.65,3741.43,110.55,0.0
2025-07-24T15:29:06.472073,SOL-USDT,188.998,189.075,0.0,1162.1
2025-07-24T15:29:06.472344,BTC-USDT,118980.1,118980.4,8.4477,4.06515
2025-07-24T15:29:06.472386,XRP-USDT,3.2319,3.2332,10632.0,5589.0
2025-07-24T15:29:06.792090,ETH-USDT,3739.61,3740.03,45.3,39.18
2025-07-24T15:29:06.792562,SOL-USDT,189.013,189.075,130.1,1007.2
2025-07-24T15:29:06.794107,XRP-USDT,0.0,3.2332,0.0,4984.0
2025-07-24T15:29:06.794218,BTC-USDT,118980.1,118980.4,7.7808,3.57015
2025-07-24T15:29:07.110824,ETH-USDT,3739.62,3740.22,101.895,38.625
2025-07-24T15:29:07.114023,SOL-USDT,188.999,189.075,0.0,988.4
2025-07-24T15:29:07.115061,BTC-USDT,118980.1,118980.4,7.7532,3.44895
2025-07-24T15:29:07.115094,XRP-USDT,0.0,3.2332,0.0,8274.0
2025-07-24T15:29:07.421176,ETH-USDT,3739.65,3739.99,57.585,0.0
2025-07-24T15:29:07.421742,SOL-USDT,188.966,189.075,0.0,982.7
2025-07-24T15:29:07.421919,BTC-USDT,118980.1,118980.4,9.7425,4.9083
2025-07-24T15:29:07.422695,XRP-USDT,0.0,3.2332,0.0,6276.0
2025-07-24T15:29:07.731120,ETH-USDT,3739.65,3739.74,123.375,49.755
2025-07-24T15:29:07.734387,SOL-USDT,0.0,189.075,0.0,1093.2
2025-07-24T15:29:07.734427,BTC-USDT,118980.1,118980.4,9.84045,4.96095
2025-07-24T15:29:07.734465,XRP-USDT,0.0,3.2332,0.0,8377.0
2025-07-24T15:29:08.045537,ETH-USDT,0.0,3739.72,0.0,115.575
2025-07-24T15:29:08.045579,SOL-USDT,189.014,189.075,358.6,1098.9
2025-07-24T15:29:08.045634,LTC-USDT,113.76,115.67,117.6,129.8
2025-07-24T15:29:08.045662,BTC-USDT,118980.1,118980.4,9.40095,5.25135
2025-07-24T15:29:08.045691,XRP-USDT,3.2325,3.2332,15111.0,6938.0
2025-07-24T15:29:08.352505,ETH-USDT,0.0,3739.68,0.0,127.545
2025-07-24T15:29:08.352548,LTC-USDT,0.0,115.48,0.0,188.7
2025-07-24T15:29:08.352579,SOL-USDT,189.015,189.065,0.0,216.3
2025-07-24T15:29:08.352634,BTC-USDT,118980.1,118980.4,7.6986,4.92465
2025-07-24T15:29:08.352672,XRP-USDT,3.2324,3.2332,11296.0,4405.0
2025-07-24T15:29:08.661180,ETH-USDT,3739.65,3739.68,0.0,110.025
2025-07-24T15:29:08.661244,SOL-USDT,189.0,189.157,206.1,0.0
2025-07-24T15:29:08.665236,BTC-USDT,118980.1,118980.4,9.79095,5.094
2025-07-24T15:29:08.665290,XRP-USDT,3.2326,3.2331,0.0,11620.0
2025-07-24T15:29:08.982302,SOL-USDT,0.0,189.136,0.0,0.0
2025-07-24T15:29:08.982349,ETH-USDT,3739.6,3739.04,0.0,120.6
2025-07-24T15:29:08.983342,XRP-USDT,3.2325,3.233,0.0,10118.0
2025-07-24T15:29:08.983522,BTC-USDT,118980.1,118980.4,9.5079,5.0547
2025-07-24T15:29:09.301561,ETH-USDT,3732.84,3740.7,35.175,0.0
2025-07-24T15:29:09.302530,BTC-USDT,118980.1,118980.4,9.54615,5.44875
2025-07-24T15:29:09.303083,SOL-USDT,189.003,189.046,0.0,79.9
2025-07-24T15:29:09.303131,XRP-USDT,3.2323,3.2328,0.0,12522.0
2025-07-24T15:29:09.620754,ETH-USDT,0.0,3739.73,0.0,53.025
2025-07-24T15:29:09.621464,LTC-USDT,114.26,0.0,0.0,0.0
2025-07-24T15:29:09.622002,SOL-USDT,188.985,189.035,0.0,85.5
2025-07-24T15:29:09.622052,BTC-USDT,118980.1,118980.4,9.72525,3.4494
2025-07-24T15:29:09.622678,XRP-USDT,3.2321,3.2327,0.0,5792.0
2025-07-24T15:29:09.930775,ETH-USDT,3709.48,3739.7,28.635,58.89
2025-07-24T15:29:09.931656,LTC-USDT,114.22,114.76,210.2,0.0
2025-07-24T15:29:09.931718,SOL-USDT,188.97,189.126,257.1,0.0
2025-07-24T15:29:09.931976,BTC-USDT,118980.1,118980.4,9.4719,5.3028
2025-07-24T15:29:09.932013,XRP-USDT,3.2321,3.2332,10458.0,19624.0
2025-07-24T15:29:10.243733,ETH-USDT,0.0,3739.72,0.0,45.48
2025-07-24T15:29:10.245550,LTC-USDT,114.06,0.0,0.0,0.0
2025-07-24T15:29:10.245620,SOL-USDT,0.0,189.078,0.0,0.0
2025-07-24T15:29:10.245665,BTC-USDT,118980.1,118980.4,11.66055,6.73905
2025-07-24T15:29:10.245713,XRP-USDT,3.2321,3.2341,9440.0,17558.0
2025-07-24T15:29:10.551770,ETH-USDT,3709.48,3740.15,0.0,0.0
2025-07-24T15:29:10.551828,LTC-USDT,114.05,0.0,182.7,0.0
2025-07-24T15:29:10.551868,SOL-USDT,0.0,189.084,0.0,0.0
2025-07-24T15:29:10.552596,BTC-USDT,118980.1,118980.4,9.7536,4.9371
2025-07-24T15:29:10.552658,XRP-USDT,3.2321,3.2338,9259.0,10294.0
2025-07-24T15:29:10.883317,ETH-USDT,3739.01,3738.64,0.0,53.82
2025-07-24T15:29:10.884904,LTC-USDT,114.1,0.0,0.0,0.0
2025-07-24T15:29:10.884947,SOL-USDT,188.973,188.995,0.0,109.3
2025-07-24T15:29:10.884977,BTC-USDT,118980.1,118980.4,13.23405,6.55545
2025-07-24T15:29:10.885006,XRP-USDT,3.2321,3.2324,4884.0,6320.0
2025-07-24T15:29:11.200086,ETH-USDT,3738.63,3738.61,0.0,132.15
2025-07-24T15:29:11.200130,LTC-USDT,114.02,115.56,4.5,0.0
2025-07-24T15:29:11.200163,SOL-USDT,188.935,189.002,0.0,79.2
2025-07-24T15:29:11.200198,BTC-USDT,118980.1,118980.4,13.22625,6.38955
2025-07-24T15:29:11.200236,XRP-USDT,0.0,3.2337,0.0,5242.0
2025-07-24T15:29:11.502385,ETH-USDT,3738.59,3740.01,274.065,0.0
2025-07-24T15:29:11.505516,LTC-USDT,113.71,0.0,0.0,0.0
2025-07-24T15:29:11.505555,BTC-USDT,118980.1,118980.4,13.59735,6.43425
2025-07-24T15:29:11.505588,SOL-USDT,188.925,188.985,126.7,87.8
2025-07-24T15:29:11.822942,ETH-USDT,3738.59,3739.74,283.41,44.61
2025-07-24T15:29:11.822984,SOL-USDT,188.925,189.067,166.7,90.6
2025-07-24T15:29:11.823337,BTC-USDT,118980.1,118980.4,13.2717,6.9393
2025-07-24T15:29:11.823809,XRP-USDT,0.0,3.2337,0.0,0.0
2025-07-24T15:29:12.135494,ETH-USDT,3738.59,3740.02,272.145,0.0
2025-07-24T15:29:12.135536,LTC-USDT,114.02,0.0,210.6,0.0
2025-07-24T15:29:12.135569,SOL-USDT,188.925,189.066,372.0,82.0
2025-07-24T15:29:12.135624,BTC-USDT,118980.1,118980.4,12.8805,6.84
2025-07-24T15:29:12.135665,XRP-USDT,0.0,3.233,0.0,15672.0
2025-07-24T15:29:12.450781,ETH-USDT,3738.59,3739.75,262.695,0.0
2025-07-24T15:29:12.451688,SOL-USDT,188.925,189.065,464.1,105.5
2025-07-24T15:29:12.451729,LTC-USDT,114.02,0.0,206.1,0.0
2025-07-24T15:29:12.451955,BTC-USDT,118980.1,118980.4,15.5481,8.5113
2025-07-24T15:29:12.452089,XRP-USDT,0.0,3.2346,0.0,0.0
2025-07-24T15:29:12.771331,ETH-USDT,3738.59,0.0,274.275,0.0
2025-07-24T15:29:12.773177,SOL-USDT,188.925,189.054,703.7,85.9
2025-07-24T15:29:12.773747,BTC-USDT,118980.1,118980.4,11.40645,4.9371
2025-07-24T15:29:12.773785,XRP-USDT,0.0,3.2334,0.0,16384.0
2025-07-24T15:29:13.098478,ETH-USDT,3738.59,3739.73,277.86,0.0
2025-07-24T15:29:13.098536,SOL-USDT,188.925,189.073,811.8,106.5
2025-07-24T15:29:13.098573,BTC-USDT,118980.1,118980.4,13.12665,6.6243
2025-07-24T15:29:13.098632,XRP-USDT,0.0,3.2335,0.0,10137.0
2025-07-24T15:29:13.411964,ETH-USDT,3738.59,0.0,264.03,0.0
2025-07-24T15:29:13.412892,SOL-USDT,188.925,189.039,1063.6,0.0
2025-07-24T15:29:13.419115,XRP-USDT,0.0,3.2333,0.0,19844.0
2025-07-24T15:29:13.419148,BTC-USDT,118980.1,118980.4,11.40645,6.99465
2025-07-24T15:29:13.732340,ETH-USDT,3738.59,0.0,272.67,0.0
2025-07-24T15:29:13.733014,SOL-USDT,188.925,189.043,1172.5,113.6
2025-07-24T15:29:13.733252,BTC-USDT,118980.1,118980.4,13.3023,6.72705
2025-07-24T15:29:13.733365,XRP-USDT,0.0,3.2332,0.0,12661.0
2025-07-24T15:29:14.055219,ETH-USDT,3738.59,3738.65,272.505,44.715
2025-07-24T15:29:14.056595,SOL-USDT,188.925,0.0,1191.0,0.0
2025-07-24T15:29:14.058198,BTC-USDT,118980.1,118980.4,13.3188,6.7365
2025-07-24T15:29:14.058343,XRP-USDT,3.2321,3.232,0.0,6123.0
2025-07-24T15:29:14.362162,ETH-USDT,3738.59,3738.61,307.86,137.325
2025-07-24T15:29:14.364195,SOL-USDT,188.925,188.992,1277.3,205.1
2025-07-24T15:29:14.364301,BTC-USDT,118980.1,118980.4,13.06305,7.10445
2025-07-24T15:29:14.364361,XRP-USDT,3.2313,3.2325,4769.0,10181.0
2025-07-24T15:29:14.672040,ETH-USDT,3738.59,3738.64,325.215,118.185
2025-07-24T15:29:14.676029,SOL-USDT,188.925,188.987,1191.0,124.3
2025-07-24T15:29:14.676061,BTC-USDT,118980.1,118980.4,15.42795,6.8322
2025-07-24T15:29:14.676091,XRP-USDT,3.2255,3.234,29772.0,0.0
2025-07-24T15:29:14.996255,ETH-USDT,3738.59,3738.38,0.0,102.39
2025-07-24T15:29:14.996317,LTC-USDT,114.12,114.48,102.5,262.0
2025-07-24T15:29:14.996357,BTC-USDT,118980.1,118980.4,15.48225,6.4173
2025-07-24T15:29:14.996395,SOL-USDT,188.925,188.905,0.0,80.6
2025-07-24T15:29:14.997270,XRP-USDT,3.2313,3.2315,0.0,13444.0
2025-07-24T15:29:15.312719,ETH-USDT,3738.35,3738.28,0.0,69.705
2025-07-24T15:29:15.313336,LTC-USDT,114.16,114.56,0.0,0.0
2025-07-24T15:29:15.313383,SOL-USDT,0.0,188.99,0.0,0.0
2025-07-24T15:29:15.315092,BTC-USDT,118980.1,118980.4,15.32775,7.05855
2025-07-24T15:29:15.315252,XRP-USDT,0.0,3.2332,0.0,6981.0
2025-07-24T15:29:15.631631,ETH-USDT,3738.26,3738.61,64.245,65.07
2025-07-24T15:29:15.631892,SOL-USDT,0.0,188.992,0.0,89.3
2025-07-24T15:29:15.634089,BTC-USDT,118980.1,118980.4,15.53535,6.83625
2025-07-24T15:29:15.634146,XRP-USDT,0.0,3.2331,0.0,7618.0
2025-07-24T15:29:15.950949,ETH-USDT,3738.27,3738.28,46.89,0.0
2025-07-24T15:29:15.951558,BTC-USDT,118980.1,118980.4,14.77965,6.8649
2025-07-24T15:29:15.951599,SOL-USDT,188.224,188.999,0.0,0.0
2025-07-24T15:29:16.270954,ETH-USDT,3738.76,3738.36,53.175,0.0
2025-07-24T15:29:16.272516,LTC-USDT,0.0,114.58,0.0,247.3
2025-07-24T15:29:16.272555,SOL-USDT,188.855,188.905,184.7,0.0
2025-07-24T15:29:16.272587,BTC-USDT,118980.1,118980.4,14.9031,6.54675
2025-07-24T15:29:16.272638,XRP-USDT,3.231,3.2315,10229.0,0.0
2025-07-24T15:29:16.583663,ETH-USDT,3738.76,3743.44,123.18,74.91
2025-07-24T15:29:16.583703,LTC-USDT,0.0,114.48,0.0,0.0
2025-07-24T15:29:16.583727,SOL-USDT,188.925,188.915,76.3,0.0
2025-07-24T15:29:16.583748,BTC-USDT,118980.1,118980.4,14.89725,6.80415
2025-07-24T15:29:16.583770,XRP-USDT,0.0,3.2317,0.0,14456.0
2025-07-24T15:29:16.892227,ETH-USDT,3738.76,3744.43,131.865,0.0
2025-07-24T15:29:16.892942,LTC-USDT,114.12,0.0,0.0,0.0
2025-07-24T15:29:16.892988,SOL-USDT,188.925,188.955,0.0,125.7
2025-07-24T15:29:16.893221,BTC-USDT,118980.1,118980.4,16.9023,10.7355
2025-07-24T15:29:16.893964,XRP-USDT,0.0,3.2333,0.0,6185.0
2025-07-24T15:29:17.211556,ETH-USDT,3738.76,3738.57,0.0,102.78
2025-07-24T15:29:17.212460,LTC-USDT,114.16,0.0,61.4,0.0
2025-07-24T15:29:17.212498,SOL-USDT,0.0,188.957,0.0,212.2
2025-07-24T15:29:17.212934,BTC-USDT,118980.1,118980.4,16.5078,7.09455
2025-07-24T15:29:17.213395,XRP-USDT,0.0,3.2324,0.0,4968.0
2025-07-24T15:29:17.525087,ETH-USDT,3738.55,3739.74,142.815,0.0
2025-07-24T15:29:17.525136,SOL-USDT,188.532,189.043,0.0,0.0
2025-07-24T15:29:17.525168,BTC-USDT,118980.1,118980.4,17.0118,9.13815
2025-07-24T15:29:17.834282,ETH-USDT,3738.55,3738.56,98.46,108.675
2025-07-24T15:29:17.834325,SOL-USDT,188.895,188.935,0.0,134.8
2025-07-24T15:29:17.834352,XRP-USDT,3.231,3.2315,0.0,6685.0
2025-07-24T15:29:17.834376,BTC-USDT,118980.1,118980.4,16.8843,9.07035
2025-07-24T15:29:18.151721,ETH-USDT,3738.55,3738.39,0.0,57.345
2025-07-24T15:29:18.153822,BTC-USDT,118980.1,118980.4,17.0364,8.99145
2025-07-24T15:29:18.153857,SOL-USDT,188.87,188.875,0.0,109.2
2025-07-24T15:29:18.153884,XRP-USDT,3.2308,3.2312,0.0,10794.0
2025-07-24T15:29:18.470808,ETH-USDT,3738.36,3738.39,69.09,48.87
2025-07-24T15:29:18.473793,BTC-USDT,118980.1,118980.4,14.89125,7.0944
2025-07-24T15:29:18.473846,SOL-USDT,188.845,188.875,121.8,0.0
2025-07-24T15:29:18.473888,XRP-USDT,3.2309,3.2312,5145.0,0.0
2025-07-24T15:29:18.810561,ETH-USDT,3733.77,0.0,0.0,0.0
2025-07-24T15:29:18.810750,SOL-USDT,188.865,188.905,96.1,0.0
2025-07-24T15:29:18.810934,BTC-USDT,118980.1,118980.4,16.6074,8.7966
2025-07-24T15:29:18.811064,XRP-USDT,3.231,3.2316,7122.0,0.0
2025-07-24T15:29:19.101764,ETH-USDT,3738.82,3738.39,108.615,0.0
2025-07-24T15:29:19.109760,SOL-USDT,188.865,188.932,139.1,87.9
2025-07-24T15:29:19.109801,BTC-USDT,118980.1,118980.4,16.4094,8.81085
2025-07-24T15:29:19.109833,XRP-USDT,3.231,3.2316,0.0,9497.0
2025-07-24T15:29:19.415002,ETH-USDT,3738.82,3738.42,0.0,64.74
2025-07-24T15:29:19.415044,SOL-USDT,188.865,188.915,0.0,217.0
2025-07-24T15:29:19.415075,BTC-USDT,118980.1,118980.4,18.9294,10.91265
2025-07-24T15:29:19.415114,XRP-USDT,3.2309,3.2313,0.0,6881.0
2025-07-24T15:29:19.730787,ETH-USDT,3738.27,3738.39,109.41,102.9
2025-07-24T15:29:19.731979,BTC-USDT,118980.1,118980.4,20.3964,12.90795
2025-07-24T15:29:19.732197,XRP-USDT,3.2307,3.2313,0.0,14852.0
2025-07-24T15:29:20.041878,ETH-USDT,3738.56,3738.39,47.16,0.0
2025-07-24T15:29:20.041928,SOL-USDT,0.0,188.994,0.0,0.0
2025-07-24T15:29:20.043130,XRP-USDT,0.0,3.2387,0.0,0.0
2025-07-24T15:29:20.043171,BTC-USDT,118980.1,118980.4,16.6824,9.29925
2025-07-24T15:29:20.360642,ETH-USDT,3738.56,0.0,112.665,0.0
2025-07-24T15:29:20.361233,SOL-USDT,0.0,188.958,0.0,0.0
2025-07-24T15:29:20.361276,BTC-USDT,118980.1,118980.4,20.3508,12.62175
2025-07-24T15:29:20.361981,XRP-USDT,3.2309,3.2313,5693.0,0.0
2025-07-24T15:29:20.676858,SOL-USDT,188.903,188.915,77.9,0.0
2025-07-24T15:29:20.676935,BTC-USDT,118980.1,118980.4,20.47545,12.92745
2025-07-24T15:29:20.676963,XRP-USDT,3.2313,3.2316,12585.0,0.0
2025-07-24T15:29:20.988308,SOL-USDT,188.264,0.0,0.0,0.0
2025-07-24T15:29:20.988359,BTC-USDT,118980.1,118980.4,19.90035,12.7089
2025-07-24T15:29:20.988399,XRP-USDT,3.2305,0.0,21239.0,0.0
2025-07-24T15:29:21.290492,ETH-USDT,3738.29,3743.51,0.0,35.025
2025-07-24T15:29:21.292680,BTC-USDT,118980.1,118980.4,19.79025,13.06575
2025-07-24T15:29:21.292722,XRP-USDT,0.0,3.241,0.0,0.0
2025-07-24T15:29:21.601840,ETH-USDT,3738.33,0.0,0.0,0.0
2025-07-24T15:29:21.603922,SOL-USDT,188.903,188.955,0.0,100.0
2025-07-24T15:29:21.603979,BTC-USDT,118980.1,118980.4,20.184,12.6885
2025-07-24T15:29:21.922367,SOL-USDT,188.843,189.256,0.0,608.6
2025-07-24T15:29:21.922877,BTC-USDT,118980.1,118980.4,21.7962,14.8188
2025-07-24T15:29:21.923295,XRP-USDT,3.2313,3.2317,0.0,6124.0
2025-07-24T15:29:22.245374,ETH-USDT,3738.51,3738.59,0.0,0.0
2025-07-24T15:29:22.245415,SOL-USDT,188.851,0.0,0.0,0.0
2025-07-24T15:29:22.245456,BTC-USDT,118980.1,118980.4,21.6732,15.15795
2025-07-24T15:29:22.245496,XRP-USDT,3.2311,3.2315,0.0,12641.0
2025-07-24T15:29:22.564055,ETH-USDT,3738.64,3738.66,57.63,65.82
2025-07-24T15:29:22.564186,BTC-USDT,118980.1,118980.4,21.3639,15.4491
2025-07-24T15:29:22.564244,SOL-USDT,188.895,188.945,0.0,122.5
2025-07-24T15:29:22.564290,XRP-USDT,3.2306,3.2321,20626.0,12053.0
2025-07-24T15:29:22.878833,ETH-USDT,3738.64,3738.4,0.0,53.475
2025-07-24T15:29:22.882519,SOL-USDT,188.84,0.0,88.8,0.0
2025-07-24T15:29:22.882560,BTC-USDT,118980.1,118980.4,21.7809,14.6034
2025-07-24T15:29:22.882591,XRP-USDT,3.2308,3.2313,0.0,12679.0
2025-07-24T15:29:23.192987,ETH-USDT,3738.38,3738.4,52.305,107.46
2025-07-24T15:29:23.193029,SOL-USDT,188.852,188.986,0.0,0.0
2025-07-24T15:29:23.193062,BTC-USDT,118980.1,118980.4,21.38805,14.96295
2025-07-24T15:29:23.193091,XRP-USDT,3.2304,0.0,4379.0,0.0
2025-07-24T15:29:23.502132,ETH-USDT,3738.38,3738.89,57.78,52.56
2025-07-24T15:29:23.502590,SOL-USDT,188.854,0.0,0.0,0.0
2025-07-24T15:29:23.504152,BTC-USDT,118980.1,118980.4,23.6568,16.9605
2025-07-24T15:29:23.504193,XRP-USDT,3.2308,3.2313,8814.0,0.0
2025-07-24T15:29:23.822413,ETH-USDT,3738.38,3736.61,0.0,54.21
2025-07-24T15:29:23.823890,SOL-USDT,188.883,188.935,0.0,188.0
2025-07-24T15:29:23.825626,BTC-USDT,118980.1,118971.6,0.0,3.9438
2025-07-24T15:29:23.825728,XRP-USDT,3.2308,3.2309,0.0,5442.0
2025-07-24T15:29:24.143161,ETH-USDT,3737.36,3736.61,61.755,0.0
2025-07-24T15:29:24.143358,SOL-USDT,188.875,188.973,97.4,70.2
2025-07-24T15:29:24.143632,BTC-USDT,118971.2,118981.1,1.6689,1.64865
2025-07-24T15:29:24.143681,XRP-USDT,3.2302,3.2308,7501.0,10849.0
2025-07-24T15:29:24.464641,ETH-USDT,3737.99,3737.39,55.2,0.0
2025-07-24T15:29:24.466020,SOL-USDT,188.963,188.935,86.3,0.0
2025-07-24T15:29:24.467011,BTC-USDT,118971.2,118980.5,2.24055,1.3821
2025-07-24T15:29:24.468512,XRP-USDT,3.231,3.2308,14263.0,0.0
2025-07-24T15:29:24.782315,ETH-USDT,3738.04,3738.07,45.975,64.29
2025-07-24T15:29:24.782353,SOL-USDT,188.82,0.0,0.0,0.0
2025-07-24T15:29:24.782373,BTC-USDT,118971.2,118981.3,2.25165,1.8615
2025-07-24T15:29:24.782451,XRP-USDT,0.0,3.2326,0.0,14122.0
2025-07-24T15:29:25.100669,ETH-USDT,3738.05,3746.86,57.51,0.0
2025-07-24T15:29:25.104511,SOL-USDT,188.842,0.0,0.0,0.0
2025-07-24T15:29:25.104549,BTC-USDT,118971.2,0.0,1.7475,0.0
2025-07-24T15:29:25.104579,XRP-USDT,0.0,3.2318,0.0,9171.0
2025-07-24T15:29:25.421518,ETH-USDT,3738.05,0.0,55.11,0.0
2025-07-24T15:29:25.424002,SOL-USDT,188.822,0.0,0.0,0.0
2025-07-24T15:29:25.424042,BTC-USDT,118971.2,0.0,1.45095,0.0
2025-07-24T15:29:25.424078,XRP-USDT,0.0,3.2324,0.0,18794.0
2025-07-24T15:29:25.732306,ETH-USDT,3738.05,3745.5,68.565,0.0
2025-07-24T15:29:25.734143,SOL-USDT,188.995,189.025,133.1,0.0
2025-07-24T15:29:25.734421,BTC-USDT,118971.2,118981.2,2.02035,1.51395
2025-07-24T15:29:25.734667,XRP-USDT,3.2312,3.2317,5054.0,0.0
2025-07-24T15:29:26.052451,ETH-USDT,3738.05,3738.45,62.205,0.0
2025-07-24T15:29:26.054822,SOL-USDT,188.816,0.0,0.0,0.0
2025-07-24T15:29:26.054867,BTC-USDT,118971.2,118980.8,3.6201,1.79055
2025-07-24T15:29:26.055062,XRP-USDT,3.2312,3.2317,0.0,13038.0
2025-07-24T15:29:26.454707,ETH-USDT,3738.05,0.0,45.255,0.0
2025-07-24T15:29:26.460054,SOL-USDT,188.841,0.0,0.0,0.0
2025-07-24T15:29:26.460098,BTC-USDT,118971.2,0.0,3.8757,0.0
2025-07-24T15:29:26.460133,XRP-USDT,3.2254,3.2322,0.0,13894.0
2025-07-24T15:29:26.773713,ETH-USDT,3738.05,3738.72,50.145,0.0
2025-07-24T15:29:26.773754,SOL-USDT,188.848,0.0,0.0,0.0
2025-07-24T15:29:26.773783,BTC-USDT,118971.2,0.0,5.436,0.0
2025-07-24T15:29:27.082192,ETH-USDT,3738.06,3738.07,48.03,0.0
2025-07-24T15:29:27.082237,LTC-USDT,113.96,0.0,10.9,0.0
2025-07-24T15:29:27.083377,BTC-USDT,118971.2,0.0,7.34865,0.0
2025-07-24T15:29:27.084025,SOL-USDT,189.055,189.055,94.9,0.0
2025-07-24T15:29:27.084077,XRP-USDT,3.2313,3.2317,9737.0,0.0
2025-07-24T15:29:27.394409,ETH-USDT,3738.1,3738.16,115.02,115.245
2025-07-24T15:29:27.394456,SOL-USDT,189.05,189.115,74.8,199.0
2025-07-24T15:29:27.394486,BTC-USDT,118971.2,118971.8,7.18425,2.9337
2025-07-24T15:29:27.394514,XRP-USDT,3.2298,0.0,23072.0,0.0
2025-07-24T15:29:27.701090,ETH-USDT,3738.01,3775.81,90.42,0.0
2025-07-24T15:29:27.701138,SOL-USDT,188.863,190.058,0.0,629.9
2025-07-24T15:29:27.701280,BTC-USDT,118971.2,118972.0,7.20255,3.1758
2025-07-24T15:29:27.701785,XRP-USDT,3.2304,0.0,11677.0,0.0
2025-07-24T15:29:28.021166,ETH-USDT,3737.74,0.0,0.0,0.0
2025-07-24T15:29:28.021741,SOL-USDT,189.09,189.075,86.3,0.0
2025-07-24T15:29:28.022116,BTC-USDT,118971.2,118971.6,7.51845,1.89525
2025-07-24T15:29:28.022417,XRP-USDT,3.2317,3.232,6938.0,0.0
2025-07-24T15:29:28.345713,ETH-USDT,3737.73,0.0,0.0,0.0
2025-07-24T15:29:28.345767,SOL-USDT,189.092,189.162,108.6,186.0
2025-07-24T15:29:28.345804,BTC-USDT,118971.2,118972.0,7.1817,3.7956
2025-07-24T15:29:28.345837,XRP-USDT,3.2319,3.2325,11626.0,0.0
2025-07-24T15:29:28.650571,ETH-USDT,3737.76,0.0,0.0,0.0
2025-07-24T15:29:28.652679,SOL-USDT,188.963,190.159,0.0,0.0
2025-07-24T15:29:28.652714,BTC-USDT,118971.2,0.0,7.14825,0.0
2025-07-24T15:29:28.652739,XRP-USDT,3.232,3.2326,13810.0,0.0
2025-07-24T15:29:28.961161,SOL-USDT,188.903,0.0,81.7,0.0
2025-07-24T15:29:28.961596,BTC-USDT,118971.2,0.0,7.4346,0.0
2025-07-24T15:29:28.961927,XRP-USDT,3.2322,3.2327,11890.0,0.0
2025-07-24T15:29:29.281965,ETH-USDT,0.0,3738.73,0.0,0.0
2025-07-24T15:29:29.282007,BTC-USDT,118971.2,118971.6,8.99055,1.6857
2025-07-24T15:29:29.282040,XRP-USDT,3.2322,3.2327,0.0,4924.0
2025-07-24T15:29:29.590774,ETH-USDT,3738.1,3738.07,0.0,69.975
2025-07-24T15:29:29.591428,SOL-USDT,188.988,0.0,116.7,0.0
2025-07-24T15:29:29.591744,LTC-USDT,113.76,0.0,0.0,0.0
2025-07-24T15:29:29.592040,BTC-USDT,118971.2,118971.7,9.32745,1.3563
2025-07-24T15:29:29.592302,XRP-USDT,3.2321,3.2321,0.0,6661.0
2025-07-24T15:29:29.900847,ETH-USDT,3738.05,3737.88,0.0,51.615
2025-07-24T15:29:29.902137,SOL-USDT,189.092,189.145,0.0,203.4
2025-07-24T15:29:29.902246,BTC-USDT,118971.2,118971.7,8.80635,3.16455
2025-07-24T15:29:29.902291,XRP-USDT,3.2268,3.2321,0.0,14211.0
2025-07-24T15:29:30.227521,ETH-USDT,3737.85,3737.88,118.65,114.6
2025-07-24T15:29:30.227564,SOL-USDT,188.986,0.0,107.8,0.0
2025-07-24T15:29:30.227595,BTC-USDT,118971.2,118980.9,8.6364,94.75215
2025-07-24T15:29:30.227645,XRP-USDT,0.0,3.2321,0.0,6636.0
2025-07-24T15:29:30.539854,ETH-USDT,3737.64,0.0,0.0,0.0
2025-07-24T15:29:30.540149,SOL-USDT,189.046,0.0,0.0,0.0
2025-07-24T15:29:30.540310,BTC-USDT,118971.2,118980.6,9.3222,0.0
2025-07-24T15:29:30.540769,XRP-USDT,3.2312,3.2321,11630.0,12031.0
2025-07-24T15:29:30.861353,LTC-USDT,113.77,0.0,7.6,0.0
2025-07-24T15:29:30.861410,SOL-USDT,189.114,189.145,84.0,0.0
2025-07-24T15:29:30.861451,BTC-USDT,118971.2,0.0,9.0909,0.0
2025-07-24T15:29:30.861670,XRP-USDT,3.2313,3.2321,4771.0,16812.0
2025-07-24T15:29:31.180503,ETH-USDT,3737.67,3738.75,0.0,0.0
2025-07-24T15:29:31.182243,BTC-USDT,118971.2,118971.8,10.61685,4.1544
2025-07-24T15:29:31.182286,SOL-USDT,189.114,189.135,0.0,76.0
2025-07-24T15:29:31.182316,XRP-USDT,3.2315,3.232,0.0,5022.0
2025-07-24T15:29:31.504140,ETH-USDT,0.0,3738.47,0.0,0.0
2025-07-24T15:29:31.504182,SOL-USDT,189.085,189.135,113.7,0.0
2025-07-24T15:29:31.504209,BTC-USDT,118971.2,0.0,11.02005,0.0
2025-07-24T15:29:31.506718,XRP-USDT,3.2309,3.2317,9005.0,11393.0
2025-07-24T15:29:31.810268,ETH-USDT,3737.66,0.0,0.0,0.0
2025-07-24T15:29:31.811167,SOL-USDT,189.07,0.0,96.7,0.0
2025-07-24T15:29:31.812480,BTC-USDT,118971.2,118971.8,11.16345,3.4902
2025-07-24T15:29:31.812523,XRP-USDT,3.2308,3.2335,10300.0,0.0
2025-07-24T15:29:32.130754,SOL-USDT,189.075,0.0,0.0,0.0
2025-07-24T15:29:32.131074,BTC-USDT,118971.2,118972.3,10.9494,4.0221
2025-07-24T15:29:32.131243,XRP-USDT,3.231,3.2315,0.0,11175.0
2025-07-24T15:29:32.450036,ETH-USDT,3736.94,0.0,0.0,0.0
2025-07-24T15:29:32.452202,SOL-USDT,188.868,0.0,0.0,0.0
2025-07-24T15:29:32.452242,LTC-USDT,113.96,0.0,0.0,0.0
2025-07-24T15:29:32.452265,BTC-USDT,118971.2,118971.6,12.82185,1.56285
2025-07-24T15:29:32.452289,XRP-USDT,3.2304,3.2318,11824.0,17165.0
2025-07-24T15:29:32.765229,SOL-USDT,189.105,189.145,95.1,0.0
2025-07-24T15:29:32.765261,BTC-USDT,118971.2,118971.6,10.92195,3.33255
2025-07-24T15:29:32.765291,XRP-USDT,0.0,3.233,0.0,6024.0
2025-07-24T15:29:33.081159,ETH-USDT,3737.75,3737.89,0.0,57.795
2025-07-24T15:29:33.081201,SOL-USDT,189.067,0.0,75.6,0.0
2025-07-24T15:29:33.081303,BTC-USDT,118971.2,118971.7,11.0397,1.80825
2025-07-24T15:29:33.393556,ETH-USDT,3738.77,3737.88,65.4,0.0
2025-07-24T15:29:33.393711,BTC-USDT,118971.2,118972.2,12.8052,3.5148
2025-07-24T15:29:33.393778,SOL-USDT,189.155,189.165,119.9,0.0
2025-07-24T15:29:33.393815,XRP-USDT,3.2313,3.2315,13696.0,0.0
2025-07-24T15:29:33.700343,ETH-USDT,3738.82,3738.9,72.045,138.75
2025-07-24T15:29:33.701204,LTC-USDT,114.26,114.58,210.1,0.0
2025-07-24T15:29:33.701251,SOL-USDT,189.155,189.177,0.0,90.7
2025-07-24T15:29:33.701291,BTC-USDT,118971.2,118972.0,9.1404,4.03155
2025-07-24T15:29:33.701560,XRP-USDT,3.2314,3.232,10721.0,0.0
2025-07-24T15:29:34.010362,ETH-USDT,3731.89,3744.39,0.0,13.095
2025-07-24T15:29:34.011867,LTC-USDT,114.16,0.0,0.0,0.0
2025-07-24T15:29:34.011913,SOL-USDT,189.11,189.466,95.1,320.6
2025-07-24T15:29:34.011944,BTC-USDT,118971.2,118971.7,10.8915,3.72405
2025-07-24T15:29:34.012048,XRP-USDT,3.2256,3.2401,7720.0,20469.0
2025-07-24T15:29:34.330262,ETH-USDT,0.0,3745.56,0.0,0.0
2025-07-24T15:29:34.331265,SOL-USDT,189.11,0.0,233.1,0.0
2025-07-24T15:29:34.332712,BTC-USDT,118971.2,0.0,10.5654,0.0
2025-07-24T15:29:34.332753,XRP-USDT,0.0,3.233,0.0,11086.0
2025-07-24T15:29:34.640546,LTC-USDT,0.0,114.71,0.0,258.3
2025-07-24T15:29:34.640593,SOL-USDT,189.11,0.0,223.8,0.0
2025-07-24T15:29:34.640846,BTC-USDT,118971.2,118971.9,11.09145,3.9618
2025-07-24T15:29:34.640896,XRP-USDT,0.0,3.2336,0.0,0.0
2025-07-24T15:29:34.961179,ETH-USDT,0.0,3743.7,0.0,51.24
2025-07-24T15:29:34.966752,SOL-USDT,189.11,0.0,209.2,0.0
2025-07-24T15:29:34.966793,LTC-USDT,0.0,114.52,0.0,0.0
2025-07-24T15:29:34.966826,BTC-USDT,118971.2,0.0,11.27175,0.0
2025-07-24T15:29:34.966852,XRP-USDT,3.2314,3.2319,0.0,7045.0
2025-07-24T15:29:35.270934,ETH-USDT,0.0,3744.39,0.0,0.0
2025-07-24T15:29:35.272621,LTC-USDT,114.13,114.7,0.0,176.8
2025-07-24T15:29:35.272666,SOL-USDT,189.11,0.0,167.4,0.0
2025-07-24T15:29:35.275159,BTC-USDT,118971.2,118972.1,10.9521,3.1506
2025-07-24T15:29:35.275201,XRP-USDT,0.0,3.2324,0.0,12543.0
2025-07-24T15:29:35.582190,LTC-USDT,113.77,0.0,0.0,0.0
2025-07-24T15:29:35.582299,ETH-USDT,3738.82,3738.73,0.0,128.595
2025-07-24T15:29:35.585852,SOL-USDT,189.114,189.145,0.0,72.9
2025-07-24T15:29:35.585917,BTC-USDT,118971.2,118971.6,13.2354,3.9366
2025-07-24T15:29:35.585957,XRP-USDT,3.2312,3.2317,0.0,3786.0
2025-07-24T15:29:35.901460,ETH-USDT,3738.65,3737.94,0.0,43.29
2025-07-24T15:29:35.905817,BTC-USDT,118971.2,118971.7,15.4221,3.45435
2025-07-24T15:29:35.905866,XRP-USDT,3.2311,3.2306,0.0,5043.0
2025-07-24T15:29:35.907408,SOL-USDT,189.11,189.097,0.0,111.2
2025-07-24T15:29:36.222371,ETH-USDT,3737.8,3737.57,0.0,51.435
2025-07-24T15:29:36.222417,LTC-USDT,114.22,114.52,0.0,261.9
2025-07-24T15:29:36.222445,SOL-USDT,189.06,189.097,77.4,0.0
2025-07-24T15:29:36.224339,BTC-USDT,118971.2,118972.5,17.5071,3.90105
2025-07-24T15:29:36.224381,XRP-USDT,3.2298,3.2306,14674.0,17803.0
2025-07-24T15:29:36.540943,ETH-USDT,3737.55,3746.35,54.225,40.86
2025-07-24T15:29:36.541756,SOL-USDT,189.06,189.105,0.0,122.4
2025-07-24T15:29:36.541993,BTC-USDT,118971.2,118972.3,17.3013,3.3498
2025-07-24T15:29:36.544506,XRP-USDT,3.2297,3.2305,21367.0,27350.0
2025-07-24T15:29:36.860893,ETH-USDT,3737.55,3738.93,55.875,0.0
2025-07-24T15:29:36.861177,SOL-USDT,189.065,189.105,98.6,0.0
2025-07-24T15:29:36.861231,BTC-USDT,118971.2,118971.8,16.8546,3.0591
2025-07-24T15:29:36.861413,XRP-USDT,3.2302,3.2305,6053.0,0.0
2025-07-24T15:29:37.181695,ETH-USDT,3737.55,3738.9,61.68,0.0
2025-07-24T15:29:37.181794,LTC-USDT,0.0,114.65,0.0,0.0
2025-07-24T15:29:37.184731,SOL-USDT,189.065,189.115,0.0,214.6
2025-07-24T15:29:37.184751,BTC-USDT,118971.2,118972.5,16.8489,3.56775
2025-07-24T15:29:37.184770,XRP-USDT,3.2302,3.2305,0.0,7762.0
2025-07-24T15:29:37.491581,ETH-USDT,3737.55,3738.1,60.045,0.0
2025-07-24T15:29:37.491643,SOL-USDT,189.055,189.105,0.0,125.7
2025-07-24T15:29:37.491678,BTC-USDT,118971.2,0.0,17.0613,0.0
2025-07-24T15:29:37.500494,XRP-USDT,3.1988,3.2305,12242.0,12156.0
2025-07-24T15:29:37.814165,ETH-USDT,3738.19,3737.57,100.71,0.0
2025-07-24T15:29:37.814213,BTC-USDT,118971.2,118972.2,17.40015,3.75405
2025-07-24T15:29:37.814251,SOL-USDT,189.065,189.105,113.3,0.0
2025-07-24T15:29:37.814287,XRP-USDT,3.2304,3.2305,4456.0,0.0
2025-07-24T15:29:38.130140,ETH-USDT,0.0,3743.72,0.0,59.79
2025-07-24T15:29:38.136161,LTC-USDT,113.76,0.0,211.2,0.0
2025-07-24T15:29:38.136202,SOL-USDT,189.085,189.13,75.5,0.0
2025-07-24T15:29:38.136235,BTC-USDT,118971.2,118971.7,16.7319,3.6219
2025-07-24T15:29:38.136283,XRP-USDT,3.2304,3.2314,9413.0,12454.0
2025-07-24T15:29:38.442809,BTC-USDT,118971.2,118971.9,18.89205,4.1388
2025-07-24T15:29:38.443280,XRP-USDT,3.2304,3.2309,0.0,7766.0
2025-07-24T15:29:38.752350,ETH-USDT,3738.19,3737.79,0.0,88.095
2025-07-24T15:29:38.752390,LTC-USDT,114.26,0.0,0.0,0.0
2025-07-24T15:29:38.755801,SOL-USDT,189.085,189.105,0.0,121.7
2025-07-24T15:29:38.755840,BTC-USDT,118971.2,118971.6,15.27705,4.05435
2025-07-24T15:29:38.755874,XRP-USDT,3.2302,3.2306,0.0,11611.0
2025-07-24T15:29:39.060532,ETH-USDT,0.0,3738.75,0.0,0.0
2025-07-24T15:29:39.061189,SOL-USDT,0.0,189.147,0.0,75.2
2025-07-24T15:29:39.061518,BTC-USDT,118971.2,0.0,17.06805,0.0
2025-07-24T15:29:39.061874,XRP-USDT,3.2299,3.2301,0.0,4514.0
2025-07-24T15:29:39.371813,ETH-USDT,3737.71,3736.61,0.0,71.565
2025-07-24T15:29:39.373457,LTC-USDT,0.0,114.48,0.0,262.0
2025-07-24T15:29:39.373499,SOL-USDT,189.045,189.068,0.0,74.0
2025-07-24T15:29:39.373526,BTC-USDT,118971.2,118972.0,15.27705,1.75515
2025-07-24T15:29:39.373552,XRP-USDT,3.2294,3.2294,0.0,4484.0
2025-07-24T15:29:39.691738,ETH-USDT,3736.95,3736.61,58.575,0.0
2025-07-24T15:29:39.692192,LTC-USDT,114.12,114.56,210.4,0.0
2025-07-24T15:29:39.693163,SOL-USDT,189.003,189.065,203.8,65.8
2025-07-24T15:29:39.693235,BTC-USDT,118971.2,118972.0,17.406,4.266
2025-07-24T15:29:39.693574,XRP-USDT,3.2222,3.2319,0.0,13504.0
2025-07-24T15:29:40.003041,ETH-USDT,0.0,3738.77,0.0,59.31
2025-07-24T15:29:40.003085,LTC-USDT,114.16,0.0,0.0,0.0
2025-07-24T15:29:40.003312,SOL-USDT,188.724,189.223,0.0,0.0
2025-07-24T15:29:40.003840,BTC-USDT,118971.2,118971.6,17.2995,3.69855
2025-07-24T15:29:40.003874,XRP-USDT,3.1988,3.2316,0.0,11909.0
2025-07-24T15:29:40.320856,ETH-USDT,3737.36,3736.98,58.005,0.0
2025-07-24T15:29:40.321390,SOL-USDT,189.025,189.065,123.4,0.0
2025-07-24T15:29:40.321653,BTC-USDT,118971.2,118971.9,17.5215,2.12985
2025-07-24T15:29:40.322894,XRP-USDT,3.2293,3.2294,18951.0,0.0
2025-07-24T15:29:40.631986,ETH-USDT,3737.61,3737.44,51.57,0.0
2025-07-24T15:29:40.634102,LTC-USDT,0.0,114.52,0.0,0.0
2025-07-24T15:29:40.634151,SOL-USDT,189.045,189.09,79.3,0.0
2025-07-24T15:29:40.634187,BTC-USDT,118971.2,118971.8,21.0888,3.4206
2025-07-24T15:29:40.634423,XRP-USDT,3.2299,3.23,13452.0,0.0
2025-07-24T15:29:40.958968,ETH-USDT,3738.17,3737.95,119.235,0.0
2025-07-24T15:29:40.959020,SOL-USDT,189.11,189.105,77.9,0.0
2025-07-24T15:29:40.959060,BTC-USDT,118971.2,0.0,17.33055,0.0
2025-07-24T15:29:40.959097,XRP-USDT,3.2304,3.2306,29323.0,0.0
2025-07-24T15:29:41.263766,ETH-USDT,3738.19,3738.28,110.775,47.28
2025-07-24T15:29:41.264371,SOL-USDT,189.11,189.125,0.0,212.7
2025-07-24T15:29:41.264420,BTC-USDT,118971.2,118971.7,20.88225,3.71805
2025-07-24T15:29:41.265351,XRP-USDT,3.2304,3.2306,0.0,32065.0
2025-07-24T15:29:41.569722,ETH-USDT,0.0,3738.31,0.0,94.71
2025-07-24T15:29:41.570663,SOL-USDT,188.867,189.217,0.0,0.0
2025-07-24T15:29:41.575128,BTC-USDT,118971.2,118971.9,17.33055,1.51575
2025-07-24T15:29:41.575171,XRP-USDT,3.2299,3.2305,0.0,32265.0
