timestamp,symbol,bid,ask,bid_vol,ask_vol
2025-07-24T06:13:26.634960,BTC-USDT,117643.4,117644.2,12.6426,13.4109
2025-07-24T06:13:26.635180,ETH-USDT,3553.12,3558.99,10.005,68.82
2025-07-24T06:13:26.635221,SOL-USDT,183.004,184.26,0.0,0.0
2025-07-24T06:13:26.635254,BTC-USDT,117643.4,117644.2,14.0121,13.2579
2025-07-24T06:13:26.791090,ETH-USDT,3552.68,3558.99,0.0,59.82
2025-07-24T06:13:26.793085,SOL-USDT,183.005,0.0,0.0,0.0
2025-07-24T06:13:26.793479,BTC-USDT,117643.4,117644.2,13.83465,13.7118
2025-07-24T06:13:26.793519,XRP-USDT,3.0696,3.081,14560.0,0.0
2025-07-24T06:13:27.101292,ETH-USDT,3558.97,3558.99,0.0,62.265
2025-07-24T06:13:27.101344,BTC-USDT,117643.4,117644.0,14.19675,1.95825
2025-07-24T06:13:27.101387,XRP-USDT,3.0712,3.0717,0.0,32346.0
2025-07-24T06:13:27.421622,ETH-USDT,3558.84,3558.86,34.245,122.685
2025-07-24T06:13:27.421666,BTC-USDT,117643.4,117644.0,16.22595,3.46875
2025-07-24T06:13:27.421703,SOL-USDT,183.065,183.125,0.0,0.0
2025-07-24T06:13:27.421731,XRP-USDT,3.071,3.0716,0.0,33909.0
2025-07-24T06:13:27.730170,ETH-USDT,3558.84,3558.82,0.0,63.69
2025-07-24T06:13:27.730778,SOL-USDT,183.11,183.105,0.0,258.3
2025-07-24T06:13:27.730812,BTC-USDT,117643.4,117644.2,16.2501,13.6296
2025-07-24T06:13:27.730839,XRP-USDT,3.0709,3.0714,0.0,38123.0
2025-07-24T06:13:28.038779,ETH-USDT,3558.8,3569.66,70.95,0.0
2025-07-24T06:13:28.039382,SOL-USDT,183.045,0.0,125.2,0.0
2025-07-24T06:13:28.040228,BTC-USDT,117643.4,117644.0,17.90805,2.9592
2025-07-24T06:13:28.040412,XRP-USDT,3.0707,3.0711,0.0,23422.0
2025-07-24T06:13:28.349289,ETH-USDT,3558.8,3559.59,47.505,0.0
2025-07-24T06:13:28.353056,SOL-USDT,183.042,183.182,76.4,0.0
2025-07-24T06:13:28.353413,BTC-USDT,117643.4,117643.8,18.00015,3.53775
2025-07-24T06:13:28.353466,XRP-USDT,3.0705,3.0705,0.0,13232.0
2025-07-24T06:13:28.669027,ETH-USDT,3558.8,3559.6,49.2,0.0
2025-07-24T06:13:28.670472,LTC-USDT,109.2,109.58,0.0,76.3
2025-07-24T06:13:28.670528,SOL-USDT,183.044,183.161,107.1,0.0
2025-07-24T06:13:28.673134,BTC-USDT,117643.4,117643.9,17.7912,3.5064
2025-07-24T06:13:28.673192,XRP-USDT,3.0702,3.0705,11464.0,0.0
2025-07-24T06:13:28.981469,ETH-USDT,3558.8,3559.13,48.3,40.11
2025-07-24T06:13:28.981511,SOL-USDT,183.045,185.803,209.9,336.9
2025-07-24T06:13:28.981538,BTC-USDT,117643.4,117644.2,17.6748,15.3267
2025-07-24T06:13:28.981575,XRP-USDT,3.056,3.0721,0.0,26242.0
2025-07-24T06:13:29.320584,ETH-USDT,3558.8,3558.77,0.0,117.765
2025-07-24T06:13:29.320619,LTC-USDT,109.12,109.42,0.0,274.1
2025-07-24T06:13:29.320642,BTC-USDT,117643.4,117644.2,17.40975,14.67795
2025-07-24T06:13:29.320668,XRP-USDT,3.0702,3.0707,16585.0,11061.0
2025-07-24T06:13:29.320691,SOL-USDT,183.045,183.085,0.0,199.6
2025-07-24T06:13:29.620126,ETH-USDT,0.0,3559.01,0.0,57.555
2025-07-24T06:13:29.620166,SOL-USDT,0.0,183.131,0.0,181.9
2025-07-24T06:13:29.620408,BTC-USDT,117643.4,117644.2,17.862,14.77875
2025-07-24T06:13:29.620921,XRP-USDT,3.0702,3.0705,0.0,8938.0
2025-07-24T06:13:29.939675,ETH-USDT,3558.74,3558.75,0.0,47.13
2025-07-24T06:13:29.940966,BTC-USDT,117643.4,117644.2,17.89365,15.24855
2025-07-24T06:13:29.941101,XRP-USDT,3.0693,3.0705,6018.0,13566.0
2025-07-24T06:13:30.259331,ETH-USDT,3548.05,3558.74,30.24,115.185
2025-07-24T06:13:30.260450,LTC-USDT,0.0,109.58,0.0,186.7
2025-07-24T06:13:30.261106,SOL-USDT,182.999,183.13,0.0,72.8
2025-07-24T06:13:30.261228,BTC-USDT,117643.4,117644.2,17.42655,14.5887
2025-07-24T06:13:30.263212,XRP-USDT,0.0,3.0705,0.0,17456.0
2025-07-24T06:13:30.581139,ETH-USDT,3558.71,3557.68,0.0,71.88
2025-07-24T06:13:30.582003,LTC-USDT,109.17,109.61,0.0,0.0
2025-07-24T06:13:30.583009,SOL-USDT,183.025,183.075,0.0,99.2
2025-07-24T06:13:30.584416,BTC-USDT,117643.4,117643.9,0.49005,1.4946
2025-07-24T06:13:30.586241,XRP-USDT,3.0699,3.0703,0.0,10533.0
2025-07-24T06:13:30.899412,ETH-USDT,3557.6,3557.6,0.0,60.27
2025-07-24T06:13:30.900806,LTC-USDT,109.1,0.0,220.1,0.0
2025-07-24T06:13:30.900848,SOL-USDT,183.015,183.075,192.7,107.9
2025-07-24T06:13:30.902336,XRP-USDT,3.0696,3.0701,0.0,12654.0
2025-07-24T06:13:30.902500,BTC-USDT,117643.4,117635.3,0.0,2.16045
2025-07-24T06:13:31.219146,ETH-USDT,3557.58,3557.55,0.0,112.8
2025-07-24T06:13:31.220015,LTC-USDT,109.16,109.91,0.0,0.0
2025-07-24T06:13:31.220054,SOL-USDT,0.0,183.075,0.0,123.4
2025-07-24T06:13:31.220672,BTC-USDT,117634.9,117629.3,0.0,1.6956
2025-07-24T06:13:31.221139,XRP-USDT,3.0695,3.07,0.0,10495.0
2025-07-24T06:13:31.539670,ETH-USDT,3557.52,3557.48,0.0,135.18
2025-07-24T06:13:31.541044,LTC-USDT,109.12,0.0,220.0,0.0
2025-07-24T06:13:31.541284,BTC-USDT,117628.9,117629.3,4.00455,0.0
2025-07-24T06:13:31.541408,XRP-USDT,3.0694,3.0711,21369.0,28241.0
2025-07-24T06:13:31.544806,SOL-USDT,183.025,183.075,85.3,0.0
2025-07-24T06:13:31.859395,ETH-USDT,3554.36,3558.89,63.3,0.0
2025-07-24T06:13:31.859890,LTC-USDT,109.02,109.56,0.0,105.1
2025-07-24T06:13:31.859930,SOL-USDT,0.0,183.107,0.0,107.9
2025-07-24T06:13:31.859958,BTC-USDT,0.0,117629.3,0.0,3.4917
2025-07-24T06:13:31.860404,XRP-USDT,3.0698,3.0697,0.0,3628.0
2025-07-24T06:13:32.180377,ETH-USDT,0.0,3559.67,0.0,0.0
2025-07-24T06:13:32.180419,SOL-USDT,0.0,183.105,0.0,133.3
2025-07-24T06:13:32.181527,BTC-USDT,0.0,117629.3,0.0,4.02675
2025-07-24T06:13:32.181569,XRP-USDT,0.0,3.071,0.0,28967.0
2025-07-24T06:13:32.489905,ETH-USDT,0.0,3558.86,0.0,0.0
2025-07-24T06:13:32.489941,SOL-USDT,0.0,183.097,0.0,90.1
2025-07-24T06:13:32.490182,BTC-USDT,0.0,117629.3,0.0,3.89535
2025-07-24T06:13:32.490225,XRP-USDT,3.0644,3.0721,28368.0,5869.0
2025-07-24T06:13:32.812146,ETH-USDT,3557.52,3557.48,122.34,0.0
2025-07-24T06:13:32.812192,LTC-USDT,0.0,109.46,0.0,0.0
2025-07-24T06:13:32.812224,SOL-USDT,183.055,183.085,247.0,0.0
2025-07-24T06:13:32.812251,BTC-USDT,0.0,117629.3,0.0,5.71935
2025-07-24T06:13:32.812291,XRP-USDT,3.0694,3.0697,31978.0,0.0
2025-07-24T06:13:33.136704,ETH-USDT,0.0,3559.15,0.0,0.0
2025-07-24T06:13:33.136779,LTC-USDT,109.16,110.39,219.9,0.0
2025-07-24T06:13:33.136812,SOL-USDT,183.05,183.115,0.0,125.3
2025-07-24T06:13:33.136843,BTC-USDT,0.0,117629.3,0.0,7.09665
2025-07-24T06:13:33.136888,XRP-USDT,3.0699,3.0701,33813.0,6023.0
2025-07-24T06:13:33.448184,ETH-USDT,3545.01,3559.17,0.0,0.0
2025-07-24T06:13:33.450226,LTC-USDT,108.9,0.0,117.3,0.0
2025-07-24T06:13:33.450279,SOL-USDT,0.0,183.265,0.0,0.0
2025-07-24T06:13:33.450312,BTC-USDT,0.0,117629.3,0.0,9.0063
2025-07-24T06:13:33.450340,XRP-USDT,3.0635,3.0705,0.0,16428.0
2025-07-24T06:13:33.760276,ETH-USDT,0.0,3559.07,0.0,0.0
2025-07-24T06:13:33.761664,SOL-USDT,0.0,183.396,0.0,611.8
2025-07-24T06:13:33.761722,BTC-USDT,0.0,117629.3,0.0,9.16755
2025-07-24T06:13:33.761761,XRP-USDT,3.0699,3.0696,0.0,18673.0
2025-07-24T06:13:34.079405,ETH-USDT,0.0,3557.61,0.0,134.28
2025-07-24T06:13:34.081316,LTC-USDT,109.12,0.0,0.0,0.0
2025-07-24T06:13:34.081355,SOL-USDT,183.015,0.0,115.3,0.0
2025-07-24T06:13:34.081389,BTC-USDT,0.0,117629.3,0.0,9.3318
2025-07-24T06:13:34.081414,XRP-USDT,3.069,3.0709,27885.0,17925.0
2025-07-24T06:13:34.401381,ETH-USDT,0.0,3557.64,0.0,198.57
2025-07-24T06:13:34.401427,SOL-USDT,183.013,0.0,105.6,0.0
2025-07-24T06:13:34.401461,BTC-USDT,117628.3,117629.3,1.2441,10.41495
2025-07-24T06:13:34.401498,XRP-USDT,3.069,3.0717,33385.0,0.0
2025-07-24T06:13:34.720345,ETH-USDT,3557.43,3557.55,161.775,118.98
2025-07-24T06:13:34.723216,SOL-USDT,183.065,183.115,210.2,0.0
2025-07-24T06:13:34.723248,BTC-USDT,117628.6,117629.3,3.68355,11.13195
2025-07-24T06:13:34.723273,XRP-USDT,3.0691,3.0696,12514.0,0.0
2025-07-24T06:13:35.040703,ETH-USDT,3557.52,3555.55,0.0,58.905
2025-07-24T06:13:35.040773,LTC-USDT,109.16,109.46,0.0,273.9
2025-07-24T06:13:35.040809,SOL-USDT,183.065,183.105,0.0,184.6
2025-07-24T06:13:35.041809,BTC-USDT,117628.9,117620.5,0.0,1.43835
2025-07-24T06:13:35.041957,XRP-USDT,3.0691,3.0692,0.0,23726.0
2025-07-24T06:13:35.359363,ETH-USDT,3555.56,3555.55,121.455,0.0
2025-07-24T06:13:35.360606,LTC-USDT,0.0,109.46,0.0,189.4
2025-07-24T06:13:35.360655,SOL-USDT,183.023,183.939,0.0,0.0
2025-07-24T06:13:35.362118,XRP-USDT,3.069,3.069,0.0,20112.0
2025-07-24T06:13:35.362771,BTC-USDT,117620.0,117615.2,0.0,1.7787
2025-07-24T06:13:35.668610,ETH-USDT,0.0,3557.68,0.0,0.0
2025-07-24T06:13:35.669192,LTC-USDT,108.85,109.56,0.0,258.0
2025-07-24T06:13:35.669317,SOL-USDT,183.014,0.0,59.9,0.0
2025-07-24T06:13:35.671921,BTC-USDT,117614.9,117615.2,3.7287,1.90545
2025-07-24T06:13:35.671964,XRP-USDT,0.0,3.0706,0.0,9075.0
2025-07-24T06:13:35.979359,ETH-USDT,0.0,3560.02,0.0,78.99
2025-07-24T06:13:35.980527,BTC-USDT,117614.9,117615.2,1.53165,4.15065
2025-07-24T06:13:35.980936,XRP-USDT,0.0,3.0712,0.0,7704.0
2025-07-24T06:13:36.300672,ETH-USDT,3544.91,3557.56,27.885,43.35
2025-07-24T06:13:36.303756,LTC-USDT,0.0,109.64,0.0,239.3
2025-07-24T06:13:36.304626,BTC-USDT,117614.9,117615.2,1.6365,3.60555
2025-07-24T06:13:36.304786,SOL-USDT,183.045,183.085,0.0,176.0
2025-07-24T06:13:36.304922,XRP-USDT,3.0686,3.0686,0.0,10751.0
2025-07-24T06:13:36.609047,ETH-USDT,0.0,3557.57,0.0,58.545
2025-07-24T06:13:36.610612,LTC-USDT,0.0,109.38,0.0,274.2
2025-07-24T06:13:36.610651,SOL-USDT,183.025,183.075,0.0,84.0
2025-07-24T06:13:36.610683,BTC-USDT,117614.9,117615.2,1.87665,1.90545
2025-07-24T06:13:36.610720,XRP-USDT,3.068,3.0686,0.0,11533.0
2025-07-24T06:13:36.933060,ETH-USDT,3555.56,3555.2,0.0,66.855
2025-07-24T06:13:36.933168,LTC-USDT,109.08,109.46,0.0,0.0
2025-07-24T06:13:36.933210,SOL-USDT,183.015,183.04,0.0,94.3
2025-07-24T06:13:36.933241,BTC-USDT,117614.9,117615.2,1.6059,3.4776
2025-07-24T06:13:36.933319,XRP-USDT,3.0679,3.068,0.0,12624.0
2025-07-24T06:13:37.254113,ETH-USDT,3555.12,3555.12,0.0,99.63
2025-07-24T06:13:37.254175,LTC-USDT,109.12,0.0,0.0,0.0
2025-07-24T06:13:37.254194,SOL-USDT,182.975,183.015,0.0,349.7
2025-07-24T06:13:37.254209,BTC-USDT,117614.9,117595.3,0.0,1.21305
2025-07-24T06:13:37.254221,XRP-USDT,3.0673,3.0675,0.0,8085.0
2025-07-24T06:13:37.561072,XRP-USDT,3.0675,3.0675,5707.0,0.0
2025-07-24T06:13:37.561508,ETH-USDT,3555.3,3555.12,51.39,0.0
2025-07-24T06:13:37.561851,LTC-USDT,109.12,109.56,220.0,273.6
2025-07-24T06:13:37.561943,SOL-USDT,182.975,183.015,509.2,221.8
2025-07-24T06:13:37.562555,BTC-USDT,117594.4,117592.5,0.0,1.50585
2025-07-24T06:13:37.880751,ETH-USDT,3555.3,3559.67,160.875,36.975
2025-07-24T06:13:37.880812,LTC-USDT,109.08,109.49,0.0,0.0
2025-07-24T06:13:37.880842,SOL-USDT,0.0,183.127,0.0,0.0
2025-07-24T06:13:37.880864,BTC-USDT,117591.4,117591.8,0.0,3.61545
2025-07-24T06:13:37.880908,XRP-USDT,3.0677,3.0681,4953.0,0.0
2025-07-24T06:13:38.192216,ETH-USDT,3555.3,3559.93,245.235,0.0
2025-07-24T06:13:38.194467,SOL-USDT,182.556,183.11,0.0,79.8
2025-07-24T06:13:38.194508,BTC-USDT,117591.3,117587.4,0.0,1.84605
2025-07-24T06:13:38.194532,XRP-USDT,3.0677,3.0683,11418.0,0.0
2025-07-24T06:13:38.503995,ETH-USDT,3555.3,0.0,301.065,0.0
2025-07-24T06:13:38.504172,LTC-USDT,108.94,0.0,402.6,0.0
2025-07-24T06:13:38.504219,SOL-USDT,0.0,183.109,0.0,102.8
2025-07-24T06:13:38.504250,BTC-USDT,117587.0,117583.6,0.0,1.63695
2025-07-24T06:13:38.504275,XRP-USDT,0.0,3.0695,0.0,4335.0
2025-07-24T06:13:38.814554,ETH-USDT,3555.3,3567.76,326.49,0.0
2025-07-24T06:13:38.814599,SOL-USDT,0.0,183.105,0.0,113.1
2025-07-24T06:13:38.814631,BTC-USDT,117582.8,117583.1,1.91745,1.98165
2025-07-24T06:13:38.814666,XRP-USDT,3.0679,3.0689,10403.0,0.0
2025-07-24T06:13:39.122971,ETH-USDT,3555.73,3555.32,26.94,0.0
2025-07-24T06:13:39.125518,LTC-USDT,108.94,0.0,294.8,0.0
2025-07-24T06:13:39.125576,SOL-USDT,182.995,183.04,594.3,0.0
2025-07-24T06:13:39.125618,BTC-USDT,117582.8,117583.1,1.5432,1.72305
2025-07-24T06:13:39.125936,XRP-USDT,3.0687,3.0686,8263.0,0.0
2025-07-24T06:13:39.443230,ETH-USDT,3556.18,3555.82,58.53,0.0
2025-07-24T06:13:39.452069,LTC-USDT,0.0,109.38,0.0,0.0
2025-07-24T06:13:39.452104,SOL-USDT,183.035,183.015,586.4,0.0
2025-07-24T06:13:39.452128,BTC-USDT,117582.8,117583.1,3.3165,3.25725
2025-07-24T06:13:39.452150,XRP-USDT,3.0696,3.0694,5329.0,0.0
2025-07-24T06:13:39.767766,ETH-USDT,3556.18,3555.99,0.0,50.805
2025-07-24T06:13:39.767810,LTC-USDT,109.08,0.0,143.1,0.0
2025-07-24T06:13:39.767844,SOL-USDT,183.035,183.075,0.0,319.7
2025-07-24T06:13:39.767892,BTC-USDT,117582.8,117583.1,1.5432,3.7617
2025-07-24T06:13:39.767933,XRP-USDT,3.0696,3.0695,0.0,16412.0
2025-07-24T06:13:40.084352,ETH-USDT,3551.77,3555.99,18.99,69.06
2025-07-24T06:13:40.084393,LTC-USDT,0.0,109.48,0.0,273.9
2025-07-24T06:13:40.084428,SOL-USDT,183.015,183.065,0.0,248.6
2025-07-24T06:13:40.084453,BTC-USDT,117582.8,117583.1,3.36255,3.82755
2025-07-24T06:13:40.084476,XRP-USDT,0.0,3.0695,0.0,32174.0
2025-07-24T06:13:40.393933,ETH-USDT,3555.97,3555.77,0.0,133.53
2025-07-24T06:13:40.395056,LTC-USDT,0.0,109.48,0.0,270.3
2025-07-24T06:13:40.395145,SOL-USDT,182.954,183.336,288.7,0.0
2025-07-24T06:13:40.395226,BTC-USDT,117582.8,117583.1,3.2238,3.39465
2025-07-24T06:13:40.395297,XRP-USDT,3.0667,3.0778,19327.0,0.0
2025-07-24T06:13:40.718583,ETH-USDT,3555.91,3555.77,130.065,0.0
2025-07-24T06:13:40.724014,BTC-USDT,117582.8,117583.1,3.20595,3.98205
2025-07-24T06:13:40.724058,XRP-USDT,3.0702,3.0695,18333.0,0.0
2025-07-24T06:13:40.724093,SOL-USDT,183.025,183.065,242.8,0.0
2025-07-24T06:13:41.037287,ETH-USDT,3556.51,3555.94,75.675,0.0
2025-07-24T06:13:41.046541,LTC-USDT,109.16,109.54,219.9,0.0
2025-07-24T06:13:41.050931,SOL-USDT,183.045,183.085,180.4,0.0
2025-07-24T06:13:41.050978,BTC-USDT,117582.8,117583.1,5.4591,7.7622
2025-07-24T06:13:41.051006,XRP-USDT,3.0705,3.071,11548.0,0.0
2025-07-24T06:13:41.342357,ETH-USDT,3556.51,3562.59,129.225,0.0
2025-07-24T06:13:41.342707,SOL-USDT,182.97,183.118,101.7,0.0
2025-07-24T06:13:41.342802,LTC-USDT,0.0,109.42,0.0,0.0
2025-07-24T06:13:41.343471,BTC-USDT,117582.8,117583.1,3.62775,8.1015
2025-07-24T06:13:41.344779,XRP-USDT,3.0674,3.0956,40867.0,2174.0
2025-07-24T06:13:41.654376,ETH-USDT,3556.73,3556.54,52.59,0.0
2025-07-24T06:13:41.654489,LTC-USDT,109.2,109.49,219.8,0.0
2025-07-24T06:13:41.654529,SOL-USDT,183.065,183.105,346.5,0.0
2025-07-24T06:13:41.654564,BTC-USDT,117582.8,117583.1,5.1765,8.4147
2025-07-24T06:13:41.654603,XRP-USDT,3.0713,3.0712,18487.0,0.0
2025-07-24T06:13:41.969600,ETH-USDT,3557.21,3556.74,65.52,0.0
2025-07-24T06:13:41.969645,LTC-USDT,109.12,109.52,0.0,0.0
2025-07-24T06:13:41.969676,SOL-USDT,183.085,183.125,241.8,0.0
2025-07-24T06:13:41.969704,BTC-USDT,117582.8,117583.1,7.2231,10.26675
2025-07-24T06:13:41.969742,XRP-USDT,3.072,3.0719,16535.0,0.0
2025-07-24T06:13:42.279826,ETH-USDT,3557.26,3557.28,59.625,0.0
2025-07-24T06:13:42.280269,LTC-USDT,0.0,109.48,0.0,0.0
2025-07-24T06:13:42.280853,SOL-USDT,183.115,183.15,171.9,0.0
2025-07-24T06:13:42.284767,BTC-USDT,117588.1,117583.1,0.8472,0.0
2025-07-24T06:13:42.284809,XRP-USDT,3.0721,3.0728,28866.0,16517.0
2025-07-24T06:13:42.592997,ETH-USDT,3557.31,3557.29,58.5,0.0
2025-07-24T06:13:42.593114,LTC-USDT,109.24,109.52,219.8,273.8
2025-07-24T06:13:42.593171,SOL-USDT,183.1,183.155,0.0,546.6
2025-07-24T06:13:42.593256,BTC-USDT,117591.3,117588.6,1.34085,0.0
2025-07-24T06:13:42.593307,XRP-USDT,3.0722,3.0728,5740.0,0.0
2025-07-24T06:13:42.911168,ETH-USDT,3557.46,3557.39,51.33,0.0
2025-07-24T06:13:42.911226,LTC-USDT,0.0,109.68,0.0,264.1
2025-07-24T06:13:42.912300,SOL-USDT,183.093,183.157,236.7,220.5
2025-07-24T06:13:42.912346,BTC-USDT,117590.9,117591.6,1.34775,3.8268
2025-07-24T06:13:42.912383,XRP-USDT,3.0722,3.0728,12128.0,4424.0
2025-07-24T06:13:43.218937,ETH-USDT,3557.46,3557.49,176.925,131.22
2025-07-24T06:13:43.220025,SOL-USDT,183.088,183.162,75.6,180.1
2025-07-24T06:13:43.221995,BTC-USDT,117591.9,117591.6,3.8268,0.0
2025-07-24T06:13:43.222097,XRP-USDT,3.0683,3.0728,22294.0,6747.0
2025-07-24T06:13:43.531560,ETH-USDT,3557.57,3557.49,57.375,0.0
2025-07-24T06:13:43.531624,LTC-USDT,0.0,109.7,0.0,10.8
2025-07-24T06:13:43.531666,SOL-USDT,183.115,183.155,285.6,0.0
2025-07-24T06:13:43.531928,BTC-USDT,117596.7,117592.2,2.196,0.0
2025-07-24T06:13:43.531966,XRP-USDT,3.0727,3.0728,11419.0,0.0
2025-07-24T06:13:43.840116,ETH-USDT,3557.6,3557.6,140.31,0.0
2025-07-24T06:13:43.841939,LTC-USDT,109.28,109.52,219.7,0.0
2025-07-24T06:13:43.843188,SOL-USDT,183.145,183.135,130.9,0.0
2025-07-24T06:13:43.843386,BTC-USDT,117599.6,117597.6,2.19405,0.0
2025-07-24T06:13:43.843436,XRP-USDT,3.0728,3.0734,13467.0,0.0
2025-07-24T06:13:44.154410,ETH-USDT,3558.18,3557.62,121.665,0.0
2025-07-24T06:13:44.154811,LTC-USDT,109.2,110.78,0.0,13.7
2025-07-24T06:13:44.154956,SOL-USDT,183.175,183.205,114.5,0.0
2025-07-24T06:13:44.157851,XRP-USDT,3.0734,3.0735,18976.0,0.0
2025-07-24T06:13:44.157919,BTC-USDT,117607.7,117599.9,2.18175,0.0
2025-07-24T06:13:44.463676,ETH-USDT,3558.55,3558.2,131.01,0.0
2025-07-24T06:13:44.463719,LTC-USDT,109.32,109.56,219.6,0.0
2025-07-24T06:13:44.463779,SOL-USDT,183.195,183.235,426.9,0.0
2025-07-24T06:13:44.463820,BTC-USDT,117617.1,117609.2,1.5456,0.0
2025-07-24T06:13:44.463852,XRP-USDT,3.0738,3.0743,10786.0,31840.0
2025-07-24T06:13:44.773109,ETH-USDT,3556.58,3564.44,61.665,11.565
2025-07-24T06:13:44.773158,LTC-USDT,109.12,109.63,0.0,273.5
2025-07-24T06:13:44.773190,SOL-USDT,183.054,183.928,206.2,0.0
2025-07-24T06:13:44.773216,BTC-USDT,117617.1,117617.4,1.76865,2.1144
2025-07-24T06:13:44.773238,XRP-USDT,3.0738,3.0743,22829.0,0.0
2025-07-24T06:13:45.090131,ETH-USDT,3556.77,3563.63,51.48,0.0
2025-07-24T06:13:45.090201,LTC-USDT,109.24,0.0,219.8,0.0
2025-07-24T06:13:45.090231,SOL-USDT,183.205,183.255,463.3,0.0
2025-07-24T06:13:45.090290,BTC-USDT,117617.1,117617.4,2.06655,2.00505
2025-07-24T06:13:45.090319,XRP-USDT,0.0,3.0784,0.0,0.0
2025-07-24T06:13:45.390304,ETH-USDT,3558.73,3558.58,45.15,0.0
2025-07-24T06:13:45.390596,LTC-USDT,109.31,109.58,219.7,0.0
2025-07-24T06:13:45.390718,SOL-USDT,183.235,183.265,193.1,0.0
2025-07-24T06:13:45.391202,BTC-USDT,117617.1,117617.4,2.00595,2.02725
2025-07-24T06:13:45.392446,XRP-USDT,3.0741,3.0745,14462.0,0.0
2025-07-24T06:13:45.714324,ETH-USDT,3558.77,3558.8,72.78,122.85
2025-07-24T06:13:45.714442,LTC-USDT,109.35,0.0,219.5,0.0
2025-07-24T06:13:45.714472,SOL-USDT,183.235,188.178,581.9,0.0
2025-07-24T06:13:45.714498,BTC-USDT,117621.3,117617.4,3.6798,0.0
2025-07-24T06:13:45.714522,XRP-USDT,3.074,3.0747,27188.0,18706.0
2025-07-24T06:13:46.038301,ETH-USDT,3558.82,3558.8,104.37,0.0
2025-07-24T06:13:46.038346,LTC-USDT,109.32,109.6,0.0,273.6
2025-07-24T06:13:46.038375,SOL-USDT,183.235,183.577,488.3,653.4
2025-07-24T06:13:46.038400,BTC-USDT,117620.9,117622.2,3.60285,9.2358
2025-07-24T06:13:46.038426,XRP-USDT,3.0747,3.0747,18990.0,0.0
2025-07-24T06:13:46.351569,LTC-USDT,108.54,0.0,120.7,0.0
2025-07-24T06:13:46.351721,SOL-USDT,183.245,183.296,249.1,0.0
2025-07-24T06:13:46.352117,BTC-USDT,117621.4,117622.2,1.83,9.17205
2025-07-24T06:13:46.352165,XRP-USDT,3.0738,3.075,46484.0,33715.0
2025-07-24T06:13:46.355222,ETH-USDT,3558.9,3558.85,127.815,0.0
2025-07-24T06:13:46.664043,ETH-USDT,3557.27,3564.93,49.44,0.0
2025-07-24T06:13:46.664108,LTC-USDT,109.08,109.64,54.0,0.0
2025-07-24T06:13:46.664143,SOL-USDT,183.088,0.0,0.0,0.0
2025-07-24T06:13:46.664175,BTC-USDT,117621.4,117622.2,0.0,9.27975
2025-07-24T06:13:46.664207,XRP-USDT,3.0747,3.0747,0.0,28408.0
2025-07-24T06:13:46.968147,ETH-USDT,3557.31,0.0,58.5,0.0
2025-07-24T06:13:46.969296,LTC-USDT,109.18,109.6,158.3,0.0
2025-07-24T06:13:46.969339,SOL-USDT,183.107,0.0,0.0,0.0
2025-07-24T06:13:46.969644,BTC-USDT,117620.9,117622.2,3.63195,9.09105
2025-07-24T06:13:46.970010,XRP-USDT,3.0726,3.0973,11389.0,0.0
2025-07-24T06:13:47.280211,ETH-USDT,3557.48,3566.56,0.0,69.975
2025-07-24T06:13:47.280242,LTC-USDT,0.0,109.62,0.0,273.6
2025-07-24T06:13:47.283703,SOL-USDT,183.174,0.0,100.9,0.0
2025-07-24T06:13:47.283746,BTC-USDT,117621.4,117622.2,1.8063,8.6988
2025-07-24T06:13:47.283778,XRP-USDT,3.0746,3.0744,0.0,28031.0
2025-07-24T06:13:47.620404,ETH-USDT,3558.47,3564.78,0.0,91.62
2025-07-24T06:13:47.620803,LTC-USDT,108.9,109.7,90.9,0.0
2025-07-24T06:13:47.620838,SOL-USDT,183.173,0.0,99.4,0.0
2025-07-24T06:13:47.620916,BTC-USDT,117621.4,117622.2,0.0,7.17795
2025-07-24T06:13:47.620954,XRP-USDT,3.0737,3.0743,16169.0,35188.0
2025-07-24T06:13:47.899060,ETH-USDT,3558.5,0.0,62.01,0.0
2025-07-24T06:13:47.902835,LTC-USDT,109.05,0.0,0.0,0.0
2025-07-24T06:13:47.903803,SOL-USDT,183.165,0.0,136.5,0.0
2025-07-24T06:13:47.908390,BTC-USDT,117620.9,117622.2,4.686,8.99475
2025-07-24T06:13:47.908667,XRP-USDT,3.0742,3.0743,13041.0,0.0
2025-07-24T06:13:48.219143,ETH-USDT,3558.46,0.0,0.0,0.0
2025-07-24T06:13:48.220132,SOL-USDT,183.245,183.295,0.0,201.8
2025-07-24T06:13:48.220899,BTC-USDT,117621.4,117622.2,3.4386,9.20415
2025-07-24T06:13:48.221115,XRP-USDT,3.0742,3.0746,0.0,7137.0
2025-07-24T06:13:48.618367,ETH-USDT,3557.53,3565.57,64.05,0.0
2025-07-24T06:13:48.618414,LTC-USDT,0.0,109.65,0.0,0.0
2025-07-24T06:13:48.618454,SOL-USDT,183.235,183.295,556.0,410.5
2025-07-24T06:13:48.618488,BTC-USDT,117621.5,117621.8,1.9398,0.0
2025-07-24T06:13:48.618518,XRP-USDT,3.074,3.0746,12097.0,0.0
2025-07-24T06:13:48.858897,ETH-USDT,3558.9,3558.93,53.37,0.0
2025-07-24T06:13:48.860058,LTC-USDT,109.22,0.0,60.3,0.0
2025-07-24T06:13:48.862295,SOL-USDT,183.245,183.295,522.7,0.0
2025-07-24T06:13:48.862340,BTC-USDT,117621.1,117622.3,5.4921,3.08835
2025-07-24T06:13:48.862387,XRP-USDT,3.0747,3.0747,7906.0,0.0
2025-07-24T06:13:49.170147,ETH-USDT,3558.93,3558.95,131.07,3.84
2025-07-24T06:13:49.170198,LTC-USDT,0.0,110.78,0.0,0.0
2025-07-24T06:13:49.174059,SOL-USDT,183.245,183.305,250.0,336.6
2025-07-24T06:13:49.174102,BTC-USDT,117621.6,117621.9,1.46325,1.46145
2025-07-24T06:13:49.174137,XRP-USDT,3.0747,3.0756,5737.0,10144.0
2025-07-24T06:13:49.490822,ETH-USDT,3559.2,3558.95,60.6,0.0
2025-07-24T06:13:49.490897,LTC-USDT,109.0,109.62,313.7,0.0
2025-07-24T06:13:49.490936,SOL-USDT,183.243,183.305,140.6,584.1
2025-07-24T06:13:49.490966,BTC-USDT,117621.6,117621.9,1.7775,1.46145
2025-07-24T06:13:49.490994,XRP-USDT,3.0747,3.0752,0.0,13282.0
2025-07-24T06:13:49.832750,ETH-USDT,3559.2,3559.23,121.17,55.95
2025-07-24T06:13:49.832796,SOL-USDT,183.11,0.0,0.0,0.0
2025-07-24T06:13:49.832829,BTC-USDT,117621.6,117621.9,2.1966,3.63015
2025-07-24T06:13:49.832901,XRP-USDT,3.072,3.0938,0.0,0.0
2025-07-24T06:13:49.832942,LTC-USDT,109.38,109.66,219.5,273.5
2025-07-24T06:13:50.128782,ETH-USDT,3559.23,3559.23,138.0,0.0
2025-07-24T06:13:50.130195,LTC-USDT,0.0,109.66,0.0,249.0
2025-07-24T06:13:50.130244,SOL-USDT,183.2,183.311,351.4,110.7
2025-07-24T06:13:50.130274,BTC-USDT,117621.6,117621.9,0.0,5.93115
2025-07-24T06:13:50.130305,XRP-USDT,3.0707,3.0753,0.0,19630.0
2025-07-24T06:13:50.444246,ETH-USDT,3558.85,0.0,55.905,0.0
2025-07-24T06:13:50.444288,LTC-USDT,109.22,109.74,0.0,245.3
2025-07-24T06:13:50.444322,SOL-USDT,183.1,183.31,0.0,76.3
2025-07-24T06:13:50.444345,BTC-USDT,117621.6,117621.9,1.6116,5.361
2025-07-24T06:13:50.444366,XRP-USDT,3.0725,3.0753,0.0,15230.0
2025-07-24T06:13:50.749018,ETH-USDT,3558.84,0.0,51.885,0.0
2025-07-24T06:13:50.749622,LTC-USDT,109.18,0.0,158.3,0.0
2025-07-24T06:13:50.750498,XRP-USDT,3.0729,3.0754,5895.0,13297.0
2025-07-24T06:13:50.752131,BTC-USDT,117621.6,117621.9,1.6116,5.75565
2025-07-24T06:13:51.072003,ETH-USDT,3558.68,0.0,51.81,0.0
2025-07-24T06:13:51.072044,LTC-USDT,0.0,109.82,0.0,0.0
2025-07-24T06:13:51.072080,SOL-USDT,183.087,183.311,0.0,228.6
2025-07-24T06:13:51.072118,BTC-USDT,117621.6,117621.9,3.3438,3.63015
2025-07-24T06:13:51.072151,XRP-USDT,3.0717,0.0,0.0,0.0
2025-07-24T06:13:51.377839,ETH-USDT,3557.4,0.0,0.0,0.0
2025-07-24T06:13:51.379332,SOL-USDT,0.0,183.31,0.0,191.1
2025-07-24T06:13:51.380546,BTC-USDT,117621.6,117621.9,1.6116,7.2651
2025-07-24T06:13:51.380592,XRP-USDT,3.0721,0.0,0.0,0.0
2025-07-24T06:13:51.702147,ETH-USDT,3559.23,3558.85,0.0,99.855
2025-07-24T06:13:51.702436,LTC-USDT,109.38,109.6,0.0,273.6
2025-07-24T06:13:51.703748,SOL-USDT,183.245,183.302,0.0,99.5
2025-07-24T06:13:51.703821,BTC-USDT,117621.6,117621.9,5.9547,5.55195
2025-07-24T06:13:51.704166,XRP-USDT,3.0745,3.0742,0.0,14386.0
2025-07-24T06:13:52.011680,ETH-USDT,3558.82,3558.49,0.0,103.455
2025-07-24T06:13:52.011754,LTC-USDT,109.35,109.64,0.0,273.5
2025-07-24T06:13:52.011789,SOL-USDT,183.235,183.275,335.9,125.6
2025-07-24T06:13:52.012017,BTC-USDT,117621.6,117621.9,3.69975,7.07565
2025-07-24T06:13:52.012239,XRP-USDT,3.0735,3.0737,0.0,5546.0
2025-07-24T06:13:52.318699,ETH-USDT,3557.53,3558.49,0.0,51.0
2025-07-24T06:13:52.322038,LTC-USDT,0.0,109.78,0.0,0.0
2025-07-24T06:13:52.322081,SOL-USDT,182.993,183.28,0.0,185.4
2025-07-24T06:13:52.322114,BTC-USDT,117621.6,117621.9,3.69975,7.7643
2025-07-24T06:13:52.331207,XRP-USDT,3.0732,3.0737,7565.0,0.0
2025-07-24T06:13:52.639342,ETH-USDT,3557.55,3558.49,0.0,54.18
2025-07-24T06:13:52.640708,LTC-USDT,108.88,109.78,7.2,192.4
2025-07-24T06:13:52.640750,SOL-USDT,183.169,183.305,0.0,0.0
2025-07-24T06:13:52.640783,BTC-USDT,117621.6,117621.9,7.62,5.55195
2025-07-24T06:13:52.641195,XRP-USDT,3.0732,3.0756,15508.0,14733.0
2025-07-24T06:13:52.968100,ETH-USDT,0.0,3558.49,0.0,113.175
2025-07-24T06:13:52.968142,LTC-USDT,0.0,109.7,0.0,0.0
2025-07-24T06:13:52.968175,SOL-USDT,183.189,183.311,0.0,117.9
2025-07-24T06:13:52.968200,XRP-USDT,3.0732,3.0824,16096.0,0.0
2025-07-24T06:13:52.968220,BTC-USDT,117621.6,117621.9,5.89275,7.2408
2025-07-24T06:13:53.278195,ETH-USDT,0.0,3558.49,0.0,167.805
2025-07-24T06:13:53.280745,SOL-USDT,183.2,0.0,0.0,0.0
2025-07-24T06:13:53.281144,BTC-USDT,117621.6,117621.9,5.89275,7.5459
2025-07-24T06:13:53.290842,XRP-USDT,3.0732,3.0734,0.0,34570.0
2025-07-24T06:13:53.598484,ETH-USDT,0.0,3558.49,0.0,169.08
2025-07-24T06:13:53.599581,SOL-USDT,183.215,183.266,0.0,126.2
2025-07-24T06:13:53.599626,BTC-USDT,117621.6,117621.9,5.89275,6.96405
2025-07-24T06:13:53.599664,XRP-USDT,3.0728,0.0,10795.0,0.0
2025-07-24T06:13:53.919223,ETH-USDT,0.0,3558.49,0.0,179.07
2025-07-24T06:13:53.919628,LTC-USDT,109.28,110.82,0.0,230.3
2025-07-24T06:13:53.921785,BTC-USDT,117621.6,117621.9,7.7667,5.55195
2025-07-24T06:13:53.921838,SOL-USDT,183.205,183.245,0.0,108.3
2025-07-24T06:13:53.921905,XRP-USDT,3.0728,3.0733,0.0,37925.0
2025-07-24T06:13:54.230813,ETH-USDT,0.0,3558.49,0.0,164.91
2025-07-24T06:13:54.230858,SOL-USDT,0.0,183.306,0.0,0.0
2025-07-24T06:13:54.230917,LTC-USDT,109.24,0.0,213.6,0.0
2025-07-24T06:13:54.230975,BTC-USDT,117621.6,117621.9,5.89275,7.22415
2025-07-24T06:13:54.231018,XRP-USDT,3.0729,3.0733,12754.0,0.0
2025-07-24T06:13:54.549045,ETH-USDT,3558.52,3558.49,24.105,0.0
2025-07-24T06:13:54.550199,SOL-USDT,183.195,183.245,110.6,0.0
2025-07-24T06:13:54.551646,BTC-USDT,117621.6,117621.9,5.89275,7.6203
2025-07-24T06:13:54.551713,XRP-USDT,3.0729,3.0734,0.0,6909.0
2025-07-24T06:13:54.858679,ETH-USDT,3558.76,3558.62,103.425,0.0
2025-07-24T06:13:54.859147,SOL-USDT,183.225,183.255,130.9,0.0
2025-07-24T06:13:54.859701,BTC-USDT,117621.6,117621.9,5.89275,7.074
2025-07-24T06:13:54.861780,XRP-USDT,3.0729,3.0734,12014.0,0.0
2025-07-24T06:13:55.178590,ETH-USDT,0.0,3558.79,0.0,109.335
2025-07-24T06:13:55.179119,SOL-USDT,182.806,0.0,525.4,0.0
2025-07-24T06:13:55.180262,BTC-USDT,117621.6,117621.9,8.03775,5.55195
2025-07-24T06:13:55.180304,XRP-USDT,3.0729,3.0733,0.0,4577.0
2025-07-24T06:13:55.498264,ETH-USDT,3548.92,3558.92,2.655,47.25
2025-07-24T06:13:55.499503,SOL-USDT,183.235,0.0,255.9,0.0
2025-07-24T06:13:55.499537,BTC-USDT,117621.6,117621.9,5.89275,7.1769
2025-07-24T06:13:55.499994,XRP-USDT,3.0726,3.073,0.0,11617.0
2025-07-24T06:13:55.819240,ETH-USDT,3558.42,3558.9,0.0,55.455
2025-07-24T06:13:55.820860,SOL-USDT,183.225,183.275,0.0,123.5
2025-07-24T06:13:55.820926,BTC-USDT,117621.6,117621.9,7.47885,5.55195
2025-07-24T06:13:55.820962,XRP-USDT,3.0724,3.0728,0.0,5659.0
2025-07-24T06:13:56.129185,ETH-USDT,3558.9,3558.79,112.86,0.0
2025-07-24T06:13:56.130327,BTC-USDT,117621.6,117621.9,5.89275,9.1905
2025-07-24T06:13:56.130371,SOL-USDT,183.335,183.275,78.7,0.0
2025-07-24T06:13:56.130405,XRP-USDT,3.0724,3.0728,10535.0,0.0
2025-07-24T06:13:56.441456,ETH-USDT,3554.46,0.0,55.485,0.0
2025-07-24T06:13:56.442028,SOL-USDT,183.335,183.325,0.0,194.9
2025-07-24T06:13:56.442065,BTC-USDT,117621.6,117621.9,7.77315,7.035
2025-07-24T06:13:56.442094,XRP-USDT,3.0726,3.0731,14524.0,0.0
2025-07-24T06:13:56.748699,ETH-USDT,3558.9,3558.91,0.0,68.355
2025-07-24T06:13:56.749317,SOL-USDT,183.3,183.295,0.0,249.9
2025-07-24T06:13:56.749648,BTC-USDT,117621.6,117621.9,5.89275,7.035
2025-07-24T06:13:56.750136,XRP-USDT,3.0726,3.0722,0.0,14655.0
2025-07-24T06:13:57.062834,ETH-USDT,3558.88,3558.62,0.0,58.65
2025-07-24T06:13:57.062892,LTC-USDT,109.32,109.56,0.0,273.7
2025-07-24T06:13:57.062925,SOL-USDT,183.235,183.195,0.0,444.2
2025-07-24T06:13:57.062967,BTC-USDT,117621.6,117621.8,5.89275,1.69185
2025-07-24T06:13:57.062998,XRP-USDT,3.0715,3.0713,0.0,18715.0
2025-07-24T06:13:57.369447,ETH-USDT,3558.59,3558.57,0.0,101.415
2025-07-24T06:13:57.369489,LTC-USDT,109.2,0.0,104.5,0.0
2025-07-24T06:13:57.369522,SOL-USDT,183.165,183.195,315.6,0.0
2025-07-24T06:13:57.369662,BTC-USDT,117621.4,117622.2,3.44175,9.63345
2025-07-24T06:13:57.369701,XRP-USDT,3.0706,3.0712,0.0,32426.0
2025-07-24T06:13:57.842196,ETH-USDT,3558.55,3562.2,66.495,47.37
2025-07-24T06:13:57.853517,LTC-USDT,109.26,109.6,219.8,0.0
2025-07-24T06:13:57.853567,SOL-USDT,182.778,183.225,0.0,180.2
2025-07-24T06:13:57.853604,BTC-USDT,117621.4,117622.2,3.44175,7.69725
2025-07-24T06:13:57.853642,XRP-USDT,3.0649,3.0743,0.0,9850.0
2025-07-24T06:13:58.158291,LTC-USDT,109.32,109.56,219.6,0.0
2025-07-24T06:13:58.158328,ETH-USDT,3559.17,3558.57,70.59,0.0
2025-07-24T06:13:58.158359,SOL-USDT,183.205,183.225,484.4,0.0
2025-07-24T06:13:58.158387,BTC-USDT,117621.4,117622.2,3.44175,9.62325
2025-07-24T06:13:58.158415,XRP-USDT,3.0708,3.0712,17190.0,0.0
2025-07-24T06:13:58.487678,ETH-USDT,3559.17,3559.25,136.275,97.77
2025-07-24T06:13:58.487717,LTC-USDT,108.94,109.6,0.0,0.0
2025-07-24T06:13:58.487756,SOL-USDT,183.205,183.265,279.0,329.3
2025-07-24T06:13:58.487790,BTC-USDT,117621.4,117622.2,5.5614,9.73125
2025-07-24T06:13:58.487826,XRP-USDT,3.0708,3.0713,0.0,6583.0
2025-07-24T06:13:58.790543,ETH-USDT,3559.17,3558.91,0.0,126.06
2025-07-24T06:13:58.790782,LTC-USDT,108.98,109.58,118.9,273.7
2025-07-24T06:13:58.790833,SOL-USDT,0.0,183.265,0.0,215.1
2025-07-24T06:13:58.790891,BTC-USDT,117621.4,117622.2,3.44175,9.72795
2025-07-24T06:13:58.793159,XRP-USDT,3.0701,3.0705,14799.0,35560.0
2025-07-24T06:13:59.104601,ETH-USDT,3554.27,0.0,28.245,0.0
2025-07-24T06:13:59.105079,SOL-USDT,0.0,183.265,0.0,330.0
2025-07-24T06:13:59.105726,LTC-USDT,109.28,109.62,0.0,0.0
2025-07-24T06:13:59.106364,BTC-USDT,117621.4,117622.2,3.44175,12.1275
2025-07-24T06:13:59.108166,XRP-USDT,3.0653,3.0748,0.0,0.0
2025-07-24T06:13:59.417202,ETH-USDT,3554.27,0.0,0.0,0.0
2025-07-24T06:13:59.417245,SOL-USDT,183.22,183.265,326.9,0.0
2025-07-24T06:13:59.428067,BTC-USDT,117621.4,117622.2,3.44175,11.6763
2025-07-24T06:13:59.428157,XRP-USDT,3.0701,3.0705,44085.0,0.0
2025-07-24T06:13:59.722763,ETH-USDT,3559.05,3558.91,61.665,0.0
2025-07-24T06:13:59.725926,SOL-USDT,183.22,183.285,549.9,238.6
2025-07-24T06:13:59.736180,BTC-USDT,117621.4,117622.2,3.44175,11.9625
2025-07-24T06:13:59.736236,XRP-USDT,3.0707,3.0708,13256.0,0.0
2025-07-24T06:14:00.043605,ETH-USDT,3559.68,3559.07,61.14,0.0
2025-07-24T06:14:00.043679,LTC-USDT,108.86,0.0,209.9,0.0
2025-07-24T06:14:00.043716,SOL-USDT,183.275,183.285,128.5,0.0
2025-07-24T06:14:00.043749,BTC-USDT,117621.4,117621.8,5.38065,0.0
2025-07-24T06:14:00.043783,XRP-USDT,3.071,3.0714,37383.0,0.0
2025-07-24T06:14:00.360529,ETH-USDT,3560.17,3559.7,12.885,0.0
2025-07-24T06:14:00.360581,LTC-USDT,0.0,109.58,0.0,0.0
2025-07-24T06:14:00.360615,SOL-USDT,183.281,183.335,125.3,0.0
2025-07-24T06:14:00.360643,BTC-USDT,117611.0,117621.9,1.91325,0.0
2025-07-24T06:14:00.360673,XRP-USDT,3.0715,3.0717,31588.0,0.0
2025-07-24T06:14:00.689212,ETH-USDT,3560.17,3559.95,0.0,64.215
2025-07-24T06:14:00.689250,LTC-USDT,109.26,0.0,277.8,0.0
2025-07-24T06:14:00.689278,SOL-USDT,183.281,183.315,0.0,185.9
2025-07-24T06:14:00.689305,BTC-USDT,117631.2,117623.9,3.60345,0.0
2025-07-24T06:14:00.689331,XRP-USDT,3.0715,3.071,0.0,5993.0
2025-07-24T06:14:00.995727,ETH-USDT,3559.89,3559.85,0.0,58.95
2025-07-24T06:14:00.995765,LTC-USDT,0.0,109.58,0.0,273.7
2025-07-24T06:14:00.995800,SOL-USDT,183.255,183.305,234.3,553.5
2025-07-24T06:14:00.995835,BTC-USDT,117631.2,117647.5,1.9119,0.0
2025-07-24T06:14:01.007949,XRP-USDT,3.0709,3.071,0.0,0.0
2025-07-24T06:14:01.290510,ETH-USDT,3559.8,0.0,117.825,0.0
2025-07-24T06:14:01.292940,SOL-USDT,183.16,183.382,340.6,79.3
2025-07-24T06:14:01.293818,BTC-USDT,117631.2,117756.2,2.2938,0.0
2025-07-24T06:14:01.293854,XRP-USDT,3.0709,3.0716,27074.0,23936.0
2025-07-24T06:14:01.616270,ETH-USDT,3559.8,3565.73,123.195,0.0
2025-07-24T06:14:01.616499,LTC-USDT,0.0,109.58,0.0,0.0
2025-07-24T06:14:01.616551,SOL-USDT,183.285,183.305,280.4,0.0
2025-07-24T06:14:01.616592,BTC-USDT,117637.6,117631.6,1.46295,0.0
2025-07-24T06:14:01.616632,XRP-USDT,3.0714,3.0716,7475.0,0.0
2025-07-24T06:14:01.940606,SOL-USDT,183.305,183.349,202.6,0.0
2025-07-24T06:14:01.940695,BTC-USDT,117640.4,117638.4,1.6272,0.0
2025-07-24T06:14:01.940732,XRP-USDT,3.072,3.0721,6857.0,0.0
2025-07-24T06:14:01.948245,ETH-USDT,3560.0,3559.85,68.745,0.0
2025-07-24T06:14:02.254686,ETH-USDT,3560.09,3560.04,48.345,0.0
2025-07-24T06:14:02.254732,LTC-USDT,109.36,109.62,219.5,0.0
2025-07-24T06:14:02.254774,SOL-USDT,183.324,183.325,284.5,0.0
2025-07-24T06:14:02.254812,BTC-USDT,117640.4,117641.2,1.6272,6.4245
2025-07-24T06:14:02.254844,XRP-USDT,3.0715,3.0729,6527.0,0.0
2025-07-24T06:14:02.585789,ETH-USDT,3558.79,3560.12,54.795,111.555
2025-07-24T06:14:02.585819,SOL-USDT,183.335,183.385,255.1,257.5
2025-07-24T06:14:02.585846,BTC-USDT,117640.4,117641.2,3.66765,6.36
2025-07-24T06:14:02.585892,XRP-USDT,3.0726,3.0725,38554.0,0.0
2025-07-24T06:14:02.883184,ETH-USDT,3560.34,3560.1,63.375,0.0
2025-07-24T06:14:02.890732,LTC-USDT,109.0,109.72,0.0,273.3
2025-07-24T06:14:02.890789,SOL-USDT,183.219,183.396,0.0,498.9
2025-07-24T06:14:02.890832,BTC-USDT,117640.4,117641.2,5.3634,7.16265
2025-07-24T06:14:02.890907,XRP-USDT,0.0,3.0733,0.0,26678.0
2025-07-24T06:14:03.205604,ETH-USDT,3560.49,3560.41,108.285,0.0
2025-07-24T06:14:03.210559,LTC-USDT,0.0,109.72,0.0,200.4
2025-07-24T06:14:03.216724,SOL-USDT,183.345,183.395,216.2,0.0
2025-07-24T06:14:03.216752,BTC-USDT,117640.4,117641.2,3.4362,7.08345
2025-07-24T06:14:03.216777,XRP-USDT,3.0726,3.073,0.0,18518.0
2025-07-24T06:14:03.528388,ETH-USDT,3560.68,3560.52,72.465,0.0
2025-07-24T06:14:03.528416,SOL-USDT,183.239,183.405,0.0,219.9
2025-07-24T06:14:03.528440,BTC-USDT,117640.4,117641.2,3.4362,6.8634
2025-07-24T06:14:03.528465,XRP-USDT,3.0724,3.073,35304.0,0.0
2025-07-24T06:14:03.834752,ETH-USDT,3560.68,3560.23,0.0,100.2
2025-07-24T06:14:03.835088,SOL-USDT,183.365,183.355,278.0,0.0
2025-07-24T06:14:03.844904,BTC-USDT,117640.4,117641.2,3.4362,6.7998
2025-07-24T06:14:03.844957,XRP-USDT,3.0726,3.0731,32135.0,6042.0
2025-07-24T06:14:04.153380,ETH-USDT,3560.47,3560.23,1.47,0.0
2025-07-24T06:14:04.153479,LTC-USDT,109.4,109.64,219.5,0.0
2025-07-24T06:14:04.153573,SOL-USDT,183.415,183.366,177.6,0.0
2025-07-24T06:14:04.153667,BTC-USDT,117640.6,117640.8,2.1303,0.0
2025-07-24T06:14:04.153743,XRP-USDT,3.0732,3.0727,30551.0,0.0
2025-07-24T06:14:04.473542,ETH-USDT,3560.69,3560.58,53.505,0.0
2025-07-24T06:14:04.473607,LTC-USDT,108.84,109.79,212.0,23.5
2025-07-24T06:14:04.473641,SOL-USDT,183.425,183.485,759.3,286.8
2025-07-24T06:14:04.473677,BTC-USDT,117649.2,117644.2,3.04845,0.0
2025-07-24T06:14:04.473711,XRP-USDT,3.0733,3.0738,22956.0,0.0
2025-07-24T06:14:04.774103,ETH-USDT,3560.69,3560.72,65.31,0.0
2025-07-24T06:14:04.774147,LTC-USDT,108.76,0.0,0.0,0.0
2025-07-24T06:14:04.774179,SOL-USDT,183.425,183.465,512.9,622.6
2025-07-24T06:14:04.774208,BTC-USDT,117649.2,117744.9,6.60225,0.35385
2025-07-24T06:14:04.774239,XRP-USDT,3.0733,3.0734,0.0,11989.0
2025-07-24T06:14:05.090219,ETH-USDT,3560.69,3560.41,0.0,59.895
2025-07-24T06:14:05.092853,LTC-USDT,109.36,109.79,0.0,0.0
2025-07-24T06:14:05.093451,SOL-USDT,183.404,183.435,0.0,203.9
2025-07-24T06:14:05.093674,BTC-USDT,117649.2,0.0,3.258,0.0
2025-07-24T06:14:05.096587,XRP-USDT,3.0732,3.0727,0.0,25993.0
2025-07-24T06:14:05.405156,ETH-USDT,3560.34,3560.36,61.02,107.505
2025-07-24T06:14:05.405285,LTC-USDT,0.0,109.72,0.0,210.7
2025-07-24T06:14:05.405858,SOL-USDT,183.375,183.435,281.3,376.8
2025-07-24T06:14:05.405998,BTC-USDT,117649.2,0.0,6.8745,0.0
2025-07-24T06:14:05.408181,XRP-USDT,3.0722,3.0727,36992.0,0.0
2025-07-24T06:14:05.720381,ETH-USDT,3560.81,3560.36,37.275,0.0
2025-07-24T06:14:05.720428,LTC-USDT,0.0,109.82,0.0,0.0
2025-07-24T06:14:05.720467,SOL-USDT,183.394,183.435,198.1,0.0
2025-07-24T06:14:05.720512,BTC-USDT,117649.2,117744.9,6.71595,0.0
2025-07-24T06:14:05.720551,XRP-USDT,3.072,3.0728,16519.0,11514.0
2025-07-24T06:14:06.036950,ETH-USDT,3562.07,3560.82,2.085,0.0
2025-07-24T06:14:06.037937,LTC-USDT,0.0,109.72,0.0,0.0
2025-07-24T06:14:06.040254,SOL-USDT,183.41,183.455,224.8,0.0
2025-07-24T06:14:06.041932,BTC-USDT,117649.2,0.0,6.7791,0.0
2025-07-24T06:14:06.041983,XRP-USDT,3.0732,3.0728,23122.0,0.0
2025-07-24T06:14:06.345644,ETH-USDT,3562.16,3562.15,45.45,0.0
2025-07-24T06:14:06.345942,LTC-USDT,109.32,0.0,211.7,0.0
2025-07-24T06:14:06.346036,SOL-USDT,183.29,189.123,0.0,363.7
2025-07-24T06:14:06.346120,BTC-USDT,117649.2,0.0,8.9112,0.0
2025-07-24T06:14:06.346205,XRP-USDT,3.0736,3.0737,12624.0,0.0
2025-07-24T06:14:06.702151,ETH-USDT,3558.83,3569.71,0.0,33.945
2025-07-24T06:14:06.702688,LTC-USDT,109.3,0.0,0.0,0.0
2025-07-24T06:14:06.702812,SOL-USDT,183.41,183.455,0.0,118.7
2025-07-24T06:14:06.703420,BTC-USDT,117649.2,0.0,6.82365,0.0
2025-07-24T06:14:06.706864,XRP-USDT,3.0736,3.0784,29618.0,0.0
2025-07-24T06:14:06.970446,ETH-USDT,3558.79,0.0,0.0,0.0
2025-07-24T06:14:06.973283,LTC-USDT,0.0,109.86,0.0,0.0
2025-07-24T06:14:06.973335,SOL-USDT,183.334,183.455,0.0,241.0
2025-07-24T06:14:06.973372,BTC-USDT,117649.2,0.0,8.4,0.0
2025-07-24T06:14:06.973409,XRP-USDT,3.0736,0.0,11861.0,0.0
2025-07-24T06:14:07.299626,ETH-USDT,3560.0,0.0,0.0,0.0
2025-07-24T06:14:07.299701,LTC-USDT,0.0,109.74,0.0,83.3
2025-07-24T06:14:07.299726,SOL-USDT,183.289,183.874,0.0,229.6
2025-07-24T06:14:07.299747,BTC-USDT,117649.2,117758.8,8.7357,2.388
2025-07-24T06:14:07.299778,XRP-USDT,3.0737,3.0742,5621.0,0.0
2025-07-24T06:14:07.621364,ETH-USDT,3560.01,0.0,67.74,0.0
2025-07-24T06:14:07.623946,SOL-USDT,183.243,183.491,0.0,0.0
2025-07-24T06:14:07.624000,BTC-USDT,117649.2,117650.1,8.3895,3.5751
2025-07-24T06:14:07.624038,XRP-USDT,3.0737,3.0743,12732.0,8627.0
2025-07-24T06:14:07.931335,LTC-USDT,108.7,0.0,0.0,0.0
2025-07-24T06:14:07.931413,BTC-USDT,117649.2,117758.8,8.8479,1.87125
2025-07-24T06:14:07.931784,SOL-USDT,183.394,183.445,0.0,137.8
2025-07-24T06:14:07.931826,XRP-USDT,3.0737,3.0738,0.0,10037.0
2025-07-24T06:14:08.231358,ETH-USDT,3559.74,0.0,0.0,0.0
2025-07-24T06:14:08.232334,SOL-USDT,183.276,0.0,0.0,0.0
2025-07-24T06:14:08.232385,BTC-USDT,117649.2,0.0,8.5608,0.0
2025-07-24T06:14:08.232435,XRP-USDT,3.0732,0.0,4703.0,0.0
2025-07-24T06:14:08.542549,ETH-USDT,3560.07,0.0,51.81,0.0
2025-07-24T06:14:08.542600,SOL-USDT,183.22,183.485,0.0,0.0
2025-07-24T06:14:08.542635,BTC-USDT,117649.2,117649.6,10.2108,1.54755
2025-07-24T06:14:08.542672,XRP-USDT,3.0733,3.0738,11868.0,0.0
2025-07-24T06:14:08.863445,ETH-USDT,3562.26,3562.19,44.625,0.0
2025-07-24T06:14:08.864002,SOL-USDT,183.405,183.445,182.5,0.0
2025-07-24T06:14:08.864083,BTC-USDT,117649.2,117649.6,8.4864,2.20575
2025-07-24T06:14:08.864117,XRP-USDT,3.0741,3.0739,6093.0,0.0
2025-07-24T06:14:09.161500,LTC-USDT,0.0,109.74,0.0,0.0
2025-07-24T06:14:09.161559,SOL-USDT,183.28,183.874,0.0,0.0
2025-07-24T06:14:09.161595,ETH-USDT,3562.47,3562.34,46.635,0.0
2025-07-24T06:14:09.161630,BTC-USDT,117649.2,117649.6,9.9522,4.04535
2025-07-24T06:14:09.161668,XRP-USDT,3.0741,3.0746,0.0,12370.0
2025-07-24T06:14:09.475587,ETH-USDT,3562.05,3562.49,0.0,2.4
2025-07-24T06:14:09.475655,BTC-USDT,117649.2,117650.2,10.00785,3.13425
2025-07-24T06:14:09.475698,SOL-USDT,183.415,183.465,186.1,0.0
2025-07-24T06:14:09.475732,XRP-USDT,3.074,3.0746,14007.0,0.0
2025-07-24T06:14:09.783178,ETH-USDT,3562.8,3562.49,70.485,0.0
2025-07-24T06:14:09.787576,SOL-USDT,183.422,183.477,107.6,0.0
2025-07-24T06:14:09.787640,BTC-USDT,117649.2,0.0,11.6463,0.0
2025-07-24T06:14:09.787676,XRP-USDT,3.0742,3.0743,4065.0,0.0
2025-07-24T06:14:10.093642,ETH-USDT,3563.15,3562.83,51.21,0.0
2025-07-24T06:14:10.093825,LTC-USDT,109.08,109.65,77.7,0.0
2025-07-24T06:14:10.093938,SOL-USDT,183.425,183.485,346.9,95.3
2025-07-24T06:14:10.094203,BTC-USDT,117649.2,117650.4,9.99855,4.08585
2025-07-24T06:14:10.094262,XRP-USDT,3.0745,3.0749,11815.0,0.0
2025-07-24T06:14:10.409471,ETH-USDT,3563.2,3563.23,110.565,115.065
2025-07-24T06:14:10.419388,LTC-USDT,108.7,109.78,100.2,0.0
2025-07-24T06:14:10.419498,BTC-USDT,117649.2,117650.5,12.13125,3.4221
2025-07-24T06:14:10.419555,XRP-USDT,3.0748,3.0752,10950.0,0.0
2025-07-24T06:14:10.419579,SOL-USDT,183.425,183.486,316.2,209.1
2025-07-24T06:14:10.720145,ETH-USDT,3559.97,3571.39,0.0,0.0
2025-07-24T06:14:10.722217,SOL-USDT,183.425,0.0,443.5,0.0
2025-07-24T06:14:10.722268,BTC-USDT,117649.2,0.0,11.784,0.0
2025-07-24T06:14:10.722307,XRP-USDT,3.0741,3.0762,31111.0,10070.0
2025-07-24T06:14:11.038633,ETH-USDT,3560.01,0.0,0.0,0.0
2025-07-24T06:14:11.039650,LTC-USDT,108.98,0.0,0.0,0.0
2025-07-24T06:14:11.040001,SOL-USDT,183.425,184.603,472.2,0.0
2025-07-24T06:14:11.040478,BTC-USDT,117649.2,0.0,13.524,0.0
2025-07-24T06:14:11.040916,XRP-USDT,3.0568,0.0,0.0,0.0
2025-07-24T06:14:11.350178,ETH-USDT,3552.34,3569.71,0.0,0.0
2025-07-24T06:14:11.352393,LTC-USDT,0.0,110.24,0.0,61.8
2025-07-24T06:14:11.352436,SOL-USDT,183.425,0.0,417.8,0.0
2025-07-24T06:14:11.352461,BTC-USDT,117649.2,117650.1,13.64895,3.9243
2025-07-24T06:14:11.352595,XRP-USDT,3.0732,3.0948,17886.0,5880.0
2025-07-24T06:14:11.659364,BTC-USDT,117649.2,117650.3,13.6245,1.4583
2025-07-24T06:14:11.659433,SOL-USDT,183.425,0.0,483.0,0.0
2025-07-24T06:14:11.659964,XRP-USDT,0.0,3.0866,0.0,38250.0
2025-07-24T06:14:11.969945,LTC-USDT,0.0,109.84,0.0,238.4
2025-07-24T06:14:11.970257,SOL-USDT,183.435,183.485,114.1,0.0
2025-07-24T06:14:11.970567,BTC-USDT,117649.2,117650.3,14.21955,3.29685
2025-07-24T06:14:11.970730,XRP-USDT,3.0724,0.0,0.0,0.0
2025-07-24T06:14:12.278552,ETH-USDT,3563.44,3563.23,73.59,0.0
2025-07-24T06:14:12.281147,LTC-USDT,0.0,110.24,0.0,271.8
2025-07-24T06:14:12.281189,SOL-USDT,183.455,183.495,73.2,0.0
2025-07-24T06:14:12.281220,BTC-USDT,117649.2,117649.7,13.6308,3.7251
2025-07-24T06:14:12.281561,XRP-USDT,3.0749,3.0755,7291.0,0.0
2025-07-24T06:14:12.612313,ETH-USDT,3563.74,3563.52,43.875,0.0
2025-07-24T06:14:12.612353,SOL-USDT,183.465,183.516,176.3,0.0
2025-07-24T06:14:12.613975,BTC-USDT,117649.2,117650.1,13.63065,3.5589
2025-07-24T06:14:12.614036,XRP-USDT,3.0753,3.0756,8519.0,0.0
2025-07-24T06:14:12.918599,ETH-USDT,3563.83,3563.82,137.55,0.0
2025-07-24T06:14:12.918655,SOL-USDT,183.414,183.807,75.4,633.0
2025-07-24T06:14:12.918739,BTC-USDT,117649.2,117650.2,14.24505,1.68135
2025-07-24T06:14:12.918771,XRP-USDT,3.0755,3.076,12859.0,0.0
2025-07-24T06:14:13.229615,ETH-USDT,3564.03,3563.94,44.265,0.0
2025-07-24T06:14:13.230317,SOL-USDT,183.421,0.0,0.0,0.0
2025-07-24T06:14:13.230638,BTC-USDT,117649.2,117650.2,14.09865,3.3213
2025-07-24T06:14:13.231365,XRP-USDT,3.0755,3.0761,0.0,5701.0
2025-07-24T06:14:13.548477,ETH-USDT,3564.14,3564.12,54.765,0.0
2025-07-24T06:14:13.552408,SOL-USDT,183.402,0.0,0.0,0.0
2025-07-24T06:14:13.552455,BTC-USDT,117649.2,0.0,13.82955,0.0
2025-07-24T06:14:13.552483,XRP-USDT,3.0754,3.076,0.0,13742.0
2025-07-24T06:14:13.859425,ETH-USDT,3564.72,3564.22,49.395,0.0
2025-07-24T06:14:13.859813,SOL-USDT,183.407,0.0,85.3,0.0
2025-07-24T06:14:13.860593,BTC-USDT,117649.2,117649.6,14.1042,3.6987
2025-07-24T06:14:13.861069,XRP-USDT,3.0755,3.076,13342.0,0.0
2025-07-24T06:14:14.179842,ETH-USDT,3564.73,3564.74,117.135,0.0
2025-07-24T06:14:14.179925,LTC-USDT,109.26,109.86,219.8,272.9
2025-07-24T06:14:14.179959,SOL-USDT,183.406,185.48,112.7,0.0
2025-07-24T06:14:14.179990,BTC-USDT,117649.2,117649.6,15.3144,1.49295
2025-07-24T06:14:14.180410,XRP-USDT,3.0755,3.0757,0.0,5681.0
2025-07-24T06:14:14.499164,ETH-USDT,3564.73,3564.44,0.0,66.465
2025-07-24T06:14:14.501063,LTC-USDT,109.35,0.0,219.5,0.0
2025-07-24T06:14:14.501102,SOL-USDT,183.404,0.0,78.7,0.0
2025-07-24T06:14:14.501140,BTC-USDT,117649.2,117649.6,17.2893,3.6804
2025-07-24T06:14:14.501366,XRP-USDT,3.0751,3.0752,0.0,5448.0
2025-07-24T06:14:14.809891,ETH-USDT,3564.41,3564.19,0.0,57.075
2025-07-24T06:14:14.811288,LTC-USDT,109.26,0.0,227.1,0.0
2025-07-24T06:14:14.811398,SOL-USDT,183.465,183.495,0.0,88.3
2025-07-24T06:14:14.812575,BTC-USDT,117649.2,0.0,17.397,0.0
2025-07-24T06:14:14.812639,XRP-USDT,3.0745,3.0747,0.0,6853.0
2025-07-24T06:14:15.130056,ETH-USDT,3560.1,3574.87,0.0,78.15
2025-07-24T06:14:15.130422,LTC-USDT,109.32,0.0,0.0,0.0
2025-07-24T06:14:15.130469,SOL-USDT,183.429,183.495,235.9,183.2
2025-07-24T06:14:15.135325,BTC-USDT,117649.2,117650.1,17.08365,3.1848
2025-07-24T06:14:15.135377,XRP-USDT,3.0742,3.0747,7486.0,0.0
2025-07-24T06:14:15.441249,ETH-USDT,3563.42,3584.55,58.77,0.0
2025-07-24T06:14:15.441288,SOL-USDT,183.428,0.0,185.0,0.0
2025-07-24T06:14:15.441323,BTC-USDT,117649.2,117650.4,17.3961,4.0542
2025-07-24T06:14:15.441349,XRP-USDT,3.0745,3.0749,11320.0,0.0
2025-07-24T06:14:15.759966,SOL-USDT,183.43,183.526,231.4,85.8
2025-07-24T06:14:15.760313,BTC-USDT,117649.2,0.0,17.2347,0.0
2025-07-24T06:14:15.760391,XRP-USDT,3.0747,3.0752,13658.0,0.0
2025-07-24T06:14:16.078860,ETH-USDT,3563.83,0.0,69.63,0.0
2025-07-24T06:14:16.079390,LTC-USDT,109.26,0.0,432.3,0.0
2025-07-24T06:14:16.079516,SOL-USDT,183.433,0.0,132.9,0.0
2025-07-24T06:14:16.079774,BTC-USDT,117649.2,0.0,16.82175,0.0
2025-07-24T06:14:16.080925,XRP-USDT,3.0751,3.0754,11528.0,0.0
2025-07-24T06:14:16.398113,ETH-USDT,3563.57,0.0,0.0,0.0
2025-07-24T06:14:16.399956,SOL-USDT,183.433,183.532,259.0,0.0
2025-07-24T06:14:16.400002,BTC-USDT,117649.2,117650.3,16.78845,3.79425
2025-07-24T06:14:16.400119,XRP-USDT,3.0732,0.0,0.0,0.0
2025-07-24T06:14:16.719447,ETH-USDT,3562.95,0.0,0.0,0.0
2025-07-24T06:14:16.719745,SOL-USDT,183.435,0.0,0.0,0.0
2025-07-24T06:14:16.722100,BTC-USDT,117649.2,0.0,19.8666,0.0
2025-07-24T06:14:16.722140,XRP-USDT,3.0755,3.0758,5674.0,0.0
2025-07-24T06:14:17.039120,ETH-USDT,3564.1,0.0,121.005,0.0
2025-07-24T06:14:17.040420,SOL-USDT,183.435,183.525,104.4,110.2
2025-07-24T06:14:17.044310,BTC-USDT,117649.2,117650.4,19.392,4.0182
2025-07-24T06:14:17.044355,XRP-USDT,3.0755,3.0767,5023.0,15049.0
2025-07-24T06:14:17.348113,ETH-USDT,3562.25,3564.84,0.0,40.335
2025-07-24T06:14:17.350286,SOL-USDT,183.435,0.0,207.4,0.0
2025-07-24T06:14:17.350325,BTC-USDT,117649.2,0.0,19.45065,0.0
2025-07-24T06:14:17.350357,XRP-USDT,3.0755,3.0764,7591.0,5545.0
2025-07-24T06:14:17.669155,ETH-USDT,3564.11,3564.66,88.59,50.835
2025-07-24T06:14:17.669615,LTC-USDT,0.0,109.89,0.0,0.0
2025-07-24T06:14:17.669656,SOL-USDT,183.404,0.0,0.0,0.0
2025-07-24T06:14:17.670560,BTC-USDT,117649.2,117649.7,19.8036,4.1592
2025-07-24T06:14:17.670781,XRP-USDT,3.0755,3.0761,7845.0,15946.0
2025-07-24T06:14:17.989658,ETH-USDT,3564.12,3564.21,106.86,60.72
2025-07-24T06:14:17.992343,LTC-USDT,109.44,109.68,219.4,0.0
2025-07-24T06:14:17.992399,SOL-USDT,183.432,183.513,243.4,0.0
2025-07-24T06:14:17.992436,BTC-USDT,117649.2,117650.5,20.88075,3.9168
2025-07-24T06:14:17.992472,XRP-USDT,3.0755,3.0758,0.0,11552.0
2025-07-24T06:14:18.314052,ETH-USDT,3564.16,3564.2,75.93,62.835
2025-07-24T06:14:18.314124,LTC-USDT,109.35,0.0,0.0,0.0
2025-07-24T06:14:18.314163,SOL-USDT,183.426,183.498,223.8,84.2
2025-07-24T06:14:18.314201,BTC-USDT,117649.2,117649.6,19.24095,2.18745
2025-07-24T06:14:18.314239,XRP-USDT,3.0754,3.0758,4501.0,0.0
2025-07-24T06:14:18.619292,ETH-USDT,3564.16,3564.18,0.0,130.8
2025-07-24T06:14:18.619926,SOL-USDT,183.429,183.495,220.2,227.5
2025-07-24T06:14:18.621356,BTC-USDT,117649.2,117649.6,21.38325,4.31775
2025-07-24T06:14:18.621406,XRP-USDT,3.0755,3.0761,7805.0,8079.0
2025-07-24T06:14:18.933617,ETH-USDT,3564.31,3564.18,66.57,0.0
2025-07-24T06:14:18.933703,LTC-USDT,109.3,0.0,92.6,0.0
2025-07-24T06:14:18.933999,SOL-USDT,183.51,183.495,193.0,0.0
2025-07-24T06:14:18.934261,BTC-USDT,117649.2,117649.6,20.8284,4.27245
2025-07-24T06:14:18.934309,XRP-USDT,3.0757,3.0761,9698.0,0.0
2025-07-24T06:14:19.248338,ETH-USDT,3564.41,3564.38,112.695,0.0
2025-07-24T06:14:19.251106,LTC-USDT,109.3,109.97,0.0,0.0
2025-07-24T06:14:19.251214,SOL-USDT,183.51,183.525,0.0,102.3
2025-07-24T06:14:19.251270,BTC-USDT,117649.2,122519.1,21.01275,0.01575
2025-07-24T06:14:19.251359,XRP-USDT,3.0757,3.076,0.0,4578.0
2025-07-24T06:14:19.569207,ETH-USDT,3564.41,3564.28,0.0,120.99
2025-07-24T06:14:19.569481,SOL-USDT,183.465,183.525,169.6,228.3
2025-07-24T06:14:19.569528,BTC-USDT,117649.2,0.0,22.7979,0.0
2025-07-24T06:14:19.569912,XRP-USDT,3.0753,3.0758,0.0,15734.0
2025-07-24T06:14:19.889802,LTC-USDT,109.44,0.0,0.0,0.0
2025-07-24T06:14:19.889910,ETH-USDT,3564.26,3563.64,0.0,109.62
2025-07-24T06:14:19.890177,SOL-USDT,183.465,183.465,0.0,105.4
2025-07-24T06:14:19.890380,BTC-USDT,117649.2,117649.8,0.0,0.0
2025-07-24T06:14:19.890915,XRP-USDT,3.0751,3.0747,0.0,5357.0
2025-07-24T06:14:23.257746,ETH-USDT,3563.56,3563.55,0.0,141.78
2025-07-24T06:14:23.257768,LTC-USDT,109.34,109.68,131.5,273.4
2025-07-24T06:14:23.257788,SOL-USDT,183.405,183.445,0.0,221.1
2025-07-24T06:14:23.257807,BTC-USDT,117640.4,117633.6,0.0,1.7106
2025-07-24T06:14:23.257826,XRP-USDT,3.074,3.0743,0.0,17658.0
2025-07-24T06:14:23.257846,ETH-USDT,3564.8,3563.55,54.45,0.0
2025-07-24T06:14:23.257863,LTC-USDT,0.0,109.68,0.0,0.0
2025-07-24T06:14:23.258182,SOL-USDT,183.425,183.445,496.0,0.0
2025-07-24T06:14:23.258206,BTC-USDT,117632.9,117633.1,3.82545,3.25695
2025-07-24T06:14:23.258232,XRP-USDT,3.0749,3.0743,16583.0,0.0
2025-07-24T06:14:23.258252,ETH-USDT,3564.85,3564.88,74.04,0.0
2025-07-24T06:14:23.258271,LTC-USDT,109.44,110.64,219.4,15.1
2025-07-24T06:14:23.258291,SOL-USDT,183.445,183.512,120.4,103.1
2025-07-24T06:14:23.258310,BTC-USDT,117632.7,117758.8,7.3992,0.0
2025-07-24T06:14:23.258329,XRP-USDT,3.0751,3.0756,25182.0,0.0
2025-07-24T06:14:23.258347,ETH-USDT,3565.1,3565.13,113.325,98.295
2025-07-24T06:14:23.258366,LTC-USDT,0.0,110.24,0.0,0.0
2025-07-24T06:14:23.258384,SOL-USDT,181.738,0.0,0.0,0.0
2025-07-24T06:14:23.258402,BTC-USDT,117632.9,0.0,0.0,0.0
2025-07-24T06:14:23.258420,XRP-USDT,3.0751,3.0756,18664.0,11590.0
2025-07-24T06:14:23.258443,ETH-USDT,3559.32,3569.58,0.0,56.475
2025-07-24T06:14:23.258464,LTC-USDT,109.28,0.0,48.2,0.0
2025-07-24T06:14:23.258483,SOL-USDT,183.465,183.505,215.3,0.0
2025-07-24T06:14:23.258502,BTC-USDT,117632.7,117650.3,6.85905,1.9557
2025-07-24T06:14:23.258521,XRP-USDT,3.0666,0.0,29895.0,0.0
2025-07-24T06:14:23.258539,ETH-USDT,3559.23,3568.52,63.225,0.0
2025-07-24T06:14:23.258558,SOL-USDT,183.465,183.475,0.0,116.3
2025-07-24T06:14:23.258576,BTC-USDT,117632.7,0.0,8.93745,0.0
2025-07-24T06:14:23.258594,XRP-USDT,3.0749,3.0754,6610.0,38165.0
2025-07-24T06:14:23.291561,LTC-USDT,0.0,109.71,0.0,0.0
2025-07-24T06:14:23.291595,SOL-USDT,183.445,183.475,110.7,0.0
2025-07-24T06:14:23.291635,BTC-USDT,117635.6,117633.1,3.57765,0.0
2025-07-24T06:14:23.291666,XRP-USDT,3.0775,3.0754,14250.0,0.0
2025-07-24T06:14:23.291697,ETH-USDT,3565.5,3565.13,53.235,0.0
2025-07-24T06:14:23.291732,ETH-USDT,3565.88,3565.57,60.885,0.0
2025-07-24T06:14:23.291767,LTC-USDT,0.0,109.84,0.0,0.0
2025-07-24T06:14:23.291803,SOL-USDT,183.445,183.5,208.9,0.0
2025-07-24T06:14:23.291836,BTC-USDT,117636.6,117636.4,1.7736,0.0
2025-07-24T06:14:23.291882,XRP-USDT,3.0777,3.0781,15989.0,0.0
2025-07-24T06:14:23.291920,ETH-USDT,3565.88,3565.95,60.885,0.0
2025-07-24T06:14:23.291952,LTC-USDT,109.48,109.72,219.3,0.0
2025-07-24T06:14:23.291979,SOL-USDT,183.465,183.505,220.9,0.0
2025-07-24T06:14:23.292008,BTC-USDT,117647.6,117637.0,1.56825,0.0
2025-07-24T06:14:23.292043,XRP-USDT,3.0785,3.0784,18567.0,0.0
2025-07-24T06:14:23.292074,ETH-USDT,3566.1,3566.12,47.28,46.56
2025-07-24T06:14:23.292106,LTC-USDT,109.32,0.0,219.6,0.0
2025-07-24T06:14:23.292136,SOL-USDT,183.475,183.525,122.8,0.0
2025-07-24T06:14:23.292179,BTC-USDT,117649.3,117648.8,1.40775,0.0
2025-07-24T06:14:23.292214,XRP-USDT,3.0786,3.0791,33378.0,0.0
2025-07-24T06:14:23.340655,ETH-USDT,3559.23,3566.12,0.0,64.995
2025-07-24T06:14:23.340723,LTC-USDT,109.47,109.86,219.4,0.0
2025-07-24T06:14:23.340762,SOL-USDT,183.485,183.535,97.4,0.0
2025-07-24T06:14:23.340798,BTC-USDT,117649.4,117650.2,1.5552,3.7284
2025-07-24T06:14:23.340846,XRP-USDT,3.0746,3.086,0.0,0.0
2025-07-24T06:14:24.030476,ETH-USDT,3564.77,3566.12,56.91,108.39
2025-07-24T06:14:24.030503,LTC-USDT,109.28,0.0,0.0,0.0
2025-07-24T06:14:24.030525,SOL-USDT,183.495,183.545,135.5,0.0
2025-07-24T06:14:24.030549,BTC-USDT,117649.4,117650.2,2.0643,1.46955
2025-07-24T06:14:24.030574,XRP-USDT,3.0731,3.0876,3817.0,31279.0
2025-07-24T06:14:24.030600,ETH-USDT,3566.26,3566.12,49.785,0.0
2025-07-24T06:14:24.030622,LTC-USDT,109.54,109.78,219.2,0.0
2025-07-24T06:14:24.030644,SOL-USDT,183.515,183.555,215.1,0.0
2025-07-24T06:14:24.030666,BTC-USDT,117649.4,117650.2,2.2947,2.14635
2025-07-24T06:14:24.030689,XRP-USDT,3.0787,3.0793,22066.0,0.0
2025-07-24T06:14:24.270639,ETH-USDT,3566.81,3566.35,64.95,0.0
2025-07-24T06:14:24.271365,LTC-USDT,109.38,109.82,0.0,237.0
2025-07-24T06:14:24.274344,SOL-USDT,183.513,183.575,217.3,292.7
2025-07-24T06:14:24.274388,BTC-USDT,117649.4,117650.2,3.1173,2.0979
2025-07-24T06:14:24.274422,XRP-USDT,3.0789,3.0794,26998.0,0.0
2025-07-24T06:14:24.591623,ETH-USDT,3567.18,3566.82,51.615,0.0
2025-07-24T06:14:24.591673,SOL-USDT,183.525,183.575,93.4,196.9
2025-07-24T06:14:24.591715,BTC-USDT,117671.1,117649.8,1.5237,0.0
2025-07-24T06:14:24.591758,XRP-USDT,3.0793,3.0796,13943.0,0.0
2025-07-24T06:14:25.324962,ETH-USDT,3567.15,3567.2,94.14,49.935
2025-07-24T06:14:25.325441,LTC-USDT,109.54,109.82,438.4,0.0
2025-07-24T06:14:25.325493,SOL-USDT,183.525,183.585,198.7,87.4
2025-07-24T06:14:25.325539,XRP-USDT,3.0793,3.08,0.0,22964.0
2025-07-24T06:14:25.325584,BTC-USDT,117680.7,117671.9,4.00575,0.0
2025-07-24T06:14:25.325626,ETH-USDT,3563.47,3567.2,0.0,43.515
2025-07-24T06:14:25.325667,LTC-USDT,109.58,110.24,219.1,0.0
2025-07-24T06:14:25.325707,SOL-USDT,183.525,183.575,0.0,326.9
2025-07-24T06:14:25.325747,BTC-USDT,117680.7,117860.8,1.5642,0.6792
2025-07-24T06:14:25.325784,XRP-USDT,3.0794,3.0799,17920.0,0.0
2025-07-24T06:14:25.519886,ETH-USDT,3567.23,3567.2,115.14,0.0
2025-07-24T06:14:25.520403,LTC-USDT,0.0,109.85,0.0,0.0
2025-07-24T06:14:25.521463,SOL-USDT,183.443,183.575,84.2,336.1
2025-07-24T06:14:25.522583,BTC-USDT,117680.7,117970.6,2.25735,0.0
2025-07-24T06:14:25.522632,XRP-USDT,3.0797,3.0804,24731.0,10145.0
2025-07-24T06:14:25.838212,ETH-USDT,3567.3,3567.34,63.285,94.32
2025-07-24T06:14:25.839173,LTC-USDT,109.1,109.91,0.0,272.8
2025-07-24T06:14:25.839797,SOL-USDT,183.465,183.575,121.0,292.9
2025-07-24T06:14:25.840402,XRP-USDT,3.079,3.0813,11415.0,13406.0
2025-07-24T06:14:25.841627,BTC-USDT,117681.7,117681.1,2.10045,0.0
2025-07-24T06:14:26.149698,ETH-USDT,3565.88,0.0,0.0,0.0
2025-07-24T06:14:26.152204,LTC-USDT,0.0,110.6,0.0,226.9
2025-07-24T06:14:26.152930,SOL-USDT,183.515,183.57,0.0,184.2
2025-07-24T06:14:26.153073,XRP-USDT,3.0795,3.0806,6769.0,21110.0
2025-07-24T06:14:26.153282,BTC-USDT,117685.2,117682.1,1.5126,0.0
2025-07-24T06:14:26.471682,ETH-USDT,3565.5,3579.8,53.235,61.89
2025-07-24T06:14:26.471727,LTC-USDT,109.48,110.02,0.0,272.5
2025-07-24T06:14:26.471756,BTC-USDT,117686.1,117686.1,1.17675,0.0
2025-07-24T06:14:26.471788,XRP-USDT,3.0786,0.0,18365.0,0.0
2025-07-24T06:14:26.471811,SOL-USDT,183.473,183.565,0.0,144.7
2025-07-24T06:14:26.778897,ETH-USDT,3565.48,0.0,40.785,0.0
2025-07-24T06:14:26.779614,LTC-USDT,109.43,110.09,112.2,0.0
2025-07-24T06:14:26.780180,SOL-USDT,183.48,0.0,0.0,0.0
2025-07-24T06:14:26.780724,BTC-USDT,117686.3,117687.3,1.5951,1.51875
2025-07-24T06:14:26.781800,XRP-USDT,3.0785,0.0,12655.0,0.0
2025-07-24T06:14:27.091662,ETH-USDT,3565.49,0.0,44.985,0.0
2025-07-24T06:14:27.093949,SOL-USDT,183.545,183.565,271.3,0.0
2025-07-24T06:14:27.093989,BTC-USDT,117687.2,117687.3,2.00265,0.0
2025-07-24T06:14:27.094024,XRP-USDT,3.0771,0.0,12665.0,0.0
2025-07-24T06:14:27.411031,ETH-USDT,3565.85,3577.6,0.0,0.0
2025-07-24T06:14:27.416746,LTC-USDT,109.41,113.11,0.0,108.3
2025-07-24T06:14:27.416798,SOL-USDT,183.54,184.125,530.5,169.4
2025-07-24T06:14:27.416841,BTC-USDT,117687.2,117687.8,0.0,1.5711
2025-07-24T06:14:27.416908,XRP-USDT,3.0686,0.0,1627.0,0.0
2025-07-24T06:14:27.727400,BTC-USDT,117690.4,117687.6,1.58025,0.0
2025-07-24T06:14:27.727451,XRP-USDT,3.0738,0.0,0.0,0.0
2025-07-24T06:14:27.727490,ETH-USDT,3566.76,3611.19,0.0,68.31
2025-07-24T06:14:27.728188,SOL-USDT,183.538,183.612,102.2,99.3
2025-07-24T06:14:28.039341,ETH-USDT,3566.42,3706.7,0.0,0.225
2025-07-24T06:14:28.040643,LTC-USDT,0.0,110.2,0.0,57.8
2025-07-24T06:14:28.040685,SOL-USDT,183.538,184.218,176.9,0.0
2025-07-24T06:14:28.043330,BTC-USDT,117690.9,117691.3,3.92235,3.8478
2025-07-24T06:14:28.043447,XRP-USDT,3.0797,3.08,0.0,9906.0
2025-07-24T06:14:28.358855,ETH-USDT,3566.4,0.0,0.0,0.0
2025-07-24T06:14:28.359795,SOL-USDT,183.499,184.218,274.0,481.8
2025-07-24T06:14:28.359843,LTC-USDT,0.0,110.2,0.0,272.0
2025-07-24T06:14:28.365016,BTC-USDT,117680.0,117691.3,0.0,1.96455
2025-07-24T06:14:28.365095,XRP-USDT,3.0788,3.0798,25172.0,13378.0
2025-07-24T06:14:28.678863,ETH-USDT,3565.01,3567.34,0.0,47.31
2025-07-24T06:14:28.679326,SOL-USDT,183.502,184.125,0.0,0.0
2025-07-24T06:14:28.680411,BTC-USDT,117364.0,117691.3,1.6284,1.43565
2025-07-24T06:14:28.681128,XRP-USDT,3.0789,3.0792,0.0,7542.0
2025-07-24T06:14:28.990323,ETH-USDT,3567.24,3567.34,73.41,112.77
2025-07-24T06:14:28.990401,SOL-USDT,183.412,216.98,0.0,0.0
2025-07-24T06:14:28.990435,BTC-USDT,117631.8,117691.3,0.0,1.61625
2025-07-24T06:14:28.991859,XRP-USDT,3.0791,3.0792,5762.0,0.0
2025-07-24T06:14:29.311170,ETH-USDT,3567.3,3567.26,0.0,48.42
2025-07-24T06:14:29.312290,SOL-USDT,183.411,0.0,0.0,0.0
2025-07-24T06:14:29.313694,BTC-USDT,117681.4,117691.3,3.21705,1.70805
2025-07-24T06:14:29.314029,XRP-USDT,3.0786,3.081,21304.0,20760.0
2025-07-24T06:14:29.627955,ETH-USDT,3567.21,3567.26,118.995,98.175
2025-07-24T06:14:29.628000,SOL-USDT,183.501,0.0,0.0,0.0
2025-07-24T06:14:29.628026,BTC-USDT,117685.0,117691.3,1.4601,3.26355
2025-07-24T06:14:29.628053,XRP-USDT,3.0794,3.08,14259.0,12526.0
2025-07-24T06:14:29.938748,ETH-USDT,3567.14,0.0,154.725,0.0
2025-07-24T06:14:29.940693,LTC-USDT,109.33,110.2,93.2,214.2
2025-07-24T06:14:29.940719,SOL-USDT,183.444,0.0,0.0,0.0
2025-07-24T06:14:29.940742,BTC-USDT,117685.6,117691.3,1.42815,3.8946
2025-07-24T06:14:29.940936,XRP-USDT,3.0794,3.0798,0.0,12058.0
2025-07-24T06:14:30.251726,ETH-USDT,3567.23,0.0,111.795,0.0
2025-07-24T06:14:30.252654,SOL-USDT,183.505,0.0,0.0,0.0
2025-07-24T06:14:30.254580,BTC-USDT,117681.4,117691.3,1.5066,3.6942
2025-07-24T06:14:30.255095,XRP-USDT,3.0793,3.0798,5912.0,0.0
2025-07-24T06:14:30.569281,ETH-USDT,3567.15,0.0,178.665,0.0
2025-07-24T06:14:30.569587,SOL-USDT,183.504,183.607,0.0,202.9
2025-07-24T06:14:30.570172,BTC-USDT,117648.4,117691.3,0.0,5.541
2025-07-24T06:14:30.570569,XRP-USDT,3.078,3.0804,0.0,11636.0
2025-07-24T06:14:30.894987,ETH-USDT,3567.21,0.0,112.89,0.0
2025-07-24T06:14:30.895156,SOL-USDT,183.54,183.609,272.2,146.1
2025-07-24T06:14:30.895327,BTC-USDT,117687.1,117691.3,1.9911,4.79835
2025-07-24T06:14:30.895379,XRP-USDT,3.0772,3.0855,0.0,37585.0
2025-07-24T06:14:31.199233,ETH-USDT,3567.3,3567.26,62.37,0.0
2025-07-24T06:14:31.200926,LTC-USDT,109.62,0.0,219.0,0.0
2025-07-24T06:14:31.202210,SOL-USDT,183.625,183.575,219.1,0.0
2025-07-24T06:14:31.203170,BTC-USDT,117694.1,117691.3,1.839,0.0
2025-07-24T06:14:31.203358,XRP-USDT,3.0797,3.08,10864.0,0.0
2025-07-24T06:14:31.519341,ETH-USDT,3567.22,3567.33,146.475,127.5
2025-07-24T06:14:31.519597,LTC-USDT,109.54,0.0,219.2,0.0
2025-07-24T06:14:31.521628,SOL-USDT,183.625,183.655,0.0,217.1
2025-07-24T06:14:31.522290,BTC-USDT,117699.2,117694.9,2.23215,0.0
2025-07-24T06:14:31.839653,ETH-USDT,3566.73,3567.36,0.0,106.815
2025-07-24T06:14:31.840599,LTC-USDT,109.21,0.0,0.0,0.0
2025-07-24T06:14:31.841190,SOL-USDT,183.595,183.63,0.0,424.5
2025-07-24T06:14:31.844152,BTC-USDT,117699.7,117700.2,1.97385,1.7346
2025-07-24T06:14:31.844194,XRP-USDT,3.0797,3.0798,0.0,15328.0
2025-07-24T06:14:32.151383,ETH-USDT,3567.18,3567.33,51.615,0.0
2025-07-24T06:14:32.151427,LTC-USDT,109.54,110.13,234.5,26.5
2025-07-24T06:14:32.151461,SOL-USDT,183.615,183.63,144.9,0.0
2025-07-24T06:14:32.151497,BTC-USDT,117710.2,117700.2,1.9116,0.0
2025-07-24T06:14:32.151658,XRP-USDT,3.0795,3.0798,6152.0,0.0
2025-07-24T06:14:32.470800,ETH-USDT,3567.93,3567.65,73.5,0.0
2025-07-24T06:14:32.470933,LTC-USDT,109.54,109.88,219.2,0.0
2025-07-24T06:14:32.471794,SOL-USDT,183.615,183.675,136.6,122.0
2025-07-24T06:14:32.473072,XRP-USDT,3.0795,0.0,13150.0,0.0
2025-07-24T06:14:32.473471,BTC-USDT,117751.7,117728.6,1.56615,0.0
2025-07-24T06:14:32.779993,ETH-USDT,3567.94,3567.95,52.155,52.11
2025-07-24T06:14:32.781140,LTC-USDT,109.61,111.16,219.1,18.3
2025-07-24T06:14:32.781179,SOL-USDT,183.63,183.675,256.9,0.0
2025-07-24T06:14:32.782330,BTC-USDT,117751.8,117752.2,3.89445,1.5339
2025-07-24T06:14:32.785418,XRP-USDT,3.0813,3.0802,113.0,0.0
2025-07-24T06:14:33.102567,LTC-USDT,109.66,109.91,218.9,0.0
2025-07-24T06:14:33.102611,ETH-USDT,3568.68,3567.95,60.555,0.0
2025-07-24T06:14:33.102644,SOL-USDT,183.63,183.685,0.0,238.0
2025-07-24T06:14:33.102672,BTC-USDT,117751.9,117752.2,1.60995,1.75425
2025-07-24T06:14:33.102712,XRP-USDT,3.0818,3.0814,7165.0,0.0
2025-07-24T06:14:33.418822,ETH-USDT,3568.68,3568.75,0.0,186.75
2025-07-24T06:14:33.419859,LTC-USDT,109.58,110.02,0.0,530.2
2025-07-24T06:14:33.420143,SOL-USDT,183.645,183.685,418.7,0.0
2025-07-24T06:14:33.420807,BTC-USDT,117751.9,117752.2,1.5036,1.47345
2025-07-24T06:14:33.421539,XRP-USDT,3.0818,3.0919,28630.0,1714.0
2025-07-24T06:14:33.746840,ETH-USDT,3568.67,3568.77,0.0,0.0
2025-07-24T06:14:33.746918,LTC-USDT,109.58,0.0,133.4,0.0
2025-07-24T06:14:33.746954,SOL-USDT,183.178,183.857,0.0,649.4
2025-07-24T06:14:33.746981,BTC-USDT,117751.9,117752.2,1.7805,2.2062
2025-07-24T06:14:33.747003,XRP-USDT,3.0818,3.0823,0.0,15224.0
2025-07-24T06:14:34.048971,ETH-USDT,3568.55,3568.57,56.055,71.955
2025-07-24T06:14:34.050555,LTC-USDT,109.66,109.95,0.0,272.7
2025-07-24T06:14:34.050600,SOL-USDT,183.645,183.695,0.0,320.9
2025-07-24T06:14:34.050627,BTC-USDT,117751.9,117752.2,1.6755,1.74825
2025-07-24T06:14:34.050799,XRP-USDT,3.0816,3.082,0.0,9497.0
2025-07-24T06:14:34.369888,ETH-USDT,3568.84,3568.57,110.595,0.0
2025-07-24T06:14:34.370194,LTC-USDT,109.62,109.9,219.0,272.9
2025-07-24T06:14:34.370394,SOL-USDT,183.665,183.695,294.5,0.0
2025-07-24T06:14:34.373403,BTC-USDT,117751.9,117752.2,3.93645,2.1642
2025-07-24T06:14:34.373536,XRP-USDT,3.0813,3.0819,30779.0,15785.0
2025-07-24T06:14:34.912732,ETH-USDT,3569.37,3568.87,62.04,0.0
2025-07-24T06:14:35.003353,SOL-USDT,183.685,183.73,237.0,0.0
2025-07-24T06:14:35.005273,BTC-USDT,117751.9,117752.2,3.6084,3.91125
2025-07-24T06:14:35.010723,XRP-USDT,3.0822,3.0819,17179.0,0.0
2025-07-24T06:14:35.224859,LTC-USDT,0.0,109.94,0.0,0.0
2025-07-24T06:14:35.228458,ETH-USDT,3569.51,3569.44,49.95,0.0
2025-07-24T06:14:35.228499,SOL-USDT,183.715,183.745,631.9,0.0
2025-07-24T06:14:35.231002,BTC-USDT,117754.9,117752.2,1.4172,0.0
2025-07-24T06:14:35.231247,XRP-USDT,3.0825,3.0829,11271.0,0.0
2025-07-24T06:14:35.529033,ETH-USDT,3569.51,3569.49,0.0,115.425
2025-07-24T06:14:35.535511,SOL-USDT,183.559,184.578,0.0,0.0
2025-07-24T06:14:35.535558,BTC-USDT,117754.9,117755.2,1.9458,1.85685
2025-07-24T06:14:35.535591,XRP-USDT,3.0825,3.0831,0.0,17953.0
2025-07-24T06:14:35.858949,ETH-USDT,3567.22,0.0,43.05,0.0
2025-07-24T06:14:35.859014,LTC-USDT,109.37,0.0,0.0,0.0
2025-07-24T06:14:35.859042,SOL-USDT,183.624,184.703,0.0,0.0
2025-07-24T06:14:35.859062,BTC-USDT,117754.9,117755.2,1.99125,2.17215
2025-07-24T06:14:35.859082,XRP-USDT,3.0795,3.0836,14246.0,35961.0
2025-07-24T06:14:36.170267,ETH-USDT,3569.46,3569.36,0.0,56.64
2025-07-24T06:14:36.170607,LTC-USDT,0.0,111.44,0.0,0.0
2025-07-24T06:14:36.170975,SOL-USDT,183.715,183.765,0.0,329.3
2025-07-24T06:14:36.172588,BTC-USDT,117754.9,117755.2,1.63335,0.0
2025-07-24T06:14:36.173021,XRP-USDT,3.0823,3.0827,0.0,31705.0
2025-07-24T06:14:36.480753,ETH-USDT,3569.46,3569.36,49.11,0.0
2025-07-24T06:14:36.480791,LTC-USDT,0.0,109.96,0.0,272.7
2025-07-24T06:14:36.480821,SOL-USDT,183.745,183.765,467.8,0.0
2025-07-24T06:14:36.481975,BTC-USDT,117754.9,117755.2,3.21855,3.4026
2025-07-24T06:14:36.483158,XRP-USDT,3.0831,3.0827,21369.0,0.0
2025-07-24T06:14:36.792116,ETH-USDT,3569.46,3569.41,0.0,63.135
2025-07-24T06:14:36.794630,SOL-USDT,183.76,183.805,344.0,0.0
2025-07-24T06:14:36.794675,BTC-USDT,117754.9,117755.2,3.38775,3.5565
2025-07-24T06:14:36.796054,XRP-USDT,3.0831,3.0836,0.0,18638.0
2025-07-24T06:14:37.108524,ETH-USDT,3569.34,3569.36,60.0,135.885
2025-07-24T06:14:37.109764,SOL-USDT,183.619,183.825,0.0,0.0
2025-07-24T06:14:37.109804,BTC-USDT,117754.9,117755.2,2.93565,4.02255
2025-07-24T06:14:37.110311,XRP-USDT,3.0832,3.0836,36188.0,0.0
2025-07-24T06:14:37.427435,ETH-USDT,3569.34,3569.24,0.0,29.805
2025-07-24T06:14:37.427498,LTC-USDT,0.0,110.1,0.0,191.7
2025-07-24T06:14:37.427537,SOL-USDT,183.758,183.832,260.4,167.4
2025-07-24T06:14:37.427573,BTC-USDT,117754.9,117755.2,3.6795,3.6132
2025-07-24T06:14:37.427621,XRP-USDT,3.0832,3.0837,0.0,15733.0
2025-07-24T06:14:37.741004,ETH-USDT,3569.13,3569.16,119.58,61.02
2025-07-24T06:14:37.742899,LTC-USDT,0.0,111.43,0.0,250.2
2025-07-24T06:14:37.742940,SOL-USDT,183.685,183.825,0.0,254.5
2025-07-24T06:14:37.742974,BTC-USDT,117754.9,117755.2,3.0528,3.9003
2025-07-24T06:14:37.744763,XRP-USDT,3.0831,3.0837,31406.0,0.0
2025-07-24T06:14:38.066604,ETH-USDT,3571.02,3569.16,62.34,0.0
2025-07-24T06:14:38.066719,LTC-USDT,0.0,109.9,0.0,0.0
2025-07-24T06:14:38.066809,SOL-USDT,183.785,183.825,90.3,0.0
2025-07-24T06:14:38.066903,BTC-USDT,117754.9,117755.2,5.4402,4.15905
2025-07-24T06:14:38.066944,XRP-USDT,3.0837,3.0838,17909.0,0.0
2025-07-24T06:14:38.381672,ETH-USDT,3571.02,3571.04,0.0,48.105
2025-07-24T06:14:38.383489,LTC-USDT,109.66,110.1,218.9,464.0
2025-07-24T06:14:38.384665,SOL-USDT,183.785,183.845,90.3,300.6
2025-07-24T06:14:38.385646,BTC-USDT,117754.9,117755.2,3.11385,3.69585
2025-07-24T06:14:38.385696,XRP-USDT,3.0837,3.0936,28187.0,0.0
2025-07-24T06:14:38.694029,ETH-USDT,3571.01,3571.07,0.0,202.89
2025-07-24T06:14:38.694439,SOL-USDT,183.805,183.845,110.3,99.3
2025-07-24T06:14:38.694494,BTC-USDT,117754.9,117755.2,5.07675,7.77255
2025-07-24T06:14:38.694542,XRP-USDT,3.0839,3.0844,5266.0,0.0
2025-07-24T06:14:39.011629,ETH-USDT,3570.99,3570.65,0.0,48.51
2025-07-24T06:14:39.020527,LTC-USDT,109.32,0.0,0.0,0.0
2025-07-24T06:14:39.020579,SOL-USDT,183.805,183.84,0.0,640.0
2025-07-24T06:14:39.020618,BTC-USDT,117754.9,117755.2,1.5465,4.2846
2025-07-24T06:14:39.020677,XRP-USDT,3.0841,3.0846,5958.0,0.0
2025-07-24T06:14:39.329702,ETH-USDT,3570.57,3570.44,0.0,107.835
2025-07-24T06:14:39.330033,SOL-USDT,183.775,183.825,0.0,97.8
2025-07-24T06:14:39.330432,BTC-USDT,117754.9,117755.2,3.4557,6.4176
2025-07-24T06:14:39.330521,XRP-USDT,3.0844,3.0848,17770.0,0.0
2025-07-24T06:14:39.650974,ETH-USDT,3570.41,3570.48,119.835,107.055
2025-07-24T06:14:39.651033,LTC-USDT,109.56,0.0,93.5,0.0
2025-07-24T06:14:39.651071,SOL-USDT,183.76,183.805,0.0,101.8
2025-07-24T06:14:39.651522,BTC-USDT,117754.9,117755.2,3.62955,6.1389
2025-07-24T06:14:39.651565,XRP-USDT,3.0844,3.0848,0.0,29734.0
2025-07-24T06:14:39.964363,ETH-USDT,3570.63,3570.44,66.57,0.0
2025-07-24T06:14:39.964414,LTC-USDT,109.7,109.95,218.9,0.0
2025-07-24T06:14:39.964441,SOL-USDT,183.8,183.805,247.6,0.0
2025-07-24T06:14:39.964467,BTC-USDT,117754.9,117755.2,2.9943,5.88075
2025-07-24T06:14:39.964491,XRP-USDT,3.0871,3.0848,148.0,0.0
2025-07-24T06:14:40.280438,ETH-USDT,3571.12,3570.66,47.73,0.0
2025-07-24T06:14:40.280995,LTC-USDT,109.69,110.04,218.9,272.5
2025-07-24T06:14:40.281509,SOL-USDT,183.811,183.81,72.4,0.0
2025-07-24T06:14:40.281990,BTC-USDT,117754.9,117755.2,1.5465,5.9907
2025-07-24T06:14:40.282264,XRP-USDT,3.0873,3.088,9818.0,38559.0
2025-07-24T06:14:40.600668,ETH-USDT,3571.38,3571.2,135.195,0.0
2025-07-24T06:14:40.600709,LTC-USDT,109.74,109.73,218.8,0.0
2025-07-24T06:14:40.600742,SOL-USDT,183.612,184.095,0.0,0.0
2025-07-24T06:14:40.600776,BTC-USDT,117754.9,117755.2,5.16345,7.8906
2025-07-24T06:14:40.600816,XRP-USDT,3.0877,3.088,14414.0,0.0
2025-07-24T06:14:40.919817,ETH-USDT,3571.38,3571.16,0.0,50.535
2025-07-24T06:14:40.919857,LTC-USDT,109.66,0.0,0.0,0.0
2025-07-24T06:14:40.919913,SOL-USDT,183.811,183.855,0.0,198.1
2025-07-24T06:14:40.919947,BTC-USDT,117754.9,117755.2,5.23245,7.302
2025-07-24T06:14:40.919983,XRP-USDT,3.0877,3.0878,0.0,12338.0
2025-07-24T06:14:41.220797,ETH-USDT,3571.17,3571.16,72.45,0.0
2025-07-24T06:14:41.221302,SOL-USDT,183.805,183.855,107.0,0.0
2025-07-24T06:14:41.222841,BTC-USDT,117754.9,117746.6,0.0,2.0304
2025-07-24T06:14:41.223078,XRP-USDT,3.0872,3.0878,15846.0,0.0
2025-07-24T06:14:41.544605,ETH-USDT,3571.26,3571.27,128.34,0.0
2025-07-24T06:14:41.544656,SOL-USDT,183.805,183.865,208.0,254.3
2025-07-24T06:14:41.544687,BTC-USDT,117745.7,117740.2,0.0,1.7061
2025-07-24T06:14:41.544714,XRP-USDT,3.0872,3.0879,0.0,30485.0
2025-07-24T06:14:41.858902,ETH-USDT,3568.49,3577.7,0.0,78.405
2025-07-24T06:14:41.862765,LTC-USDT,109.4,110.26,0.0,128.3
2025-07-24T06:14:41.862811,BTC-USDT,117739.9,117740.2,1.8459,2.0364
2025-07-24T06:14:41.862846,XRP-USDT,3.0869,3.0873,0.0,32610.0
2025-07-24T06:14:42.169391,ETH-USDT,3568.35,3576.41,0.0,0.0
2025-07-24T06:14:42.169854,LTC-USDT,0.0,111.16,0.0,0.0
2025-07-24T06:14:42.175990,SOL-USDT,183.805,183.855,0.0,163.4
2025-07-24T06:14:42.176034,BTC-USDT,117739.9,117740.2,2.15655,1.55865
2025-07-24T06:14:42.176063,XRP-USDT,3.0866,3.0872,0.0,20001.0
2025-07-24T06:14:42.516732,ETH-USDT,3570.34,0.0,47.265,0.0
2025-07-24T06:14:42.516775,SOL-USDT,183.684,0.0,0.0,0.0
2025-07-24T06:14:42.516806,BTC-USDT,117739.9,117740.2,2.15655,0.0
2025-07-24T06:14:42.516854,XRP-USDT,3.0869,3.0872,12475.0,0.0
2025-07-24T06:14:42.793541,ETH-USDT,3570.35,3575.77,0.0,0.0
2025-07-24T06:14:42.793588,BTC-USDT,117739.9,117740.2,4.2459,1.36545
2025-07-24T06:14:42.793619,XRP-USDT,3.0869,3.0873,0.0,12122.0
2025-07-24T06:14:43.102058,SOL-USDT,183.634,0.0,0.0,0.0
2025-07-24T06:14:43.102441,BTC-USDT,117739.9,117740.2,2.15655,1.77135
2025-07-24T06:14:43.102560,XRP-USDT,3.0866,3.0872,0.0,9802.0
2025-07-24T06:14:43.410986,ETH-USDT,3571.26,3571.07,0.0,56.88
2025-07-24T06:14:43.411038,SOL-USDT,183.792,0.0,129.0,0.0
2025-07-24T06:14:43.411065,LTC-USDT,0.0,110.06,0.0,151.0
2025-07-24T06:14:43.411301,BTC-USDT,117739.9,117740.2,3.7626,1.9215
2025-07-24T06:14:43.411341,XRP-USDT,3.0865,3.0869,0.0,10726.0
2025-07-24T06:14:43.721179,ETH-USDT,3571.04,3570.89,0.0,55.485
2025-07-24T06:14:43.721227,LTC-USDT,109.29,110.1,0.0,0.0
2025-07-24T06:14:43.721260,SOL-USDT,183.795,183.815,0.0,130.3
2025-07-24T06:14:43.721291,BTC-USDT,117739.9,117740.2,0.0,2.3355
2025-07-24T06:14:43.725221,XRP-USDT,3.0862,3.0869,0.0,7620.0
2025-07-24T06:14:44.040636,ETH-USDT,3570.81,3570.22,0.0,49.845
2025-07-24T06:14:44.040689,LTC-USDT,109.74,109.98,0.0,272.7
2025-07-24T06:14:44.046792,SOL-USDT,183.755,183.785,0.0,214.4
2025-07-24T06:14:44.046897,BTC-USDT,117739.4,117729.8,0.0,3.3087
2025-07-24T06:14:44.046943,XRP-USDT,3.0857,3.0852,0.0,19035.0
2025-07-24T06:14:44.359574,ETH-USDT,3570.26,3570.22,54.795,0.0
2025-07-24T06:14:44.360336,LTC-USDT,109.65,110.06,0.0,0.0
2025-07-24T06:14:44.362476,SOL-USDT,183.725,183.775,0.0,96.0
2025-07-24T06:14:44.362518,BTC-USDT,117729.4,117723.8,0.0,1.7505
2025-07-24T06:14:44.362552,XRP-USDT,3.0844,3.0851,13405.0,20220.0
2025-07-24T06:14:44.677894,ETH-USDT,3570.27,3570.35,90.57,95.475
2025-07-24T06:14:44.678990,LTC-USDT,109.52,0.0,195.7,0.0
2025-07-24T06:14:44.679517,SOL-USDT,183.433,183.869,523.5,121.2
2025-07-24T06:14:44.680335,BTC-USDT,117723.4,117724.2,5.559,5.2764
2025-07-24T06:14:44.680470,XRP-USDT,3.0844,3.0846,0.0,6970.0
2025-07-24T06:14:44.988302,ETH-USDT,3562.31,3571.51,16.245,51.285
2025-07-24T06:14:44.989363,LTC-USDT,0.0,110.54,0.0,58.6
2025-07-24T06:14:44.989585,SOL-USDT,183.715,183.745,0.0,119.8
2025-07-24T06:14:44.989754,BTC-USDT,117723.4,117724.2,5.46225,5.3538
2025-07-24T06:14:44.990184,XRP-USDT,3.084,3.0846,0.0,6948.0
2025-07-24T06:14:45.314539,ETH-USDT,3570.26,3570.33,113.205,66.99
2025-07-24T06:14:45.314584,LTC-USDT,109.46,110.14,0.0,242.0
2025-07-24T06:14:45.314611,SOL-USDT,183.683,183.725,0.0,202.2
2025-07-24T06:14:45.314637,BTC-USDT,117723.4,117724.2,5.8098,5.17755
2025-07-24T06:14:45.314662,XRP-USDT,3.0838,3.0837,0.0,6348.0
2025-07-24T06:14:45.619938,ETH-USDT,0.0,3571.53,0.0,41.73
2025-07-24T06:14:45.619973,LTC-USDT,109.4,110.11,5.5,37.3
2025-07-24T06:14:45.619997,SOL-USDT,183.685,183.725,190.6,0.0
2025-07-24T06:14:45.622706,BTC-USDT,117723.4,117724.2,7.15455,5.5923
2025-07-24T06:14:45.622748,XRP-USDT,3.0832,3.0837,11732.0,0.0
2025-07-24T06:14:45.940230,ETH-USDT,3569.09,0.0,0.0,0.0
2025-07-24T06:14:45.940424,LTC-USDT,109.48,0.0,0.0,0.0
2025-07-24T06:14:45.940461,SOL-USDT,183.685,183.735,0.0,76.9
2025-07-24T06:14:45.940798,BTC-USDT,117723.4,117724.2,5.6922,5.274
2025-07-24T06:14:45.942208,XRP-USDT,3.0832,3.0838,0.0,37390.0
2025-07-24T06:14:46.254210,ETH-USDT,3569.65,3574.88,0.0,0.0
2025-07-24T06:14:46.254258,LTC-USDT,0.0,110.11,0.0,244.8
2025-07-24T06:14:46.254286,SOL-USDT,183.675,183.715,103.1,160.2
2025-07-24T06:14:46.254310,BTC-USDT,117723.4,117724.2,7.34685,5.0655
2025-07-24T06:14:46.254337,XRP-USDT,3.0831,3.0835,0.0,10579.0
2025-07-24T06:14:46.558342,ETH-USDT,3569.08,0.0,0.0,0.0
2025-07-24T06:14:46.564663,SOL-USDT,183.265,183.856,0.0,71.3
2025-07-24T06:14:46.564718,BTC-USDT,117723.4,117724.2,7.14975,5.55435
2025-07-24T06:14:46.564766,XRP-USDT,3.0831,3.0835,31706.0,0.0
2025-07-24T06:14:46.868934,ETH-USDT,3570.27,3570.11,0.0,60.6
2025-07-24T06:14:46.870360,LTC-USDT,109.7,109.94,0.0,272.8
2025-07-24T06:14:46.870402,SOL-USDT,183.655,183.705,0.0,105.3
2025-07-24T06:14:46.870436,BTC-USDT,117723.4,117724.2,7.281,5.2419
2025-07-24T06:14:46.870475,XRP-USDT,3.083,3.0838,26080.0,31083.0
2025-07-24T06:14:47.182835,ETH-USDT,3570.87,3570.11,54.465,0.0
2025-07-24T06:14:47.182913,SOL-USDT,183.675,183.705,222.6,0.0
2025-07-24T06:14:47.182945,BTC-USDT,117723.4,117724.2,8.97585,7.1814
2025-07-24T06:14:47.182969,XRP-USDT,3.0831,3.0835,0.0,16314.0
2025-07-24T06:14:47.492268,ETH-USDT,3570.87,3570.83,0.0,54.09
2025-07-24T06:14:47.492310,LTC-USDT,0.0,110.02,0.0,0.0
2025-07-24T06:14:47.492347,SOL-USDT,183.665,183.73,149.2,374.3
2025-07-24T06:14:47.492386,BTC-USDT,117723.4,117724.1,10.3449,3.74685
2025-07-24T06:14:47.492425,XRP-USDT,3.0765,3.0835,0.0,28162.0
2025-07-24T06:14:47.800236,ETH-USDT,3565.82,3571.52,35.295,0.0
2025-07-24T06:14:47.803088,LTC-USDT,109.69,109.97,0.0,272.6
2025-07-24T06:14:47.803126,SOL-USDT,183.665,183.715,0.0,127.8
2025-07-24T06:14:47.808792,BTC-USDT,117723.4,117723.9,10.34145,3.1011
2025-07-24T06:14:47.808835,XRP-USDT,3.0828,3.0835,0.0,41992.0
2025-07-24T06:14:48.112574,ETH-USDT,3570.78,3570.49,0.0,108.48
2025-07-24T06:14:48.112612,LTC-USDT,109.58,110.14,219.1,0.0
2025-07-24T06:14:48.112638,SOL-USDT,183.433,183.715,0.0,198.6
2025-07-24T06:14:48.112661,BTC-USDT,117723.4,117724.0,11.1762,1.6491
2025-07-24T06:14:48.112685,XRP-USDT,3.0823,3.0829,0.0,12671.0
2025-07-24T06:14:48.420319,LTC-USDT,109.62,0.0,219.1,0.0
2025-07-24T06:14:48.420508,ETH-USDT,3570.46,3569.89,0.0,127.05
2025-07-24T06:14:48.421456,SOL-USDT,183.675,183.675,0.0,80.5
2025-07-24T06:14:48.421496,BTC-USDT,117723.4,117723.8,8.8512,3.37665
2025-07-24T06:14:48.421531,XRP-USDT,3.0768,3.0829,0.0,15774.0
2025-07-24T06:14:48.860827,ETH-USDT,3565.42,3571.51,63.12,0.0
2025-07-24T06:14:48.862353,SOL-USDT,183.615,183.675,426.4,0.0
2025-07-24T06:14:48.865685,BTC-USDT,117723.4,117724.2,8.67165,9.91695
2025-07-24T06:14:48.865896,XRP-USDT,0.0,3.0841,0.0,18248.0
2025-07-24T06:14:49.181091,ETH-USDT,3563.98,3571.37,0.0,0.0
2025-07-24T06:14:49.183979,SOL-USDT,183.615,183.67,331.4,516.1
2025-07-24T06:14:49.184937,BTC-USDT,117723.4,117723.8,8.48985,3.1995
2025-07-24T06:14:49.184978,XRP-USDT,3.0822,3.0826,0.0,31680.0
2025-07-24T06:14:49.489898,SOL-USDT,183.598,183.672,171.2,84.2
2025-07-24T06:14:49.493389,BTC-USDT,117723.4,117724.2,8.49645,10.90665
2025-07-24T06:14:49.493432,XRP-USDT,0.0,3.0842,0.0,31458.0
2025-07-24T06:14:49.823167,ETH-USDT,3569.86,3569.65,0.0,20.685
2025-07-24T06:14:49.834256,SOL-USDT,183.605,183.64,0.0,117.6
2025-07-24T06:14:49.834299,BTC-USDT,117723.4,117717.6,0.0,3.70155
2025-07-24T06:14:49.834334,XRP-USDT,3.0819,3.0823,0.0,32822.0
2025-07-24T06:14:50.122947,ETH-USDT,3569.64,3569.16,0.0,54.195
2025-07-24T06:14:50.129398,LTC-USDT,109.66,109.9,0.0,272.9
2025-07-24T06:14:50.129432,SOL-USDT,183.585,183.625,0.0,105.3
2025-07-24T06:14:50.129461,XRP-USDT,3.0816,3.0816,0.0,18584.0
2025-07-24T06:14:50.129486,BTC-USDT,117716.8,117707.2,0.0,3.32385
2025-07-24T06:14:50.438923,ETH-USDT,3569.14,3568.98,0.0,105.57
2025-07-24T06:14:50.439407,LTC-USDT,109.58,110.03,0.0,0.0
2025-07-24T06:14:50.441834,SOL-USDT,183.62,183.605,0.0,84.8
2025-07-24T06:14:50.441895,BTC-USDT,117706.8,117700.1,0.0,1.83975
2025-07-24T06:14:50.441931,XRP-USDT,3.0809,3.0812,0.0,31727.0
2025-07-24T06:14:50.760808,ETH-USDT,3568.95,3568.74,0.0,65.94
2025-07-24T06:14:50.760975,SOL-USDT,183.545,183.608,168.8,165.0
2025-07-24T06:14:50.761030,BTC-USDT,117699.7,117700.2,6.29925,3.1941
2025-07-24T06:14:50.761071,XRP-USDT,3.0803,3.0814,4117.0,5880.0
2025-07-24T06:14:51.074152,ETH-USDT,3568.67,3568.74,0.0,45.915
2025-07-24T06:14:51.074194,LTC-USDT,0.0,111.43,0.0,0.0
2025-07-24T06:14:51.074227,SOL-USDT,0.0,183.849,0.0,81.2
2025-07-24T06:14:51.074264,BTC-USDT,117699.7,117737.3,5.71845,1.8729
2025-07-24T06:14:51.074309,XRP-USDT,3.0724,3.0842,11573.0,26876.0
2025-07-24T06:14:51.369775,ETH-USDT,3568.44,3568.47,116.985,57.24
2025-07-24T06:14:51.372665,LTC-USDT,0.0,110.05,0.0,0.0
2025-07-24T06:14:51.375194,SOL-USDT,183.578,183.577,0.0,61.3
2025-07-24T06:14:51.375236,BTC-USDT,117699.7,0.0,6.1713,0.0
2025-07-24T06:14:51.375269,XRP-USDT,0.0,3.081,0.0,4478.0
2025-07-24T06:14:51.679960,ETH-USDT,3568.44,3568.22,0.0,127.845
2025-07-24T06:14:51.685575,LTC-USDT,109.62,109.86,0.0,273.0
2025-07-24T06:14:51.685924,SOL-USDT,183.576,183.575,0.0,275.3
2025-07-24T06:14:51.686029,BTC-USDT,117699.7,117724.5,6.0618,1.37475
2025-07-24T06:14:51.686123,XRP-USDT,3.0808,3.081,12013.0,0.0
2025-07-24T06:14:51.988406,ETH-USDT,3565.08,3569.94,59.31,0.0
2025-07-24T06:14:51.989539,LTC-USDT,109.35,109.94,0.0,0.0
2025-07-24T06:14:51.990308,SOL-USDT,183.263,183.575,0.0,341.6
2025-07-24T06:14:51.991434,XRP-USDT,3.0808,3.0814,6941.0,11496.0
2025-07-24T06:14:51.992094,BTC-USDT,117699.7,117723.8,6.2367,1.57335
2025-07-24T06:14:52.310282,ETH-USDT,3563.29,3570.89,0.0,0.0
2025-07-24T06:14:52.313404,LTC-USDT,0.0,110.11,0.0,0.0
2025-07-24T06:14:52.313452,SOL-USDT,183.525,183.575,138.6,249.8
2025-07-24T06:14:52.316290,BTC-USDT,117699.7,117730.0,5.84025,0.0
2025-07-24T06:14:52.317554,XRP-USDT,3.0814,3.0814,13575.0,0.0
2025-07-24T06:14:52.630128,ETH-USDT,3568.57,3568.22,138.645,0.0
2025-07-24T06:14:52.633788,LTC-USDT,109.42,109.86,0.0,0.0
2025-07-24T06:14:52.633936,BTC-USDT,117699.7,117729.9,8.4519,0.0
2025-07-24T06:14:52.634019,SOL-USDT,183.555,183.585,261.3,0.0
2025-07-24T06:14:52.634119,XRP-USDT,3.0827,3.0819,28255.0,0.0
2025-07-24T06:14:52.950584,LTC-USDT,109.62,109.97,219.0,0.0
2025-07-24T06:14:52.950604,ETH-USDT,0.0,3569.77,0.0,48.525
2025-07-24T06:14:52.950623,SOL-USDT,183.555,183.585,0.0,159.7
2025-07-24T06:14:52.952383,BTC-USDT,117699.7,117724.6,10.0359,0.0
2025-07-24T06:14:52.952416,XRP-USDT,3.0827,3.0829,0.0,11449.0
2025-07-24T06:14:53.259638,ETH-USDT,3568.57,3568.33,0.0,61.71
2025-07-24T06:14:53.263190,LTC-USDT,109.62,109.94,0.0,272.8
2025-07-24T06:14:53.264409,SOL-USDT,0.0,183.59,0.0,170.6
2025-07-24T06:14:53.264627,BTC-USDT,117699.7,117707.4,10.1703,1.56045
2025-07-24T06:14:53.264737,XRP-USDT,3.0822,3.0827,0.0,36058.0
2025-07-24T06:14:53.579308,ETH-USDT,3568.3,3568.33,67.275,123.495
2025-07-24T06:14:53.579525,LTC-USDT,0.0,109.86,0.0,273.0
2025-07-24T06:14:53.580006,SOL-USDT,0.0,183.636,0.0,103.1
2025-07-24T06:14:53.580189,BTC-USDT,117699.7,117700.2,10.3041,3.11835
2025-07-24T06:14:53.580350,XRP-USDT,3.0759,3.0849,0.0,0.0
2025-07-24T06:14:53.901948,ETH-USDT,0.0,3568.84,0.0,0.0
2025-07-24T06:14:53.901974,SOL-USDT,0.0,183.619,0.0,116.8
2025-07-24T06:14:53.902000,BTC-USDT,117699.7,117700.6,12.63465,2.0769
2025-07-24T06:14:53.902023,XRP-USDT,0.0,3.0836,0.0,11085.0
2025-07-24T06:14:54.217301,ETH-USDT,3564.66,3568.83,63.12,0.0
2025-07-24T06:14:54.217434,LTC-USDT,109.15,110.54,3.7,0.0
2025-07-24T06:14:54.217549,SOL-USDT,0.0,183.628,0.0,0.0
2025-07-24T06:14:54.217661,BTC-USDT,117699.7,117700.7,12.297,1.6365
2025-07-24T06:14:54.218226,XRP-USDT,3.0822,3.0827,28747.0,0.0
2025-07-24T06:14:54.531609,ETH-USDT,0.0,3568.75,0.0,0.0
2025-07-24T06:14:54.532004,SOL-USDT,0.0,183.629,0.0,0.0
2025-07-24T06:14:54.532205,BTC-USDT,117699.7,117700.4,11.0145,3.105
2025-07-24T06:14:54.533509,XRP-USDT,3.0822,3.0826,0.0,29306.0
2025-07-24T06:14:54.844831,BTC-USDT,117699.7,117700.5,13.3404,3.648
2025-07-24T06:14:54.844894,SOL-USDT,183.525,183.555,0.0,213.8
2025-07-24T06:14:54.845093,XRP-USDT,3.0819,3.0822,0.0,11843.0
2025-07-24T06:14:55.155400,ETH-USDT,3565.46,3569.03,0.0,0.0
2025-07-24T06:14:55.158981,LTC-USDT,0.0,113.11,0.0,0.0
2025-07-24T06:14:55.160967,SOL-USDT,183.233,183.63,0.0,0.0
2025-07-24T06:14:55.161027,BTC-USDT,117699.7,117700.3,12.82395,2.11875
2025-07-24T06:14:55.161064,XRP-USDT,3.0816,3.0822,33004.0,0.0
2025-07-24T06:14:55.471277,ETH-USDT,3568.3,3568.16,0.0,131.835
2025-07-24T06:14:55.471334,LTC-USDT,109.36,0.0,0.0,0.0
2025-07-24T06:14:55.473617,SOL-USDT,173.855,183.681,222.4,0.0
2025-07-24T06:14:55.473667,BTC-USDT,117699.7,117701.0,10.6179,2.2776
2025-07-24T06:14:55.473708,XRP-USDT,3.0816,3.0815,0.0,29018.0
2025-07-24T06:14:55.778432,ETH-USDT,3553.63,3568.65,0.0,0.0
2025-07-24T06:14:55.785543,SOL-USDT,181.782,183.625,0.0,0.0
2025-07-24T06:14:55.785586,BTC-USDT,117699.7,117700.5,12.57585,3.3714
2025-07-24T06:14:55.785612,XRP-USDT,3.0808,3.0819,22148.0,13432.0
2025-07-24T06:14:56.098225,ETH-USDT,0.0,3568.76,0.0,0.0
2025-07-24T06:14:56.100806,SOL-USDT,183.515,183.555,199.6,0.0
2025-07-24T06:14:56.100840,BTC-USDT,117699.7,117700.7,14.56065,3.08475
2025-07-24T06:14:56.100863,XRP-USDT,3.0808,3.0814,18265.0,29206.0
2025-07-24T06:14:56.408773,LTC-USDT,0.0,111.83,0.0,30.6
2025-07-24T06:14:56.409097,SOL-USDT,183.233,183.575,524.1,369.8
2025-07-24T06:14:56.409139,BTC-USDT,117699.7,117700.2,15.83295,3.01845
2025-07-24T06:14:56.409542,XRP-USDT,3.0808,3.0814,29195.0,0.0
2025-07-24T06:14:56.719761,SOL-USDT,183.075,183.575,0.0,435.4
2025-07-24T06:14:56.719803,XRP-USDT,3.0802,0.0,7381.0,0.0
2025-07-24T06:14:56.719837,BTC-USDT,117699.7,117707.4,15.99405,0.0
2025-07-24T06:14:57.028909,ETH-USDT,3540.02,3569.77,0.0,0.0
2025-07-24T06:14:57.029993,LTC-USDT,109.14,0.0,0.0,0.0
2025-07-24T06:14:57.030038,BTC-USDT,117699.7,0.0,15.6741,0.0
2025-07-24T06:14:57.030066,SOL-USDT,0.0,183.575,0.0,576.0
2025-07-24T06:14:57.030092,XRP-USDT,3.0807,3.0817,6703.0,18769.0
2025-07-24T06:14:57.349711,ETH-USDT,0.0,3569.12,0.0,0.0
2025-07-24T06:14:57.349762,SOL-USDT,0.0,183.575,0.0,740.5
2025-07-24T06:14:57.350038,BTC-USDT,117699.7,117723.8,16.57455,0.0
2025-07-24T06:14:57.350088,XRP-USDT,3.081,3.0815,12419.0,0.0
2025-07-24T06:14:57.714033,ETH-USDT,0.0,3568.34,0.0,0.0
2025-07-24T06:14:57.715837,SOL-USDT,0.0,183.575,0.0,884.2
2025-07-24T06:14:57.715911,BTC-USDT,117699.7,117700.4,15.8454,2.2293
2025-07-24T06:14:57.715953,XRP-USDT,3.0812,3.0817,14033.0,0.0
2025-07-24T06:14:57.968450,ETH-USDT,3547.19,3568.85,0.0,0.0
2025-07-24T06:14:57.968689,SOL-USDT,183.487,183.575,0.0,1003.4
2025-07-24T06:14:57.969076,BTC-USDT,117699.7,117700.6,16.5228,1.99545
2025-07-24T06:14:57.969112,XRP-USDT,3.0812,3.0821,7478.0,14873.0
2025-07-24T06:14:58.279847,ETH-USDT,3568.3,3568.16,74.79,0.0
2025-07-24T06:14:58.281120,SOL-USDT,183.535,183.575,93.6,996.1
2025-07-24T06:14:58.281233,BTC-USDT,117699.7,117700.6,18.09705,3.82875
2025-07-24T06:14:58.282234,XRP-USDT,3.0812,3.0817,0.0,15498.0
2025-07-24T06:14:58.603134,ETH-USDT,3568.3,3568.35,64.725,48.675
2025-07-24T06:14:58.603177,SOL-USDT,183.488,183.621,0.0,0.0
2025-07-24T06:14:58.603213,BTC-USDT,117699.7,117700.3,17.81385,3.43575
2025-07-24T06:14:58.603249,XRP-USDT,3.0816,3.0817,18943.0,0.0
2025-07-24T06:14:58.918308,ETH-USDT,3568.3,3568.35,63.51,99.0
2025-07-24T06:14:58.918624,SOL-USDT,0.0,183.632,0.0,0.0
2025-07-24T06:14:58.918662,LTC-USDT,109.12,0.0,216.5,0.0
2025-07-24T06:14:58.919004,XRP-USDT,3.0816,3.0823,31579.0,35615.0
2025-07-24T06:14:58.919303,BTC-USDT,117699.7,117700.5,18.23985,3.67665
2025-07-24T06:14:59.245152,ETH-USDT,3568.3,3568.4,0.0,105.54
2025-07-24T06:14:59.245294,SOL-USDT,183.512,183.617,78.3,0.0
2025-07-24T06:14:59.245340,BTC-USDT,117699.7,117700.9,19.68075,2.1981
2025-07-24T06:14:59.245380,XRP-USDT,3.0816,3.0821,0.0,33144.0
2025-07-24T06:14:59.552141,ETH-USDT,3568.3,3568.79,48.63,0.0
2025-07-24T06:14:59.552830,SOL-USDT,183.513,0.0,71.7,0.0
2025-07-24T06:14:59.553169,BTC-USDT,117699.7,117700.2,20.11035,3.26475
2025-07-24T06:14:59.554035,XRP-USDT,3.0808,3.0824,20263.0,14386.0
2025-07-24T06:14:59.858460,ETH-USDT,3568.46,3568.32,133.335,0.0
2025-07-24T06:14:59.859095,LTC-USDT,109.26,109.9,0.0,272.8
2025-07-24T06:14:59.861313,SOL-USDT,183.545,183.595,214.4,0.0
2025-07-24T06:14:59.861356,BTC-USDT,117699.7,117700.7,21.9066,1.8306
2025-07-24T06:14:59.861392,XRP-USDT,3.0819,3.0821,21560.0,0.0
2025-07-24T06:15:00.178691,ETH-USDT,3568.46,3568.36,0.0,147.09
2025-07-24T06:15:00.178945,LTC-USDT,109.32,109.94,0.5,272.8
2025-07-24T06:15:00.179592,BTC-USDT,117699.7,117700.7,21.55755,4.09005
2025-07-24T06:15:00.179632,SOL-USDT,183.575,183.575,134.3,0.0
2025-07-24T06:15:00.180361,XRP-USDT,3.082,3.0826,15787.0,0.0
2025-07-24T06:15:00.493313,ETH-USDT,3568.53,3568.36,58.665,0.0
2025-07-24T06:15:00.493379,SOL-USDT,183.605,183.635,158.3,111.4
2025-07-24T06:15:00.493490,BTC-USDT,117699.7,117700.8,23.0475,3.6921
2025-07-24T06:15:00.493611,XRP-USDT,3.0827,3.0827,14316.0,0.0
2025-07-24T06:15:00.813537,ETH-USDT,3568.53,3568.53,0.0,40.02
2025-07-24T06:15:00.815683,SOL-USDT,183.514,183.665,76.0,79.3
2025-07-24T06:15:00.815843,BTC-USDT,117702.5,117700.1,1.431,0.0
2025-07-24T06:15:00.816009,XRP-USDT,3.0827,3.0832,0.0,5840.0
2025-07-24T06:15:01.119247,ETH-USDT,3568.66,3568.53,73.14,0.0
2025-07-24T06:15:01.119971,LTC-USDT,0.0,109.86,0.0,0.0
2025-07-24T06:15:01.120747,SOL-USDT,183.012,183.665,0.0,136.0
2025-07-24T06:15:01.120981,XRP-USDT,3.082,3.0826,0.0,17476.0
2025-07-24T06:15:01.121590,BTC-USDT,117714.7,117703.4,1.55805,0.0
2025-07-24T06:15:01.433830,ETH-USDT,3568.66,3568.45,0.0,57.78
2025-07-24T06:15:01.433934,LTC-USDT,0.0,109.88,0.0,272.9
2025-07-24T06:15:01.433995,SOL-USDT,183.535,183.67,0.0,203.7
2025-07-24T06:15:01.434045,BTC-USDT,117714.7,117715.1,2.14845,3.69525
2025-07-24T06:15:01.434087,XRP-USDT,3.0819,3.0823,0.0,26885.0
2025-07-24T06:15:01.748452,ETH-USDT,3568.43,3568.27,0.0,57.435
2025-07-24T06:15:01.749319,LTC-USDT,0.0,109.84,0.0,273.0
2025-07-24T06:15:01.750289,BTC-USDT,117714.7,117824.4,0.0,2.235
2025-07-24T06:15:01.750331,SOL-USDT,183.605,183.625,0.0,104.7
2025-07-24T06:15:01.750521,XRP-USDT,3.0816,3.0811,0.0,11649.0
2025-07-24T06:15:02.059856,ETH-USDT,3568.19,3568.02,0.0,125.58
2025-07-24T06:15:02.060153,LTC-USDT,0.0,109.94,0.0,0.0
2025-07-24T06:15:02.062658,SOL-USDT,183.565,183.625,229.2,0.0
2025-07-24T06:15:02.062703,BTC-USDT,117714.7,0.0,3.4479,0.0
2025-07-24T06:15:02.062730,XRP-USDT,3.0804,3.0811,0.0,0.0
2025-07-24T06:15:02.379720,ETH-USDT,3567.99,3567.97,0.0,45.72
2025-07-24T06:15:02.380239,LTC-USDT,0.0,111.84,0.0,267.1
2025-07-24T06:15:02.381493,SOL-USDT,183.565,183.585,0.0,279.9
2025-07-24T06:15:02.381615,BTC-USDT,117714.7,0.0,3.5877,0.0
2025-07-24T06:15:02.382196,XRP-USDT,3.08,3.0802,0.0,19229.0
2025-07-24T06:15:02.701099,ETH-USDT,3567.89,3567.73,0.0,124.53
2025-07-24T06:15:02.701142,LTC-USDT,109.58,109.8,0.0,273.1
2025-07-24T06:15:02.701181,SOL-USDT,183.525,183.575,0.0,107.4
2025-07-24T06:15:02.701205,BTC-USDT,117714.7,117710.2,0.0,2.2518
2025-07-24T06:15:02.701228,XRP-USDT,3.0796,3.0802,0.0,30609.0
2025-07-24T06:15:03.013639,ETH-USDT,3567.65,3567.7,106.635,112.245
2025-07-24T06:15:03.021081,LTC-USDT,109.46,109.84,114.6,0.0
2025-07-24T06:15:03.021133,SOL-USDT,183.513,183.575,180.1,85.1
2025-07-24T06:15:03.021168,BTC-USDT,117709.9,117710.2,1.64325,1.76955
2025-07-24T06:15:03.021203,XRP-USDT,3.0795,3.0801,0.0,16404.0
2025-07-24T06:15:03.339129,ETH-USDT,3564.03,0.0,63.135,0.0
2025-07-24T06:15:03.339321,SOL-USDT,0.0,183.575,0.0,237.4
2025-07-24T06:15:03.339715,BTC-USDT,117709.9,117707.2,0.0,1.72545
2025-07-24T06:15:03.339752,XRP-USDT,3.0794,3.0793,0.0,12990.0
2025-07-24T06:15:03.644864,ETH-USDT,0.0,3567.7,0.0,0.0
2025-07-24T06:15:03.644934,SOL-USDT,0.0,183.575,0.0,234.2
2025-07-24T06:15:03.644970,BTC-USDT,117706.9,117707.2,1.5477,1.8342
2025-07-24T06:15:03.645002,XRP-USDT,3.0789,3.0793,30137.0,0.0
2025-07-24T06:15:03.645104,LTC-USDT,109.36,110.08,146.0,133.1
2025-07-24T06:15:03.949639,ETH-USDT,3567.67,3567.74,0.0,136.47
2025-07-24T06:15:03.950785,SOL-USDT,183.515,183.56,0.0,148.2
2025-07-24T06:15:03.951196,BTC-USDT,117706.9,117707.2,3.79755,3.54135
2025-07-24T06:15:03.952504,XRP-USDT,3.0793,3.0795,10098.0,0.0
2025-07-24T06:15:04.259281,ETH-USDT,3567.66,3567.69,49.5,147.3
2025-07-24T06:15:04.260212,LTC-USDT,0.0,111.84,0.0,0.0
2025-07-24T06:15:04.260249,SOL-USDT,182.456,183.687,0.0,0.0
2025-07-24T06:15:04.260646,BTC-USDT,117706.9,117707.2,3.00105,3.19545
2025-07-24T06:15:04.260713,XRP-USDT,3.0793,3.0802,0.0,18840.0
2025-07-24T06:15:04.579010,ETH-USDT,0.0,3568.55,0.0,60.675
2025-07-24T06:15:04.581885,SOL-USDT,0.0,183.67,0.0,126.1
2025-07-24T06:15:04.581942,BTC-USDT,117706.9,117707.2,3.2352,3.37005
2025-07-24T06:15:04.581974,XRP-USDT,3.0663,3.0832,30944.0,7332.0
2025-07-24T06:15:04.892761,ETH-USDT,0.0,3568.52,0.0,55.77
2025-07-24T06:15:04.896745,LTC-USDT,109.56,109.8,219.1,0.0
2025-07-24T06:15:04.896854,SOL-USDT,181.782,183.628,0.0,82.0
2025-07-24T06:15:04.896933,BTC-USDT,117706.9,117707.2,2.9433,3.32595
2025-07-24T06:15:04.896968,XRP-USDT,3.0793,0.0,6989.0,0.0
2025-07-24T06:15:05.197632,ETH-USDT,0.0,3568.28,0.0,0.0
2025-07-24T06:15:05.199127,SOL-USDT,182.253,183.641,0.0,0.0
2025-07-24T06:15:05.199793,BTC-USDT,117706.9,117707.2,3.52095,0.0
2025-07-24T06:15:05.199828,XRP-USDT,3.0793,3.0823,0.0,7013.0
2025-07-24T06:15:05.514583,ETH-USDT,3568.2,3567.69,58.65,0.0
2025-07-24T06:15:05.514957,LTC-USDT,109.46,109.88,0.0,0.0
2025-07-24T06:15:05.515004,SOL-USDT,183.535,183.56,217.3,0.0
2025-07-24T06:15:05.515070,BTC-USDT,117713.5,117713.8,1.6479,2.18775
2025-07-24T06:15:05.515244,XRP-USDT,3.0804,3.0799,6738.0,0.0
2025-07-24T06:15:05.829287,ETH-USDT,3568.5,3568.23,43.29,0.0
2025-07-24T06:15:05.830076,LTC-USDT,109.6,109.84,219.1,0.0
2025-07-24T06:15:05.831165,SOL-USDT,183.555,183.595,110.2,0.0
2025-07-24T06:15:05.831800,BTC-USDT,117715.4,117713.8,1.5633,0.0
2025-07-24T06:15:05.831991,XRP-USDT,3.081,3.0811,27848.0,0.0
2025-07-24T06:15:06.149269,ETH-USDT,3568.83,3568.56,57.075,0.0
2025-07-24T06:15:06.149522,LTC-USDT,109.52,0.0,0.0,0.0
2025-07-24T06:15:06.149579,SOL-USDT,183.555,183.61,217.5,0.0
2025-07-24T06:15:06.154734,BTC-USDT,117716.2,117715.5,1.9701,0.0
2025-07-24T06:15:06.154859,XRP-USDT,3.0814,3.0817,29727.0,0.0
2025-07-24T06:15:06.459964,ETH-USDT,3568.84,3568.91,108.36,111.315
2025-07-24T06:15:06.460228,LTC-USDT,109.42,109.94,219.5,272.8
2025-07-24T06:15:06.460275,SOL-USDT,177.774,183.627,249.5,95.6
2025-07-24T06:15:06.460607,BTC-USDT,117721.8,117716.6,1.86495,0.0
2025-07-24T06:15:06.461954,XRP-USDT,3.0737,3.0828,0.0,15525.0
2025-07-24T06:15:06.768149,ETH-USDT,3568.84,0.0,77.385,0.0
2025-07-24T06:15:06.768719,LTC-USDT,109.42,0.0,194.2,0.0
2025-07-24T06:15:06.769299,BTC-USDT,117721.8,117722.1,1.88925,2.1246
2025-07-24T06:15:06.769336,XRP-USDT,3.0787,3.0829,11646.0,16660.0
2025-07-24T06:15:07.079160,ETH-USDT,3568.84,3568.76,0.0,141.78
2025-07-24T06:15:07.080724,LTC-USDT,0.0,113.14,0.0,73.3
2025-07-24T06:15:07.080769,SOL-USDT,183.555,183.605,0.0,168.6
2025-07-24T06:15:07.080803,BTC-USDT,117721.8,117722.1,2.22225,0.0
2025-07-24T06:15:07.080841,XRP-USDT,3.0816,3.0821,12338.0,0.0
2025-07-24T06:15:07.399309,ETH-USDT,3567.57,0.0,65.85,0.0
2025-07-24T06:15:07.411391,LTC-USDT,109.36,109.98,194.9,0.0
2025-07-24T06:15:07.411454,SOL-USDT,183.555,183.605,200.2,0.0
2025-07-24T06:15:07.411484,BTC-USDT,117721.8,117722.1,1.95765,2.2068
2025-07-24T06:15:07.411509,XRP-USDT,3.0816,3.0823,12159.0,28345.0
2025-07-24T06:15:07.719215,ETH-USDT,3568.75,3568.76,50.73,0.0
2025-07-24T06:15:07.719384,SOL-USDT,183.565,183.615,141.8,0.0
2025-07-24T06:15:07.720374,BTC-USDT,117721.8,117722.1,1.437,0.0
2025-07-24T06:15:07.720414,XRP-USDT,3.0816,3.0867,18796.0,0.0
2025-07-24T06:15:08.031939,ETH-USDT,3569.09,3568.85,130.53,0.0
2025-07-24T06:15:08.032741,LTC-USDT,109.65,109.88,219.0,0.0
2025-07-24T06:15:08.032787,SOL-USDT,183.57,183.627,236.1,0.0
2025-07-24T06:15:08.032825,BTC-USDT,117721.8,117722.1,1.9776,2.2236
2025-07-24T06:15:08.032883,XRP-USDT,3.0824,3.0822,11373.0,0.0
2025-07-24T06:15:08.349235,ETH-USDT,3569.09,0.0,0.0,0.0
2025-07-24T06:15:08.350054,LTC-USDT,0.0,110.0,0.0,272.7
2025-07-24T06:15:08.350094,SOL-USDT,183.585,183.575,201.0,0.0
2025-07-24T06:15:08.351986,BTC-USDT,117721.8,117722.1,1.56465,1.8132
2025-07-24T06:15:08.352028,XRP-USDT,3.0827,3.0831,36748.0,0.0
2025-07-24T06:15:08.659091,ETH-USDT,3569.09,0.0,57.765,0.0
2025-07-24T06:15:08.659549,LTC-USDT,109.56,0.0,0.0,0.0
2025-07-24T06:15:08.659588,SOL-USDT,183.487,0.0,0.0,0.0
2025-07-24T06:15:08.660277,BTC-USDT,117721.8,117722.1,4.1541,0.0
2025-07-24T06:15:08.662222,XRP-USDT,3.0827,3.0829,19986.0,12732.0
2025-07-24T06:15:08.968704,ETH-USDT,3569.09,0.0,48.45,0.0
2025-07-24T06:15:08.969522,LTC-USDT,109.49,111.42,115.7,79.4
2025-07-24T06:15:08.971668,SOL-USDT,183.595,183.645,190.2,0.0
2025-07-24T06:15:08.971708,BTC-USDT,117721.8,117722.1,4.37565,1.46865
2025-07-24T06:15:08.971744,XRP-USDT,3.0827,3.0826,0.0,16063.0
2025-07-24T06:15:09.278857,ETH-USDT,3569.09,0.0,145.065,0.0
2025-07-24T06:15:09.280280,LTC-USDT,0.0,110.94,0.0,0.0
2025-07-24T06:15:09.285098,BTC-USDT,117721.8,117722.1,3.97905,0.0
2025-07-24T06:15:09.285684,SOL-USDT,183.615,183.655,100.4,0.0
2025-07-24T06:15:09.285745,XRP-USDT,3.0822,3.0826,28617.0,0.0
2025-07-24T06:15:09.590954,ETH-USDT,3569.3,3569.11,49.755,0.0
2025-07-24T06:15:09.591067,LTC-USDT,109.63,109.9,219.1,0.0
2025-07-24T06:15:09.591519,SOL-USDT,183.645,183.635,107.0,0.0
2025-07-24T06:15:09.591581,BTC-USDT,117724.2,117722.2,1.59615,0.0
2025-07-24T06:15:09.591627,XRP-USDT,3.0829,3.0831,9832.0,0.0
2025-07-24T06:15:09.909672,ETH-USDT,3569.82,3569.33,128.595,0.0
2025-07-24T06:15:09.910658,LTC-USDT,109.36,0.0,0.0,0.0
2025-07-24T06:15:09.910691,SOL-USDT,183.665,183.705,649.0,0.0
2025-07-24T06:15:09.910730,XRP-USDT,3.0829,3.0835,0.0,24741.0
2025-07-24T06:15:09.910843,BTC-USDT,117726.6,117725.1,1.4538,0.0
2025-07-24T06:15:10.219469,ETH-USDT,3569.82,3569.7,0.0,122.97
2025-07-24T06:15:10.219826,BTC-USDT,117726.6,117726.9,2.0349,3.36945
2025-07-24T06:15:10.220008,SOL-USDT,183.663,183.957,235.7,0.0
2025-07-24T06:15:10.221597,XRP-USDT,3.0831,3.0835,12526.0,0.0
2025-07-24T06:15:10.528541,ETH-USDT,3565.37,3573.3,15.0,6.27
2025-07-24T06:15:10.529786,SOL-USDT,183.531,0.0,122.6,0.0
2025-07-24T06:15:10.529829,LTC-USDT,0.0,110.1,0.0,0.0
2025-07-24T06:15:10.529862,BTC-USDT,117739.4,117726.9,3.54165,0.0
2025-07-24T06:15:10.529994,XRP-USDT,3.0831,3.0838,12736.0,22730.0
2025-07-24T06:15:10.849122,ETH-USDT,3565.0,3573.3,0.0,70.935
2025-07-24T06:15:10.850697,SOL-USDT,183.563,0.0,0.0,0.0
2025-07-24T06:15:10.853194,BTC-USDT,117721.0,117739.8,0.0,4.176
2025-07-24T06:15:10.853238,XRP-USDT,3.0831,0.0,14049.0,0.0
2025-07-24T06:15:11.168597,ETH-USDT,0.0,3578.56,0.0,0.0
2025-07-24T06:15:11.170468,BTC-USDT,117721.7,117739.8,0.0,5.7351
2025-07-24T06:15:11.170509,SOL-USDT,183.685,183.725,129.5,0.0
2025-07-24T06:15:11.170694,XRP-USDT,3.0833,3.0837,18312.0,0.0
2025-07-24T06:15:11.492136,ETH-USDT,3569.8,3569.7,60.42,0.0
2025-07-24T06:15:11.492177,SOL-USDT,183.71,183.745,130.5,0.0
2025-07-24T06:15:11.492202,BTC-USDT,0.0,117739.8,0.0,6.21465
2025-07-24T06:15:11.492223,XRP-USDT,3.0835,3.0842,5256.0,9999.0
2025-07-24T06:15:11.808811,ETH-USDT,3570.08,3569.88,49.845,0.0
2025-07-24T06:15:11.812597,LTC-USDT,108.68,0.0,0.0,0.0
2025-07-24T06:15:11.812712,SOL-USDT,183.715,183.947,83.3,652.2
2025-07-24T06:15:11.812817,BTC-USDT,0.0,117739.8,0.0,7.7406
2025-07-24T06:15:11.812952,XRP-USDT,3.0804,3.1146,0.0,5631.0
2025-07-24T06:15:12.118506,ETH-USDT,3570.26,3570.16,57.78,0.0
2025-07-24T06:15:12.120796,LTC-USDT,109.68,109.94,218.9,0.0
2025-07-24T06:15:12.120838,SOL-USDT,183.715,183.775,0.0,0.0
2025-07-24T06:15:12.121045,BTC-USDT,117721.2,117739.8,1.96425,8.0895
2025-07-24T06:15:12.121744,XRP-USDT,3.0841,3.0842,8138.0,0.0
2025-07-24T06:15:12.438502,ETH-USDT,3570.47,3570.49,52.92,20.82
2025-07-24T06:15:12.438840,LTC-USDT,109.55,110.04,219.2,188.1
2025-07-24T06:15:12.440440,BTC-USDT,0.0,117739.8,0.0,8.4294
2025-07-24T06:15:12.440482,SOL-USDT,183.735,183.8,323.1,154.8
2025-07-24T06:15:12.440515,XRP-USDT,3.0822,0.0,19702.0,0.0
2025-07-24T06:15:12.758471,ETH-USDT,3563.92,3570.49,0.0,26.745
2025-07-24T06:15:12.759364,SOL-USDT,183.735,183.795,325.6,0.0
2025-07-24T06:15:12.760477,BTC-USDT,117738.8,117739.8,0.0,0.78615
2025-07-24T06:15:12.762464,XRP-USDT,3.0844,3.0848,14883.0,0.0
2025-07-24T06:15:13.088402,ETH-USDT,3569.53,3570.49,0.0,3.825
2025-07-24T06:15:13.090288,LTC-USDT,109.72,110.2,218.8,12.8
2025-07-24T06:15:13.095353,SOL-USDT,183.74,183.805,267.5,557.0
2025-07-24T06:15:13.095392,BTC-USDT,117744.4,117739.8,1.47645,0.0
2025-07-24T06:15:13.095426,XRP-USDT,3.0847,3.0851,4307.0,0.0
2025-07-24T06:15:13.400538,ETH-USDT,3570.98,3570.49,60.84,0.0
2025-07-24T06:15:13.411431,LTC-USDT,0.0,110.2,0.0,0.0
2025-07-24T06:15:13.411472,SOL-USDT,183.765,183.805,328.8,0.0
2025-07-24T06:15:13.411507,BTC-USDT,117726.3,117744.8,0.0,2.2095
2025-07-24T06:15:13.411545,XRP-USDT,3.085,3.0854,7343.0,0.0
2025-07-24T06:15:13.714500,ETH-USDT,3571.01,3571.02,65.97,0.0
2025-07-24T06:15:13.720222,LTC-USDT,109.7,0.0,218.9,0.0
2025-07-24T06:15:13.720265,SOL-USDT,183.775,183.825,542.6,306.7
2025-07-24T06:15:13.720301,BTC-USDT,117744.5,117744.8,1.31145,0.0
2025-07-24T06:15:13.721205,XRP-USDT,3.0851,3.0856,4818.0,0.0
2025-07-24T06:15:14.028690,ETH-USDT,3571.05,3571.07,70.83,58.17
2025-07-24T06:15:14.035945,LTC-USDT,109.58,0.0,0.0,0.0
2025-07-24T06:15:14.035984,SOL-USDT,183.644,0.0,0.0,0.0
2025-07-24T06:15:14.036015,BTC-USDT,117746.7,117744.9,1.59375,0.0
2025-07-24T06:15:14.036041,XRP-USDT,3.0852,3.0861,4679.0,11236.0
2025-07-24T06:15:14.340690,ETH-USDT,3571.05,0.0,58.005,0.0
2025-07-24T06:15:14.346096,LTC-USDT,0.0,110.28,0.0,252.7
2025-07-24T06:15:14.346136,SOL-USDT,183.68,0.0,134.4,0.0
2025-07-24T06:15:14.349048,BTC-USDT,117746.7,0.0,1.61865,0.0
2025-07-24T06:15:14.349091,XRP-USDT,3.0819,3.0996,18760.0,0.0
2025-07-24T06:15:14.664954,ETH-USDT,3571.05,3570.82,0.0,48.945
2025-07-24T06:15:14.664995,LTC-USDT,109.61,0.0,0.0,0.0
2025-07-24T06:15:14.665028,SOL-USDT,183.775,183.84,251.6,73.8
