timestamp,symbol,bid,ask,bid_vol,ask_vol
2025-07-24T06:13:26.295006,ADA-USDT,0.7856,0.7856,0.0,0.0
2025-07-24T06:13:26.776686,SOL-USDT,183.13,183.13,0.0,0.0
2025-07-24T06:13:26.999715,BTC-USDT,117688.96,117688.96,0.0,0.0
2025-07-24T06:13:27.010794,ETH-USDT,3560.07,3560.07,0.0,0.0
2025-07-24T06:13:27.087706,BNB-USDT,753.37,753.37,0.0,0.0
2025-07-24T06:13:27.290840,ADA-USDT,0.7854,0.7854,0.0,0.0
2025-07-24T06:13:27.784504,SOL-USDT,183.11,183.11,0.0,0.0
2025-07-24T06:13:27.999330,BTC-USDT,117688.97,117688.97,0.0,0.0
2025-07-24T06:13:28.010253,ETH-USDT,3559.91,3559.91,0.0,0.0
2025-07-24T06:13:28.084365,BNB-USDT,753.0,753.0,0.0,0.0
2025-07-24T06:13:28.290324,ADA-USDT,0.7853,0.7853,0.0,0.0
2025-07-24T06:13:28.783977,SOL-USDT,183.12,183.12,0.0,0.0
2025-07-24T06:13:28.999778,BTC-USDT,117688.96,117688.96,0.0,0.0
2025-07-24T06:13:29.011065,ETH-USDT,3559.84,3559.84,0.0,0.0
2025-07-24T06:13:29.090856,BNB-USDT,753.0,753.0,0.0,0.0
2025-07-24T06:13:29.291361,ADA-USDT,0.7852,0.7852,0.0,0.0
2025-07-24T06:13:29.784738,SOL-USDT,183.11,183.11,0.0,0.0
2025-07-24T06:13:29.999640,BTC-USDT,117688.97,117688.97,0.0,0.0
2025-07-24T06:13:29.999680,ETH-USDT,3559.83,3559.83,0.0,0.0
2025-07-24T06:13:30.091235,BNB-USDT,753.0,753.0,0.0,0.0
2025-07-24T06:13:30.297487,ADA-USDT,0.7853,0.7853,0.0,0.0
2025-07-24T06:13:30.784695,SOL-USDT,183.09,183.09,0.0,0.0
2025-07-24T06:13:30.999235,BTC-USDT,117676.5,117676.5,0.0,0.0
2025-07-24T06:13:31.011670,ETH-USDT,3558.45,3558.45,0.0,0.0
2025-07-24T06:13:31.084250,BNB-USDT,752.92,752.92,0.0,0.0
2025-07-24T06:13:31.289498,ADA-USDT,0.785,0.785,0.0,0.0
2025-07-24T06:13:31.773344,SOL-USDT,183.09,183.09,0.0,0.0
2025-07-24T06:13:31.999196,BTC-USDT,117676.51,117676.51,0.0,0.0
2025-07-24T06:13:31.999425,ETH-USDT,3558.44,3558.44,0.0,0.0
2025-07-24T06:13:32.090219,BNB-USDT,752.88,752.88,0.0,0.0
2025-07-24T06:13:32.289417,ADA-USDT,0.785,0.785,0.0,0.0
2025-07-24T06:13:32.773251,SOL-USDT,183.1,183.1,0.0,0.0
2025-07-24T06:13:32.999532,BTC-USDT,117676.51,117676.51,0.0,0.0
2025-07-24T06:13:33.009903,ETH-USDT,3558.44,3558.44,0.0,0.0
2025-07-24T06:13:33.090528,BNB-USDT,752.83,752.83,0.0,0.0
2025-07-24T06:13:33.285481,ADA-USDT,0.7852,0.7852,0.0,0.0
2025-07-24T06:13:33.784254,SOL-USDT,183.1,183.1,0.0,0.0
2025-07-24T06:13:33.999034,BTC-USDT,117676.51,117676.51,0.0,0.0
2025-07-24T06:13:33.999079,ETH-USDT,3558.45,3558.45,0.0,0.0
2025-07-24T06:13:34.090456,BNB-USDT,752.83,752.83,0.0,0.0
2025-07-24T06:13:34.289821,ADA-USDT,0.7851,0.7851,0.0,0.0
2025-07-24T06:13:34.780158,SOL-USDT,183.11,183.11,0.0,0.0
2025-07-24T06:13:34.993024,BTC-USDT,117663.41,117663.41,0.0,0.0
2025-07-24T06:13:34.993651,ETH-USDT,3556.75,3556.75,0.0,0.0
2025-07-24T06:13:35.085422,BNB-USDT,752.71,752.71,0.0,0.0
2025-07-24T06:13:35.285411,ADA-USDT,0.7849,0.7849,0.0,0.0
2025-07-24T06:13:35.785210,SOL-USDT,183.1,183.1,0.0,0.0
2025-07-24T06:13:35.999138,BTC-USDT,117654.42,117654.42,0.0,0.0
2025-07-24T06:13:36.010100,ETH-USDT,3556.75,3556.75,0.0,0.0
2025-07-24T06:13:36.090668,BNB-USDT,752.64,752.64,0.0,0.0
2025-07-24T06:13:36.295334,ADA-USDT,0.7849,0.7849,0.0,0.0
2025-07-24T06:13:36.784393,SOL-USDT,183.06,183.06,0.0,0.0
2025-07-24T06:13:36.999060,BTC-USDT,117654.42,117654.42,0.0,0.0
2025-07-24T06:13:37.010227,ETH-USDT,3556.49,3556.49,0.0,0.0
2025-07-24T06:13:37.097972,BNB-USDT,752.55,752.55,0.0,0.0
2025-07-24T06:13:37.289669,ADA-USDT,0.7847,0.7847,0.0,0.0
2025-07-24T06:13:37.784100,SOL-USDT,183.02,183.02,0.0,0.0
2025-07-24T06:13:37.992527,BTC-USDT,117628.56,117628.56,0.0,0.0
2025-07-24T06:13:38.004203,ETH-USDT,3556.36,3556.36,0.0,0.0
2025-07-24T06:13:38.090503,BNB-USDT,752.64,752.64,0.0,0.0
2025-07-24T06:13:38.289697,ADA-USDT,0.7848,0.7848,0.0,0.0
2025-07-24T06:13:38.784216,SOL-USDT,183.02,183.02,0.0,0.0
2025-07-24T06:13:38.999716,BTC-USDT,117628.56,117628.56,0.0,0.0
2025-07-24T06:13:38.999862,ETH-USDT,3556.36,3556.36,0.0,0.0
2025-07-24T06:13:39.090697,BNB-USDT,752.64,752.64,0.0,0.0
2025-07-24T06:13:39.292397,ADA-USDT,0.7852,0.7852,0.0,0.0
2025-07-24T06:13:39.784254,SOL-USDT,183.09,183.09,0.0,0.0
2025-07-24T06:13:39.999209,BTC-USDT,117628.55,117628.55,0.0,0.0
2025-07-24T06:13:40.010273,ETH-USDT,3557.01,3557.01,0.0,0.0
2025-07-24T06:13:40.090421,BNB-USDT,752.64,752.64,0.0,0.0
2025-07-24T06:13:40.295242,ADA-USDT,0.7849,0.7849,0.0,0.0
2025-07-24T06:13:40.784663,SOL-USDT,183.09,183.09,0.0,0.0
2025-07-24T06:13:41.001014,BTC-USDT,117628.56,117628.56,0.0,0.0
2025-07-24T06:13:41.012089,ETH-USDT,3557.37,3557.37,0.0,0.0
2025-07-24T06:13:41.090528,BNB-USDT,752.73,752.73,0.0,0.0
2025-07-24T06:13:41.285497,ADA-USDT,0.7852,0.7852,0.0,0.0
2025-07-24T06:13:41.776640,SOL-USDT,183.14,183.14,0.0,0.0
2025-07-24T06:13:41.999371,BTC-USDT,117628.56,117628.56,0.0,0.0
2025-07-24T06:13:42.011137,ETH-USDT,3558.08,3558.08,0.0,0.0
2025-07-24T06:13:42.090541,BNB-USDT,752.86,752.86,0.0,0.0
2025-07-24T06:13:42.290121,ADA-USDT,0.7856,0.7856,0.0,0.0
2025-07-24T06:13:42.783963,SOL-USDT,183.15,183.15,0.0,0.0
2025-07-24T06:13:42.992207,BTC-USDT,117628.56,117628.56,0.0,0.0
2025-07-24T06:13:43.004453,ETH-USDT,3558.36,3558.36,0.0,0.0
2025-07-24T06:13:43.090986,BNB-USDT,752.95,752.95,0.0,0.0
2025-07-24T06:13:43.290191,ADA-USDT,0.7857,0.7857,0.0,0.0
2025-07-24T06:13:43.784527,SOL-USDT,183.2,183.2,0.0,0.0
2025-07-24T06:13:44.003615,BTC-USDT,117646.37,117646.37,0.0,0.0
2025-07-24T06:13:44.015905,ETH-USDT,3559.15,3559.15,0.0,0.0
2025-07-24T06:13:44.091131,BNB-USDT,753.14,753.14,0.0,0.0
2025-07-24T06:13:44.286526,ADA-USDT,0.7861,0.7861,0.0,0.0
2025-07-24T06:13:44.785356,SOL-USDT,183.25,183.25,0.0,0.0
2025-07-24T06:13:44.999296,BTC-USDT,117666.14,117666.14,0.0,0.0
2025-07-24T06:13:45.010958,ETH-USDT,3559.45,3559.45,0.0,0.0
2025-07-24T06:13:45.090920,BNB-USDT,753.23,753.23,0.0,0.0
2025-07-24T06:13:45.291614,ADA-USDT,0.7862,0.7862,0.0,0.0
2025-07-24T06:13:45.773202,SOL-USDT,183.29,183.29,0.0,0.0
2025-07-24T06:13:45.999476,BTC-USDT,117666.13,117666.13,0.0,0.0
2025-07-24T06:13:46.011558,ETH-USDT,3560.13,3560.13,0.0,0.0
2025-07-24T06:13:46.084307,BNB-USDT,753.26,753.26,0.0,0.0
2025-07-24T06:13:46.290658,ADA-USDT,0.7864,0.7864,0.0,0.0
2025-07-24T06:13:46.775974,SOL-USDT,183.29,183.29,0.0,0.0
2025-07-24T06:13:46.999362,BTC-USDT,117666.14,117666.14,0.0,0.0
2025-07-24T06:13:47.010302,ETH-USDT,3560.14,3560.14,0.0,0.0
2025-07-24T06:13:47.084243,BNB-USDT,753.27,753.27,0.0,0.0
2025-07-24T06:13:47.292014,ADA-USDT,0.7864,0.7864,0.0,0.0
2025-07-24T06:13:47.784424,SOL-USDT,183.3,183.3,0.0,0.0
2025-07-24T06:13:47.998541,BTC-USDT,117666.14,117666.14,0.0,0.0
2025-07-24T06:13:48.009410,ETH-USDT,3560.13,3560.13,0.0,0.0
2025-07-24T06:13:48.090309,BNB-USDT,753.38,753.38,0.0,0.0
2025-07-24T06:13:48.285482,ADA-USDT,0.7867,0.7867,0.0,0.0
2025-07-24T06:13:48.784080,SOL-USDT,183.29,183.29,0.0,0.0
2025-07-24T06:13:48.998746,BTC-USDT,117666.13,117666.13,0.0,0.0
2025-07-24T06:13:49.009343,ETH-USDT,3560.13,3560.13,0.0,0.0
2025-07-24T06:13:49.090239,BNB-USDT,753.41,753.41,0.0,0.0
2025-07-24T06:13:49.285994,ADA-USDT,0.7868,0.7868,0.0,0.0
2025-07-24T06:13:49.783829,SOL-USDT,183.29,183.29,0.0,0.0
2025-07-24T06:13:49.999034,BTC-USDT,117666.14,117666.14,0.0,0.0
2025-07-24T06:13:50.009639,ETH-USDT,3560.3,3560.3,0.0,0.0
2025-07-24T06:13:50.090272,BNB-USDT,753.5,753.5,0.0,0.0
2025-07-24T06:13:50.287266,ADA-USDT,0.7868,0.7868,0.0,0.0
2025-07-24T06:13:50.783722,SOL-USDT,183.29,183.29,0.0,0.0
2025-07-24T06:13:50.999003,BTC-USDT,117666.14,117666.14,0.0,0.0
2025-07-24T06:13:51.009533,ETH-USDT,3560.3,3560.3,0.0,0.0
2025-07-24T06:13:51.084243,BNB-USDT,753.5,753.5,0.0,0.0
2025-07-24T06:13:51.289413,ADA-USDT,0.7868,0.7868,0.0,0.0
2025-07-24T06:13:51.784145,SOL-USDT,183.3,183.3,0.0,0.0
2025-07-24T06:13:51.992059,BTC-USDT,117666.13,117666.13,0.0,0.0
2025-07-24T06:13:52.003812,ETH-USDT,3559.89,3559.89,0.0,0.0
2025-07-24T06:13:52.090213,BNB-USDT,753.39,753.39,0.0,0.0
2025-07-24T06:13:52.291723,ADA-USDT,0.7864,0.7864,0.0,0.0
2025-07-24T06:13:52.783811,SOL-USDT,183.29,183.29,0.0,0.0
2025-07-24T06:13:52.999287,BTC-USDT,117666.14,117666.14,0.0,0.0
2025-07-24T06:13:53.010107,ETH-USDT,3559.88,3559.88,0.0,0.0
2025-07-24T06:13:53.090309,BNB-USDT,753.39,753.39,0.0,0.0
2025-07-24T06:13:53.288955,ADA-USDT,0.7864,0.7864,0.0,0.0
2025-07-24T06:13:53.784552,SOL-USDT,183.26,183.26,0.0,0.0
2025-07-24T06:13:53.998699,BTC-USDT,117666.14,117666.14,0.0,0.0
2025-07-24T06:13:54.009521,ETH-USDT,3559.86,3559.86,0.0,0.0
2025-07-24T06:13:54.090133,BNB-USDT,753.33,753.33,0.0,0.0
2025-07-24T06:13:54.291780,ADA-USDT,0.7863,0.7863,0.0,0.0
2025-07-24T06:13:54.784113,SOL-USDT,183.29,183.29,0.0,0.0
2025-07-24T06:13:54.999072,BTC-USDT,117666.14,117666.14,0.0,0.0
2025-07-24T06:13:55.009609,ETH-USDT,3559.86,3559.86,0.0,0.0
2025-07-24T06:13:55.084449,BNB-USDT,753.23,753.23,0.0,0.0
2025-07-24T06:13:55.287193,ADA-USDT,0.7863,0.7863,0.0,0.0
2025-07-24T06:13:55.784299,SOL-USDT,183.28,183.28,0.0,0.0
2025-07-24T06:13:56.018312,BTC-USDT,117666.14,117666.14,0.0,0.0
2025-07-24T06:13:56.029093,ETH-USDT,3559.87,3559.87,0.0,0.0
2025-07-24T06:13:56.084531,BNB-USDT,753.36,753.36,0.0,0.0
2025-07-24T06:13:56.290397,ADA-USDT,0.7864,0.7864,0.0,0.0
2025-07-24T06:13:56.789742,SOL-USDT,183.24,183.24,0.0,0.0
2025-07-24T06:13:57.013316,BTC-USDT,117666.13,117666.13,0.0,0.0
2025-07-24T06:13:57.019533,ETH-USDT,3559.88,3559.88,0.0,0.0
2025-07-24T06:13:57.091459,BNB-USDT,753.21,753.21,0.0,0.0
2025-07-24T06:13:57.289491,ADA-USDT,0.7859,0.7859,0.0,0.0
2025-07-24T06:13:57.784543,SOL-USDT,183.22,183.22,0.0,0.0
2025-07-24T06:13:57.999282,BTC-USDT,117666.14,117666.14,0.0,0.0
2025-07-24T06:13:58.010296,ETH-USDT,3560.14,3560.14,0.0,0.0
2025-07-24T06:13:58.100061,BNB-USDT,753.26,753.26,0.0,0.0
2025-07-24T06:13:58.293628,ADA-USDT,0.7863,0.7863,0.0,0.0
2025-07-24T06:13:58.789233,SOL-USDT,183.27,183.27,0.0,0.0
2025-07-24T06:13:59.007597,BTC-USDT,117666.13,117666.13,0.0,0.0
2025-07-24T06:13:59.010743,ETH-USDT,3560.32,3560.32,0.0,0.0
2025-07-24T06:13:59.094627,BNB-USDT,753.27,753.27,0.0,0.0
2025-07-24T06:13:59.311123,ADA-USDT,0.7859,0.7859,0.0,0.0
2025-07-24T06:13:59.788901,SOL-USDT,183.27,183.27,0.0,0.0
2025-07-24T06:14:00.015156,BTC-USDT,117666.14,117666.14,0.0,0.0
2025-07-24T06:14:00.034882,ETH-USDT,3561.07,3561.07,0.0,0.0
2025-07-24T06:14:00.094736,BNB-USDT,753.4,753.4,0.0,0.0
2025-07-24T06:14:00.314520,ADA-USDT,0.786,0.786,0.0,0.0
2025-07-24T06:14:00.789435,SOL-USDT,183.32,183.32,0.0,0.0
2025-07-24T06:14:01.023633,BTC-USDT,117666.15,117666.15,0.0,0.0
2025-07-24T06:14:01.037485,ETH-USDT,3561.19,3561.19,0.0,0.0
2025-07-24T06:14:01.095936,BNB-USDT,753.35,753.35,0.0,0.0
2025-07-24T06:14:01.294125,ADA-USDT,0.786,0.786,0.0,0.0
2025-07-24T06:14:01.785814,SOL-USDT,183.37,183.37,0.0,0.0
2025-07-24T06:14:01.993468,BTC-USDT,117669.89,117669.89,0.0,0.0
2025-07-24T06:14:02.009361,ETH-USDT,3561.19,3561.19,0.0,0.0
2025-07-24T06:14:02.094965,BNB-USDT,753.5,753.5,0.0,0.0
2025-07-24T06:14:02.296018,ADA-USDT,0.7862,0.7862,0.0,0.0
2025-07-24T06:14:02.789925,SOL-USDT,183.38,183.38,0.0,0.0
2025-07-24T06:14:03.001942,BTC-USDT,117669.89,117669.89,0.0,0.0
2025-07-24T06:14:03.013993,ETH-USDT,3561.33,3561.33,0.0,0.0
2025-07-24T06:14:03.092322,BNB-USDT,753.51,753.51,0.0,0.0
2025-07-24T06:14:03.291557,ADA-USDT,0.7864,0.7864,0.0,0.0
2025-07-24T06:14:03.789300,SOL-USDT,183.4,183.4,0.0,0.0
2025-07-24T06:14:03.999401,BTC-USDT,117680.0,117680.0,0.0,0.0
2025-07-24T06:14:04.010148,ETH-USDT,3561.54,3561.54,0.0,0.0
2025-07-24T06:14:04.091538,BNB-USDT,753.71,753.71,0.0,0.0
2025-07-24T06:14:04.295231,ADA-USDT,0.7868,0.7868,0.0,0.0
2025-07-24T06:14:04.803714,SOL-USDT,183.48,183.48,0.0,0.0
2025-07-24T06:14:05.010789,BTC-USDT,117688.92,117688.92,0.0,0.0
2025-07-24T06:14:05.022135,ETH-USDT,3561.47,3561.47,0.0,0.0
2025-07-24T06:14:05.090541,BNB-USDT,753.8,753.8,0.0,0.0
2025-07-24T06:14:05.292500,ADA-USDT,0.7867,0.7867,0.0,0.0
2025-07-24T06:14:05.786818,SOL-USDT,183.45,183.45,0.0,0.0
2025-07-24T06:14:06.000677,BTC-USDT,117688.92,117688.92,0.0,0.0
2025-07-24T06:14:06.011676,ETH-USDT,3563.44,3563.44,0.0,0.0
2025-07-24T06:14:06.085957,BNB-USDT,753.81,753.81,0.0,0.0
2025-07-24T06:14:06.293640,ADA-USDT,0.7869,0.7869,0.0,0.0
2025-07-24T06:14:06.785828,SOL-USDT,183.46,183.46,0.0,0.0
2025-07-24T06:14:06.994527,BTC-USDT,117688.91,117688.91,0.0,0.0
2025-07-24T06:14:07.004053,ETH-USDT,3563.44,3563.44,0.0,0.0
2025-07-24T06:14:07.091633,BNB-USDT,753.81,753.81,0.0,0.0
2025-07-24T06:14:07.293502,ADA-USDT,0.7869,0.7869,0.0,0.0
2025-07-24T06:14:07.838063,SOL-USDT,183.46,183.46,0.0,0.0
2025-07-24T06:14:08.000982,BTC-USDT,117688.92,117688.92,0.0,0.0
2025-07-24T06:14:08.011516,ETH-USDT,3563.44,3563.44,0.0,0.0
2025-07-24T06:14:08.090907,BNB-USDT,753.81,753.81,0.0,0.0
2025-07-24T06:14:08.310132,ADA-USDT,0.7868,0.7868,0.0,0.0
2025-07-24T06:14:08.786542,SOL-USDT,183.46,183.46,0.0,0.0
2025-07-24T06:14:08.992808,BTC-USDT,117688.91,117688.91,0.0,0.0
2025-07-24T06:14:09.005401,ETH-USDT,3563.44,3563.44,0.0,0.0
2025-07-24T06:14:09.092756,BNB-USDT,753.8,753.8,0.0,0.0
2025-07-24T06:14:09.300002,ADA-USDT,0.7869,0.7869,0.0,0.0
2025-07-24T06:14:09.787706,SOL-USDT,183.48,183.48,0.0,0.0
2025-07-24T06:14:10.002787,BTC-USDT,117688.91,117688.91,0.0,0.0
2025-07-24T06:14:10.013444,ETH-USDT,3563.91,3563.91,0.0,0.0
2025-07-24T06:14:10.090262,BNB-USDT,753.81,753.81,0.0,0.0
2025-07-24T06:14:10.289857,ADA-USDT,0.787,0.787,0.0,0.0
2025-07-24T06:14:10.785078,SOL-USDT,183.49,183.49,0.0,0.0
2025-07-24T06:14:10.999447,BTC-USDT,117688.92,117688.92,0.0,0.0
2025-07-24T06:14:11.011264,ETH-USDT,3564.05,3564.05,0.0,0.0
2025-07-24T06:14:11.084629,BNB-USDT,753.8,753.8,0.0,0.0
2025-07-24T06:14:11.294133,ADA-USDT,0.787,0.787,0.0,0.0
2025-07-24T06:14:11.784074,SOL-USDT,183.49,183.49,0.0,0.0
2025-07-24T06:14:11.999198,BTC-USDT,117688.92,117688.92,0.0,0.0
2025-07-24T06:14:12.011488,ETH-USDT,3564.05,3564.05,0.0,0.0
2025-07-24T06:14:12.090353,BNB-USDT,753.83,753.83,0.0,0.0
2025-07-24T06:14:12.293609,ADA-USDT,0.7872,0.7872,0.0,0.0
2025-07-24T06:14:12.784518,SOL-USDT,183.54,183.54,0.0,0.0
2025-07-24T06:14:12.999458,BTC-USDT,117688.91,117688.91,0.0,0.0
2025-07-24T06:14:13.011438,ETH-USDT,3564.75,3564.75,0.0,0.0
2025-07-24T06:14:13.084211,BNB-USDT,753.94,753.94,0.0,0.0
2025-07-24T06:14:13.289633,ADA-USDT,0.7874,0.7874,0.0,0.0
2025-07-24T06:14:13.784505,SOL-USDT,183.55,183.55,0.0,0.0
2025-07-24T06:14:13.999277,BTC-USDT,117688.92,117688.92,0.0,0.0
2025-07-24T06:14:14.010649,ETH-USDT,3565.4,3565.4,0.0,0.0
2025-07-24T06:14:14.090294,BNB-USDT,754.11,754.11,0.0,0.0
2025-07-24T06:14:14.293380,ADA-USDT,0.7874,0.7874,0.0,0.0
2025-07-24T06:14:14.784960,SOL-USDT,183.52,183.52,0.0,0.0
2025-07-24T06:14:14.999158,BTC-USDT,117688.92,117688.92,0.0,0.0
2025-07-24T06:14:15.011445,ETH-USDT,3565.4,3565.4,0.0,0.0
2025-07-24T06:14:15.096001,BNB-USDT,754.06,754.06,0.0,0.0
2025-07-24T06:14:15.293263,ADA-USDT,0.7872,0.7872,0.0,0.0
2025-07-24T06:14:15.787313,SOL-USDT,183.51,183.51,0.0,0.0
2025-07-24T06:14:15.999424,BTC-USDT,117688.92,117688.92,0.0,0.0
2025-07-24T06:14:15.999589,ETH-USDT,3565.4,3565.4,0.0,0.0
2025-07-24T06:14:16.090628,BNB-USDT,754.06,754.06,0.0,0.0
2025-07-24T06:14:16.291508,ADA-USDT,0.7873,0.7873,0.0,0.0
2025-07-24T06:14:16.784147,SOL-USDT,183.52,183.52,0.0,0.0
2025-07-24T06:14:16.999016,BTC-USDT,117688.92,117688.92,0.0,0.0
2025-07-24T06:14:17.009846,ETH-USDT,3565.4,3565.4,0.0,0.0
2025-07-24T06:14:17.090282,BNB-USDT,754.06,754.06,0.0,0.0
2025-07-24T06:14:17.287558,ADA-USDT,0.7875,0.7875,0.0,0.0
2025-07-24T06:14:17.784239,SOL-USDT,183.52,183.52,0.0,0.0
2025-07-24T06:14:17.999301,BTC-USDT,117688.92,117688.92,0.0,0.0
2025-07-24T06:14:18.011059,ETH-USDT,3565.39,3565.39,0.0,0.0
2025-07-24T06:14:18.090965,BNB-USDT,754.06,754.06,0.0,0.0
2025-07-24T06:14:18.292260,ADA-USDT,0.7876,0.7876,0.0,0.0
2025-07-24T06:14:18.784103,SOL-USDT,183.57,183.57,0.0,0.0
2025-07-24T06:14:19.000044,BTC-USDT,117688.92,117688.92,0.0,0.0
2025-07-24T06:14:19.009539,ETH-USDT,3565.58,3565.58,0.0,0.0
2025-07-24T06:14:19.090230,BNB-USDT,754.08,754.08,0.0,0.0
2025-07-24T06:14:19.295728,ADA-USDT,0.7875,0.7875,0.0,0.0
2025-07-24T06:14:19.784389,SOL-USDT,183.46,183.46,0.0,0.0
2025-07-24T06:14:19.999124,BTC-USDT,117684.18,117684.18,0.0,0.0
2025-07-24T06:14:20.010481,ETH-USDT,3564.87,3564.87,0.0,0.0
2025-07-24T06:14:20.090281,BNB-USDT,753.97,753.97,0.0,0.0
2025-07-24T06:14:23.259523,ADA-USDT,0.7871,0.7871,0.0,0.0
2025-07-24T06:14:23.259718,SOL-USDT,183.52,183.52,0.0,0.0
2025-07-24T06:14:23.259763,BTC-USDT,117680.76,117680.76,0.0,0.0
2025-07-24T06:14:23.259798,ETH-USDT,3566.03,3566.03,0.0,0.0
2025-07-24T06:14:23.259831,BNB-USDT,753.98,753.98,0.0,0.0
2025-07-24T06:14:23.259864,ADA-USDT,0.7875,0.7875,0.0,0.0
2025-07-24T06:14:23.259915,SOL-USDT,183.5,183.5,0.0,0.0
2025-07-24T06:14:23.259946,BTC-USDT,117680.77,117680.77,0.0,0.0
2025-07-24T06:14:23.259974,ETH-USDT,3566.47,3566.47,0.0,0.0
2025-07-24T06:14:23.289581,BNB-USDT,753.98,753.98,0.0,0.0
2025-07-24T06:14:23.289613,ADA-USDT,0.7875,0.7875,0.0,0.0
2025-07-24T06:14:23.289641,SOL-USDT,183.52,183.52,0.0,0.0
2025-07-24T06:14:23.289670,BTC-USDT,117686.76,117686.76,0.0,0.0
2025-07-24T06:14:23.289699,ETH-USDT,3566.86,3566.86,0.0,0.0
2025-07-24T06:14:23.289729,BNB-USDT,754.19,754.19,0.0,0.0
2025-07-24T06:14:23.330646,ADA-USDT,0.7878,0.7878,0.0,0.0
2025-07-24T06:14:24.031217,SOL-USDT,183.56,183.56,0.0,0.0
2025-07-24T06:14:24.031329,BTC-USDT,117688.91,117688.91,0.0,0.0
2025-07-24T06:14:24.031460,ETH-USDT,3567.48,3567.48,0.0,0.0
2025-07-24T06:14:24.084553,BNB-USDT,754.35,754.35,0.0,0.0
2025-07-24T06:14:24.294309,ADA-USDT,0.788,0.788,0.0,0.0
2025-07-24T06:14:25.318657,SOL-USDT,183.57,183.57,0.0,0.0
2025-07-24T06:14:25.318712,BTC-USDT,117719.09,117719.09,0.0,0.0
2025-07-24T06:14:25.318756,ETH-USDT,3567.92,3567.92,0.0,0.0
2025-07-24T06:14:25.318847,BNB-USDT,754.43,754.43,0.0,0.0
2025-07-24T06:14:25.333295,ADA-USDT,0.7883,0.7883,0.0,0.0
2025-07-24T06:14:25.784949,SOL-USDT,183.57,183.57,0.0,0.0
2025-07-24T06:14:25.999135,BTC-USDT,117726.0,117726.0,0.0,0.0
2025-07-24T06:14:25.999252,ETH-USDT,3568.29,3568.29,0.0,0.0
2025-07-24T06:14:26.090069,BNB-USDT,754.63,754.63,0.0,0.0
2025-07-24T06:14:26.287015,ADA-USDT,0.7883,0.7883,0.0,0.0
2025-07-24T06:14:26.783767,SOL-USDT,183.58,183.58,0.0,0.0
2025-07-24T06:14:26.999044,BTC-USDT,117726.0,117726.0,0.0,0.0
2025-07-24T06:14:27.012679,ETH-USDT,3568.29,3568.29,0.0,0.0
2025-07-24T06:14:27.090113,BNB-USDT,754.66,754.66,0.0,0.0
2025-07-24T06:14:27.290562,ADA-USDT,0.7882,0.7882,0.0,0.0
2025-07-24T06:14:27.784328,SOL-USDT,183.59,183.59,0.0,0.0
2025-07-24T06:14:27.992121,BTC-USDT,117737.56,117737.56,0.0,0.0
2025-07-24T06:14:28.003851,ETH-USDT,3568.3,3568.3,0.0,0.0
2025-07-24T06:14:28.084035,BNB-USDT,754.66,754.66,0.0,0.0
2025-07-24T06:14:28.286377,ADA-USDT,0.7882,0.7882,0.0,0.0
2025-07-24T06:14:28.783654,SOL-USDT,183.59,183.59,0.0,0.0
2025-07-24T06:14:28.998737,BTC-USDT,117737.55,117737.55,0.0,0.0
2025-07-24T06:14:28.998954,ETH-USDT,3568.3,3568.3,0.0,0.0
2025-07-24T06:14:29.089995,BNB-USDT,754.67,754.67,0.0,0.0
2025-07-24T06:14:29.284902,ADA-USDT,0.7881,0.7881,0.0,0.0
2025-07-24T06:14:29.784034,SOL-USDT,183.6,183.6,0.0,0.0
2025-07-24T06:14:29.998943,BTC-USDT,117737.55,117737.55,0.0,0.0
2025-07-24T06:14:30.010386,ETH-USDT,3568.29,3568.29,0.0,0.0
2025-07-24T06:14:30.083914,BNB-USDT,754.66,754.66,0.0,0.0
2025-07-24T06:14:30.289812,ADA-USDT,0.7881,0.7881,0.0,0.0
2025-07-24T06:14:30.773008,SOL-USDT,183.6,183.6,0.0,0.0
2025-07-24T06:14:31.004193,BTC-USDT,117737.56,117737.56,0.0,0.0
2025-07-24T06:14:31.016022,ETH-USDT,3568.3,3568.3,0.0,0.0
2025-07-24T06:14:31.090399,BNB-USDT,754.98,754.98,0.0,0.0
2025-07-24T06:14:31.289290,ADA-USDT,0.7882,0.7882,0.0,0.0
2025-07-24T06:14:31.785527,SOL-USDT,183.61,183.61,0.0,0.0
2025-07-24T06:14:32.055286,BTC-USDT,117792.17,117792.17,0.0,0.0
2025-07-24T06:14:32.057007,ETH-USDT,3568.89,3568.89,0.0,0.0
2025-07-24T06:14:32.161401,BNB-USDT,755.23,755.23,0.0,0.0
2025-07-24T06:14:32.298654,ADA-USDT,0.7884,0.7884,0.0,0.0
2025-07-24T06:14:32.784245,SOL-USDT,183.68,183.68,0.0,0.0
2025-07-24T06:14:32.999752,BTC-USDT,117795.02,117795.02,0.0,0.0
2025-07-24T06:14:33.011831,ETH-USDT,3569.86,3569.86,0.0,0.0
2025-07-24T06:14:33.084151,BNB-USDT,755.2,755.2,0.0,0.0
2025-07-24T06:14:33.290368,ADA-USDT,0.7887,0.7887,0.0,0.0
2025-07-24T06:14:33.784677,SOL-USDT,183.7,183.7,0.0,0.0
2025-07-24T06:14:33.999183,BTC-USDT,117795.02,117795.02,0.0,0.0
2025-07-24T06:14:34.011045,ETH-USDT,3569.79,3569.79,0.0,0.0
2025-07-24T06:14:34.091051,BNB-USDT,755.25,755.25,0.0,0.0
2025-07-24T06:14:34.295614,ADA-USDT,0.7887,0.7887,0.0,0.0
2025-07-24T06:14:34.785102,SOL-USDT,183.76,183.76,0.0,0.0
2025-07-24T06:14:34.999593,BTC-USDT,117795.03,117795.03,0.0,0.0
2025-07-24T06:14:35.011832,ETH-USDT,3570.54,3570.54,0.0,0.0
2025-07-24T06:14:35.090662,BNB-USDT,755.34,755.34,0.0,0.0
2025-07-24T06:14:35.295227,ADA-USDT,0.7889,0.7889,0.0,0.0
2025-07-24T06:14:35.786312,SOL-USDT,183.76,183.76,0.0,0.0
2025-07-24T06:14:36.000641,BTC-USDT,117799.96,117799.96,0.0,0.0
2025-07-24T06:14:36.010860,ETH-USDT,3570.55,3570.55,0.0,0.0
2025-07-24T06:14:36.090624,BNB-USDT,755.4,755.4,0.0,0.0
2025-07-24T06:14:36.290375,ADA-USDT,0.7889,0.7889,0.0,0.0
2025-07-24T06:14:36.772860,SOL-USDT,183.81,183.81,0.0,0.0
2025-07-24T06:14:36.998828,BTC-USDT,117799.96,117799.96,0.0,0.0
2025-07-24T06:14:37.009667,ETH-USDT,3570.54,3570.54,0.0,0.0
2025-07-24T06:14:37.089905,BNB-USDT,755.41,755.41,0.0,0.0
2025-07-24T06:14:37.291732,ADA-USDT,0.789,0.789,0.0,0.0
2025-07-24T06:14:37.784100,SOL-USDT,183.8,183.8,0.0,0.0
2025-07-24T06:14:38.041949,BTC-USDT,117799.97,117799.97,0.0,0.0
2025-07-24T06:14:38.054408,ETH-USDT,3572.09,3572.09,0.0,0.0
2025-07-24T06:14:38.107250,BNB-USDT,755.53,755.53,0.0,0.0
2025-07-24T06:14:38.289669,ADA-USDT,0.7894,0.7894,0.0,0.0
2025-07-24T06:14:38.784363,SOL-USDT,183.84,183.84,0.0,0.0
2025-07-24T06:14:38.999223,BTC-USDT,117799.97,117799.97,0.0,0.0
2025-07-24T06:14:38.999376,ETH-USDT,3571.66,3571.66,0.0,0.0
2025-07-24T06:14:39.090342,BNB-USDT,755.51,755.51,0.0,0.0
2025-07-24T06:14:39.291583,ADA-USDT,0.7892,0.7892,0.0,0.0
2025-07-24T06:14:39.784620,SOL-USDT,183.83,183.83,0.0,0.0
2025-07-24T06:14:39.998918,BTC-USDT,117799.97,117799.97,0.0,0.0
2025-07-24T06:14:40.010013,ETH-USDT,3571.66,3571.66,0.0,0.0
2025-07-24T06:14:40.090421,BNB-USDT,755.54,755.54,0.0,0.0
2025-07-24T06:14:40.284745,ADA-USDT,0.7896,0.7896,0.0,0.0
2025-07-24T06:14:40.772933,SOL-USDT,183.86,183.86,0.0,0.0
2025-07-24T06:14:40.999277,BTC-USDT,117799.97,117799.97,0.0,0.0
2025-07-24T06:14:41.010026,ETH-USDT,3572.29,3572.29,0.0,0.0
2025-07-24T06:14:41.090375,BNB-USDT,755.56,755.56,0.0,0.0
2025-07-24T06:14:41.291901,ADA-USDT,0.7894,0.7894,0.0,0.0
2025-07-24T06:14:41.784519,SOL-USDT,183.86,183.86,0.0,0.0
2025-07-24T06:14:41.992061,BTC-USDT,117791.61,117791.61,0.0,0.0
2025-07-24T06:14:41.993197,ETH-USDT,3572.28,3572.28,0.0,0.0
2025-07-24T06:14:42.090000,BNB-USDT,755.59,755.59,0.0,0.0
2025-07-24T06:14:42.290768,ADA-USDT,0.7892,0.7892,0.0,0.0
2025-07-24T06:14:42.785351,SOL-USDT,183.86,183.86,0.0,0.0
2025-07-24T06:14:43.000257,BTC-USDT,117791.62,117791.62,0.0,0.0
2025-07-24T06:14:43.010174,ETH-USDT,3572.28,3572.28,0.0,0.0
2025-07-24T06:14:43.090288,BNB-USDT,755.6,755.6,0.0,0.0
2025-07-24T06:14:43.290106,ADA-USDT,0.7892,0.7892,0.0,0.0
2025-07-24T06:14:43.784116,SOL-USDT,183.83,183.83,0.0,0.0
2025-07-24T06:14:43.998973,BTC-USDT,117773.39,117773.39,0.0,0.0
2025-07-24T06:14:44.010462,ETH-USDT,3571.57,3571.57,0.0,0.0
2025-07-24T06:14:44.089861,BNB-USDT,755.41,755.41,0.0,0.0
2025-07-24T06:14:44.291713,ADA-USDT,0.7889,0.7889,0.0,0.0
2025-07-24T06:14:44.783284,SOL-USDT,183.77,183.77,0.0,0.0
2025-07-24T06:14:45.000815,BTC-USDT,117760.66,117760.66,0.0,0.0
2025-07-24T06:14:45.011726,ETH-USDT,3571.29,3571.29,0.0,0.0
2025-07-24T06:14:45.089900,BNB-USDT,755.36,755.36,0.0,0.0
2025-07-24T06:14:45.291558,ADA-USDT,0.7888,0.7888,0.0,0.0
2025-07-24T06:14:45.784480,SOL-USDT,183.75,183.75,0.0,0.0
2025-07-24T06:14:45.998607,BTC-USDT,117760.66,117760.66,0.0,0.0
2025-07-24T06:14:46.009235,ETH-USDT,3571.29,3571.29,0.0,0.0
2025-07-24T06:14:46.090125,BNB-USDT,755.35,755.35,0.0,0.0
2025-07-24T06:14:46.291630,ADA-USDT,0.7886,0.7886,0.0,0.0
2025-07-24T06:14:46.783489,SOL-USDT,183.71,183.71,0.0,0.0
2025-07-24T06:14:46.992193,BTC-USDT,117760.66,117760.66,0.0,0.0
2025-07-24T06:14:47.003759,ETH-USDT,3571.66,3571.66,0.0,0.0
2025-07-24T06:14:47.084549,BNB-USDT,755.36,755.36,0.0,0.0
2025-07-24T06:14:47.292163,ADA-USDT,0.7886,0.7886,0.0,0.0
2025-07-24T06:14:47.785777,SOL-USDT,183.72,183.72,0.0,0.0
2025-07-24T06:14:47.999018,BTC-USDT,117760.66,117760.66,0.0,0.0
2025-07-24T06:14:48.009401,ETH-USDT,3571.64,3571.64,0.0,0.0
2025-07-24T06:14:48.090135,BNB-USDT,755.36,755.36,0.0,0.0
2025-07-24T06:14:48.292035,ADA-USDT,0.7886,0.7886,0.0,0.0
2025-07-24T06:14:48.784749,SOL-USDT,183.68,183.68,0.0,0.0
2025-07-24T06:14:48.998812,BTC-USDT,117760.66,117760.66,0.0,0.0
2025-07-24T06:14:49.009973,ETH-USDT,3571.11,3571.11,0.0,0.0
2025-07-24T06:14:49.091308,BNB-USDT,755.36,755.36,0.0,0.0
2025-07-24T06:14:49.291523,ADA-USDT,0.7885,0.7885,0.0,0.0
2025-07-24T06:14:49.784097,SOL-USDT,183.64,183.64,0.0,0.0
2025-07-24T06:14:49.998863,BTC-USDT,117744.26,117744.26,0.0,0.0
2025-07-24T06:14:50.010142,ETH-USDT,3570.58,3570.58,0.0,0.0
2025-07-24T06:14:50.090662,BNB-USDT,755.13,755.13,0.0,0.0
2025-07-24T06:14:50.296974,ADA-USDT,0.7883,0.7883,0.0,0.0
2025-07-24T06:14:50.783425,SOL-USDT,183.61,183.61,0.0,0.0
2025-07-24T06:14:50.999239,BTC-USDT,117740.01,117740.01,0.0,0.0
2025-07-24T06:14:51.009456,ETH-USDT,3569.93,3569.93,0.0,0.0
2025-07-24T06:14:51.090280,BNB-USDT,755.07,755.07,0.0,0.0
2025-07-24T06:14:51.291529,ADA-USDT,0.7882,0.7882,0.0,0.0
2025-07-24T06:14:51.784271,SOL-USDT,183.6,183.6,0.0,0.0
2025-07-24T06:14:51.999054,BTC-USDT,117740.01,117740.01,0.0,0.0
2025-07-24T06:14:52.010047,ETH-USDT,3569.58,3569.58,0.0,0.0
2025-07-24T06:14:52.090378,BNB-USDT,754.97,754.97,0.0,0.0
2025-07-24T06:14:52.293619,ADA-USDT,0.7881,0.7881,0.0,0.0
2025-07-24T06:14:52.785457,SOL-USDT,183.61,183.61,0.0,0.0
2025-07-24T06:14:52.999644,BTC-USDT,117740.01,117740.01,0.0,0.0
2025-07-24T06:14:53.011555,ETH-USDT,3569.58,3569.58,0.0,0.0
2025-07-24T06:14:53.089555,BNB-USDT,754.95,754.95,0.0,0.0
2025-07-24T06:14:53.291411,ADA-USDT,0.7881,0.7881,0.0,0.0
2025-07-24T06:14:53.783849,SOL-USDT,183.58,183.58,0.0,0.0
2025-07-24T06:14:54.000420,BTC-USDT,117740.01,117740.01,0.0,0.0
2025-07-24T06:14:54.000550,ETH-USDT,3569.58,3569.58,0.0,0.0
2025-07-24T06:14:54.097052,BNB-USDT,754.9,754.9,0.0,0.0
2025-07-24T06:14:54.293205,ADA-USDT,0.7881,0.7881,0.0,0.0
2025-07-24T06:14:54.773172,SOL-USDT,183.58,183.58,0.0,0.0
2025-07-24T06:14:54.999264,BTC-USDT,117740.01,117740.01,0.0,0.0
2025-07-24T06:14:55.009741,ETH-USDT,3569.17,3569.17,0.0,0.0
2025-07-24T06:14:55.090011,BNB-USDT,754.9,754.9,0.0,0.0
2025-07-24T06:14:55.297603,ADA-USDT,0.7881,0.7881,0.0,0.0
2025-07-24T06:14:55.773025,SOL-USDT,183.57,183.57,0.0,0.0
2025-07-24T06:14:55.998810,BTC-USDT,117740.0,117740.0,0.0,0.0
2025-07-24T06:14:56.009514,ETH-USDT,3569.17,3569.17,0.0,0.0
2025-07-24T06:14:56.089811,BNB-USDT,754.91,754.91,0.0,0.0
2025-07-24T06:14:56.288933,ADA-USDT,0.788,0.788,0.0,0.0
2025-07-24T06:14:56.783638,SOL-USDT,183.57,183.57,0.0,0.0
2025-07-24T06:14:56.998641,BTC-USDT,117740.01,117740.01,0.0,0.0
2025-07-24T06:14:57.009217,ETH-USDT,3569.18,3569.18,0.0,0.0
2025-07-24T06:14:57.091636,BNB-USDT,754.9,754.9,0.0,0.0
2025-07-24T06:14:57.289494,ADA-USDT,0.788,0.788,0.0,0.0
2025-07-24T06:14:57.784280,SOL-USDT,183.57,183.57,0.0,0.0
2025-07-24T06:14:57.991914,BTC-USDT,117740.01,117740.01,0.0,0.0
2025-07-24T06:14:57.993410,ETH-USDT,3569.18,3569.18,0.0,0.0
2025-07-24T06:14:58.090027,BNB-USDT,754.9,754.9,0.0,0.0
2025-07-24T06:14:58.289356,ADA-USDT,0.788,0.788,0.0,0.0
2025-07-24T06:14:58.785367,SOL-USDT,183.6,183.6,0.0,0.0
2025-07-24T06:14:58.992351,BTC-USDT,117740.01,117740.01,0.0,0.0
2025-07-24T06:14:59.003633,ETH-USDT,3569.18,3569.18,0.0,0.0
2025-07-24T06:14:59.089858,BNB-USDT,754.9,754.9,0.0,0.0
2025-07-24T06:14:59.288713,ADA-USDT,0.7879,0.7879,0.0,0.0
2025-07-24T06:14:59.783352,SOL-USDT,183.59,183.59,0.0,0.0
2025-07-24T06:14:59.998688,BTC-USDT,117740.01,117740.01,0.0,0.0
2025-07-24T06:15:00.009069,ETH-USDT,3569.35,3569.35,0.0,0.0
2025-07-24T06:15:00.090530,BNB-USDT,754.95,754.95,0.0,0.0
2025-07-24T06:15:00.299673,ADA-USDT,0.7879,0.7879,0.0,0.0
2025-07-24T06:15:00.784890,SOL-USDT,183.67,183.67,0.0,0.0
2025-07-24T06:15:00.999100,BTC-USDT,117767.96,117767.96,0.0,0.0
2025-07-24T06:15:01.011115,ETH-USDT,3569.79,3569.79,0.0,0.0
2025-07-24T06:15:01.083810,BNB-USDT,755.09,755.09,0.0,0.0
2025-07-24T06:15:01.293276,ADA-USDT,0.788,0.788,0.0,0.0
2025-07-24T06:15:01.784187,SOL-USDT,183.62,183.62,0.0,0.0
2025-07-24T06:15:01.999277,BTC-USDT,117767.95,117767.95,0.0,0.0
2025-07-24T06:15:02.011223,ETH-USDT,3569.34,3569.34,0.0,0.0
2025-07-24T06:15:02.090966,BNB-USDT,754.99,754.99,0.0,0.0
2025-07-24T06:15:02.309096,ADA-USDT,0.7874,0.7874,0.0,0.0
2025-07-24T06:15:02.783896,SOL-USDT,183.58,183.58,0.0,0.0
2025-07-24T06:15:02.998996,BTC-USDT,117756.01,117756.01,0.0,0.0
2025-07-24T06:15:03.011331,ETH-USDT,3568.71,3568.71,0.0,0.0
2025-07-24T06:15:03.090114,BNB-USDT,754.94,754.94,0.0,0.0
2025-07-24T06:15:03.289472,ADA-USDT,0.7873,0.7873,0.0,0.0
2025-07-24T06:15:03.784700,SOL-USDT,183.56,183.56,0.0,0.0
2025-07-24T06:15:03.998796,BTC-USDT,117756.01,117756.01,0.0,0.0
2025-07-24T06:15:04.009184,ETH-USDT,3568.72,3568.72,0.0,0.0
2025-07-24T06:15:04.090132,BNB-USDT,754.95,754.95,0.0,0.0
2025-07-24T06:15:04.287112,ADA-USDT,0.7873,0.7873,0.0,0.0
2025-07-24T06:15:04.783781,SOL-USDT,183.57,183.57,0.0,0.0
2025-07-24T06:15:04.998704,BTC-USDT,117756.0,117756.0,0.0,0.0
2025-07-24T06:15:05.009823,ETH-USDT,3568.72,3568.72,0.0,0.0
2025-07-24T06:15:05.090332,BNB-USDT,754.95,754.95,0.0,0.0
2025-07-24T06:15:05.303169,ADA-USDT,0.7876,0.7876,0.0,0.0
2025-07-24T06:15:05.783584,SOL-USDT,183.6,183.6,0.0,0.0
2025-07-24T06:15:05.991774,BTC-USDT,117756.0,117756.0,0.0,0.0
2025-07-24T06:15:06.003523,ETH-USDT,3569.82,3569.82,0.0,0.0
2025-07-24T06:15:06.090475,BNB-USDT,755.01,755.01,0.0,0.0
2025-07-24T06:15:06.286989,ADA-USDT,0.7878,0.7878,0.0,0.0
2025-07-24T06:15:06.784862,SOL-USDT,183.6,183.6,0.0,0.0
2025-07-24T06:15:06.999067,BTC-USDT,117756.01,117756.01,0.0,0.0
2025-07-24T06:15:07.010313,ETH-USDT,3569.82,3569.82,0.0,0.0
2025-07-24T06:15:07.090383,BNB-USDT,755.1,755.1,0.0,0.0
2025-07-24T06:15:07.290222,ADA-USDT,0.7878,0.7878,0.0,0.0
2025-07-24T06:15:07.783737,SOL-USDT,183.61,183.61,0.0,0.0
2025-07-24T06:15:07.998791,BTC-USDT,117756.01,117756.01,0.0,0.0
2025-07-24T06:15:08.009533,ETH-USDT,3570.13,3570.13,0.0,0.0
2025-07-24T06:15:08.089318,BNB-USDT,755.14,755.14,0.0,0.0
2025-07-24T06:15:08.289413,ADA-USDT,0.7882,0.7882,0.0,0.0
2025-07-24T06:15:08.772815,SOL-USDT,183.63,183.63,0.0,0.0
2025-07-24T06:15:08.998858,BTC-USDT,117756.01,117756.01,0.0,0.0
2025-07-24T06:15:09.009484,ETH-USDT,3570.13,3570.13,0.0,0.0
2025-07-24T06:15:09.090118,BNB-USDT,755.16,755.16,0.0,0.0
2025-07-24T06:15:09.287189,ADA-USDT,0.7882,0.7882,0.0,0.0
2025-07-24T06:15:09.783803,SOL-USDT,183.7,183.7,0.0,0.0
2025-07-24T06:15:09.999120,BTC-USDT,117764.13,117764.13,0.0,0.0
2025-07-24T06:15:10.010855,ETH-USDT,3570.81,3570.81,0.0,0.0
2025-07-24T06:15:10.090086,BNB-USDT,755.17,755.17,0.0,0.0
2025-07-24T06:15:10.291535,ADA-USDT,0.7882,0.7882,0.0,0.0
2025-07-24T06:15:10.784240,SOL-USDT,183.71,183.71,0.0,0.0
2025-07-24T06:15:10.999380,BTC-USDT,117770.83,117770.83,0.0,0.0
2025-07-24T06:15:11.011104,ETH-USDT,3570.81,3570.81,0.0,0.0
2025-07-24T06:15:11.090212,BNB-USDT,755.17,755.17,0.0,0.0
2025-07-24T06:15:11.284928,ADA-USDT,0.7882,0.7882,0.0,0.0
2025-07-24T06:15:11.786506,SOL-USDT,183.76,183.76,0.0,0.0
2025-07-24T06:15:11.998861,BTC-USDT,117770.84,117770.84,0.0,0.0
2025-07-24T06:15:12.010137,ETH-USDT,3571.43,3571.43,0.0,0.0
2025-07-24T06:15:12.090406,BNB-USDT,755.47,755.47,0.0,0.0
2025-07-24T06:15:12.290194,ADA-USDT,0.7885,0.7885,0.0,0.0
2025-07-24T06:15:12.785765,SOL-USDT,183.79,183.79,0.0,0.0
2025-07-24T06:15:12.998969,BTC-USDT,117779.98,117779.98,0.0,0.0
2025-07-24T06:15:13.010279,ETH-USDT,3571.44,3571.44,0.0,0.0
2025-07-24T06:15:13.090147,BNB-USDT,755.5,755.5,0.0,0.0
2025-07-24T06:15:13.294786,ADA-USDT,0.7886,0.7886,0.0,0.0
2025-07-24T06:15:13.783598,SOL-USDT,183.82,183.82,0.0,0.0
2025-07-24T06:15:13.999388,BTC-USDT,117779.99,117779.99,0.0,0.0
2025-07-24T06:15:14.010622,ETH-USDT,3572.16,3572.16,0.0,0.0
2025-07-24T06:15:14.090146,BNB-USDT,755.59,755.59,0.0,0.0
2025-07-24T06:15:14.284694,ADA-USDT,0.7887,0.7887,0.0,0.0
2025-07-24T06:15:14.783778,SOL-USDT,183.83,183.83,0.0,0.0
2025-07-24T06:15:14.998668,BTC-USDT,117794.26,117794.26,0.0,0.0
2025-07-24T06:15:15.010162,ETH-USDT,3572.15,3572.15,0.0,0.0
2025-07-24T06:15:15.089895,BNB-USDT,755.59,755.59,0.0,0.0
2025-07-24T06:15:15.289545,ADA-USDT,0.7885,0.7885,0.0,0.0
2025-07-24T06:15:15.784204,SOL-USDT,183.83,183.83,0.0,0.0
2025-07-24T06:15:15.992272,BTC-USDT,117794.26,117794.26,0.0,0.0
2025-07-24T06:15:16.006060,ETH-USDT,3571.93,3571.93,0.0,0.0
2025-07-24T06:15:16.090009,BNB-USDT,755.55,755.55,0.0,0.0
2025-07-24T06:15:16.289070,ADA-USDT,0.7885,0.7885,0.0,0.0
2025-07-24T06:15:16.783617,SOL-USDT,183.81,183.81,0.0,0.0
2025-07-24T06:15:16.999254,BTC-USDT,117794.26,117794.26,0.0,0.0
2025-07-24T06:15:17.009568,ETH-USDT,3571.93,3571.93,0.0,0.0
2025-07-24T06:15:17.089925,BNB-USDT,755.52,755.52,0.0,0.0
2025-07-24T06:15:17.288695,ADA-USDT,0.7884,0.7884,0.0,0.0
2025-07-24T06:15:17.784218,SOL-USDT,183.79,183.79,0.0,0.0
2025-07-24T06:15:17.991909,BTC-USDT,117794.26,117794.26,0.0,0.0
2025-07-24T06:15:18.004972,ETH-USDT,3571.92,3571.92,0.0,0.0
2025-07-24T06:15:18.091049,BNB-USDT,755.41,755.41,0.0,0.0
2025-07-24T06:15:18.289936,ADA-USDT,0.7883,0.7883,0.0,0.0
2025-07-24T06:15:18.783843,SOL-USDT,183.78,183.78,0.0,0.0
2025-07-24T06:15:18.998792,BTC-USDT,117794.26,117794.26,0.0,0.0
2025-07-24T06:15:19.010051,ETH-USDT,3571.5,3571.5,0.0,0.0
2025-07-24T06:15:19.090261,BNB-USDT,755.41,755.41,0.0,0.0
2025-07-24T06:15:19.293367,ADA-USDT,0.7879,0.7879,0.0,0.0
2025-07-24T06:15:19.784086,SOL-USDT,183.73,183.73,0.0,0.0
2025-07-24T06:15:19.998536,BTC-USDT,117785.96,117785.96,0.0,0.0
2025-07-24T06:15:20.010215,ETH-USDT,3571.15,3571.15,0.0,0.0
2025-07-24T06:15:20.089970,BNB-USDT,755.31,755.31,0.0,0.0
2025-07-24T06:15:20.289608,ADA-USDT,0.7877,0.7877,0.0,0.0
2025-07-24T06:15:20.783759,SOL-USDT,183.71,183.71,0.0,0.0
2025-07-24T06:15:20.998637,BTC-USDT,117785.96,117785.96,0.0,0.0
2025-07-24T06:15:21.010039,ETH-USDT,3571.14,3571.14,0.0,0.0
2025-07-24T06:15:21.094065,BNB-USDT,755.3,755.3,0.0,0.0
2025-07-24T06:15:21.290381,ADA-USDT,0.7877,0.7877,0.0,0.0
2025-07-24T06:15:21.783762,SOL-USDT,183.71,183.71,0.0,0.0
2025-07-24T06:15:21.998661,BTC-USDT,117785.96,117785.96,0.0,0.0
2025-07-24T06:15:22.010056,ETH-USDT,3571.31,3571.31,0.0,0.0
2025-07-24T06:15:22.090298,BNB-USDT,755.31,755.31,0.0,0.0
2025-07-24T06:15:22.289124,ADA-USDT,0.7878,0.7878,0.0,0.0
2025-07-24T06:15:22.772893,SOL-USDT,183.7,183.7,0.0,0.0
2025-07-24T06:15:22.999301,BTC-USDT,117785.96,117785.96,0.0,0.0
2025-07-24T06:15:23.010543,ETH-USDT,3571.87,3571.87,0.0,0.0
2025-07-24T06:15:23.090351,BNB-USDT,755.31,755.31,0.0,0.0
2025-07-24T06:15:23.285317,ADA-USDT,0.7879,0.7879,0.0,0.0
2025-07-24T06:15:23.784787,SOL-USDT,183.71,183.71,0.0,0.0
2025-07-24T06:15:23.999215,BTC-USDT,117785.97,117785.97,0.0,0.0
2025-07-24T06:15:24.010175,ETH-USDT,3571.86,3571.86,0.0,0.0
2025-07-24T06:15:24.089735,BNB-USDT,755.37,755.37,0.0,0.0
2025-07-24T06:15:24.288729,ADA-USDT,0.7882,0.7882,0.0,0.0
2025-07-24T06:15:24.783298,SOL-USDT,183.73,183.73,0.0,0.0
2025-07-24T06:15:24.999038,BTC-USDT,117785.97,117785.97,0.0,0.0
2025-07-24T06:15:25.009611,ETH-USDT,3572.28,3572.28,0.0,0.0
2025-07-24T06:15:25.089915,BNB-USDT,755.38,755.38,0.0,0.0
2025-07-24T06:15:25.289494,ADA-USDT,0.7882,0.7882,0.0,0.0
2025-07-24T06:15:25.772344,SOL-USDT,183.73,183.73,0.0,0.0
2025-07-24T06:15:25.998458,BTC-USDT,117791.86,117791.86,0.0,0.0
2025-07-24T06:15:26.008997,ETH-USDT,3572.44,3572.44,0.0,0.0
2025-07-24T06:15:26.089512,BNB-USDT,755.37,755.37,0.0,0.0
2025-07-24T06:15:26.288590,ADA-USDT,0.7882,0.7882,0.0,0.0
2025-07-24T06:15:26.783760,SOL-USDT,183.72,183.72,0.0,0.0
2025-07-24T06:15:26.991816,BTC-USDT,117792.81,117792.81,0.0,0.0
2025-07-24T06:15:27.004212,ETH-USDT,3571.79,3571.79,0.0,0.0
2025-07-24T06:15:27.090393,BNB-USDT,755.38,755.38,0.0,0.0
2025-07-24T06:15:27.291801,ADA-USDT,0.7881,0.7881,0.0,0.0
2025-07-24T06:15:27.783450,SOL-USDT,183.71,183.71,0.0,0.0
2025-07-24T06:15:27.999052,BTC-USDT,117792.8,117792.8,0.0,0.0
2025-07-24T06:15:28.010318,ETH-USDT,3571.78,3571.78,0.0,0.0
2025-07-24T06:15:28.090172,BNB-USDT,755.38,755.38,0.0,0.0
2025-07-24T06:15:28.291474,ADA-USDT,0.7882,0.7882,0.0,0.0
2025-07-24T06:15:28.783667,SOL-USDT,183.69,183.69,0.0,0.0
2025-07-24T06:15:28.999430,BTC-USDT,117792.81,117792.81,0.0,0.0
2025-07-24T06:15:29.009418,ETH-USDT,3571.0,3571.0,0.0,0.0
2025-07-24T06:15:29.089542,BNB-USDT,755.31,755.31,0.0,0.0
2025-07-24T06:15:29.291957,ADA-USDT,0.7881,0.7881,0.0,0.0
2025-07-24T06:15:29.783508,SOL-USDT,183.66,183.66,0.0,0.0
2025-07-24T06:15:29.998644,BTC-USDT,117808.4,117808.4,0.0,0.0
2025-07-24T06:15:30.009403,ETH-USDT,3570.92,3570.92,0.0,0.0
2025-07-24T06:15:30.089833,BNB-USDT,755.18,755.18,0.0,0.0
2025-07-24T06:15:30.291553,ADA-USDT,0.7882,0.7882,0.0,0.0
2025-07-24T06:15:30.772632,SOL-USDT,183.64,183.64,0.0,0.0
2025-07-24T06:15:30.998451,BTC-USDT,117808.4,117808.4,0.0,0.0
2025-07-24T06:15:31.009631,ETH-USDT,3570.81,3570.81,0.0,0.0
2025-07-24T06:15:31.089895,BNB-USDT,755.19,755.19,0.0,0.0
2025-07-24T06:15:31.289636,ADA-USDT,0.7879,0.7879,0.0,0.0
2025-07-24T06:15:31.783664,SOL-USDT,183.6,183.6,0.0,0.0
2025-07-24T06:15:31.999218,BTC-USDT,117808.39,117808.39,0.0,0.0
2025-07-24T06:15:32.010394,ETH-USDT,3570.76,3570.76,0.0,0.0
2025-07-24T06:15:32.089901,BNB-USDT,755.12,755.12,0.0,0.0
2025-07-24T06:15:32.293665,ADA-USDT,0.7878,0.7878,0.0,0.0
2025-07-24T06:15:32.783569,SOL-USDT,183.57,183.57,0.0,0.0
2025-07-24T06:15:32.998624,BTC-USDT,117808.4,117808.4,0.0,0.0
2025-07-24T06:15:33.009754,ETH-USDT,3570.4,3570.4,0.0,0.0
2025-07-24T06:15:33.090069,BNB-USDT,755.12,755.12,0.0,0.0
2025-07-24T06:15:33.290401,ADA-USDT,0.7878,0.7878,0.0,0.0
2025-07-24T06:15:33.783666,SOL-USDT,183.57,183.57,0.0,0.0
2025-07-24T06:15:33.998488,BTC-USDT,117808.39,117808.39,0.0,0.0
2025-07-24T06:15:34.009349,ETH-USDT,3570.22,3570.22,0.0,0.0
2025-07-24T06:15:34.089816,BNB-USDT,755.11,755.11,0.0,0.0
2025-07-24T06:15:34.293573,ADA-USDT,0.7881,0.7881,0.0,0.0
2025-07-24T06:15:34.784283,SOL-USDT,183.58,183.58,0.0,0.0
2025-07-24T06:15:34.998364,BTC-USDT,117808.39,117808.39,0.0,0.0
2025-07-24T06:15:34.998521,ETH-USDT,3570.22,3570.22,0.0,0.0
2025-07-24T06:15:35.089943,BNB-USDT,755.11,755.11,0.0,0.0
2025-07-24T06:15:35.300464,ADA-USDT,0.7882,0.7882,0.0,0.0
2025-07-24T06:15:35.783405,SOL-USDT,183.59,183.59,0.0,0.0
2025-07-24T06:15:35.992274,BTC-USDT,117808.4,117808.4,0.0,0.0
2025-07-24T06:15:36.003839,ETH-USDT,3570.41,3570.41,0.0,0.0
2025-07-24T06:15:36.089810,BNB-USDT,755.16,755.16,0.0,0.0
2025-07-24T06:15:36.289196,ADA-USDT,0.7882,0.7882,0.0,0.0
2025-07-24T06:15:36.784124,SOL-USDT,183.56,183.56,0.0,0.0
2025-07-24T06:15:36.998779,BTC-USDT,117796.01,117796.01,0.0,0.0
2025-07-24T06:15:37.010218,ETH-USDT,3570.0,3570.0,0.0,0.0
2025-07-24T06:15:37.090498,BNB-USDT,755.15,755.15,0.0,0.0
2025-07-24T06:15:37.289524,ADA-USDT,0.788,0.788,0.0,0.0
2025-07-24T06:15:37.783962,SOL-USDT,183.56,183.56,0.0,0.0
2025-07-24T06:15:37.998621,BTC-USDT,117796.01,117796.01,0.0,0.0
2025-07-24T06:15:38.010347,ETH-USDT,3570.29,3570.29,0.0,0.0
2025-07-24T06:15:38.089941,BNB-USDT,755.12,755.12,0.0,0.0
2025-07-24T06:15:38.291441,ADA-USDT,0.7879,0.7879,0.0,0.0
2025-07-24T06:15:38.784398,SOL-USDT,183.57,183.57,0.0,0.0
2025-07-24T06:15:38.999379,BTC-USDT,117796.0,117796.0,0.0,0.0
2025-07-24T06:15:39.010552,ETH-USDT,3569.96,3569.96,0.0,0.0
2025-07-24T06:15:39.090553,BNB-USDT,755.12,755.12,0.0,0.0
2025-07-24T06:15:39.293388,ADA-USDT,0.7877,0.7877,0.0,0.0
2025-07-24T06:15:39.784564,SOL-USDT,183.54,183.54,0.0,0.0
2025-07-24T06:15:40.003264,BTC-USDT,117796.01,117796.01,0.0,0.0
2025-07-24T06:15:40.012528,ETH-USDT,3569.76,3569.76,0.0,0.0
2025-07-24T06:15:40.090121,BNB-USDT,755.03,755.03,0.0,0.0
2025-07-24T06:15:40.295016,ADA-USDT,0.7876,0.7876,0.0,0.0
2025-07-24T06:15:40.784699,SOL-USDT,183.53,183.53,0.0,0.0
2025-07-24T06:15:40.998934,BTC-USDT,117796.01,117796.01,0.0,0.0
2025-07-24T06:15:41.010233,ETH-USDT,3569.77,3569.77,0.0,0.0
2025-07-24T06:15:41.091317,BNB-USDT,755.0,755.0,0.0,0.0
2025-07-24T06:15:41.286070,ADA-USDT,0.7876,0.7876,0.0,0.0
2025-07-24T06:15:41.783761,SOL-USDT,183.5,183.5,0.0,0.0
2025-07-24T06:15:41.991695,BTC-USDT,117796.01,117796.01,0.0,0.0
2025-07-24T06:15:42.003583,ETH-USDT,3569.67,3569.67,0.0,0.0
2025-07-24T06:15:42.084123,BNB-USDT,754.91,754.91,0.0,0.0
2025-07-24T06:15:42.300306,ADA-USDT,0.7874,0.7874,0.0,0.0
2025-07-24T06:15:42.783239,SOL-USDT,183.5,183.5,0.0,0.0
2025-07-24T06:15:42.998768,BTC-USDT,117796.0,117796.0,0.0,0.0
2025-07-24T06:15:43.009073,ETH-USDT,3569.67,3569.67,0.0,0.0
2025-07-24T06:15:43.090011,BNB-USDT,754.87,754.87,0.0,0.0
2025-07-24T06:15:43.292525,ADA-USDT,0.7873,0.7873,0.0,0.0
2025-07-24T06:15:43.783646,SOL-USDT,183.42,183.42,0.0,0.0
2025-07-24T06:15:43.998529,BTC-USDT,117796.01,117796.01,0.0,0.0
2025-07-24T06:15:44.009546,ETH-USDT,3568.97,3568.97,0.0,0.0
2025-07-24T06:15:44.089767,BNB-USDT,754.69,754.69,0.0,0.0
2025-07-24T06:15:44.291189,ADA-USDT,0.7873,0.7873,0.0,0.0
2025-07-24T06:15:44.784399,SOL-USDT,183.42,183.42,0.0,0.0
2025-07-24T06:15:44.998990,BTC-USDT,117779.59,117779.59,0.0,0.0
2025-07-24T06:15:45.011301,ETH-USDT,3568.23,3568.23,0.0,0.0
2025-07-24T06:15:45.083623,BNB-USDT,754.65,754.65,0.0,0.0
2025-07-24T06:15:45.289836,ADA-USDT,0.787,0.787,0.0,0.0
2025-07-24T06:15:45.783938,SOL-USDT,183.41,183.41,0.0,0.0
2025-07-24T06:15:45.998593,BTC-USDT,117779.59,117779.59,0.0,0.0
2025-07-24T06:15:46.009898,ETH-USDT,3568.24,3568.24,0.0,0.0
2025-07-24T06:15:46.090073,BNB-USDT,754.57,754.57,0.0,0.0
2025-07-24T06:15:46.285577,ADA-USDT,0.787,0.787,0.0,0.0
2025-07-24T06:15:46.784133,SOL-USDT,183.41,183.41,0.0,0.0
2025-07-24T06:15:46.998756,BTC-USDT,117779.59,117779.59,0.0,0.0
2025-07-24T06:15:46.998910,ETH-USDT,3568.24,3568.24,0.0,0.0
2025-07-24T06:15:47.089745,BNB-USDT,754.57,754.57,0.0,0.0
2025-07-24T06:15:47.288763,ADA-USDT,0.7871,0.7871,0.0,0.0
2025-07-24T06:15:47.783589,SOL-USDT,183.41,183.41,0.0,0.0
2025-07-24T06:15:47.999070,BTC-USDT,117779.59,117779.59,0.0,0.0
2025-07-24T06:15:47.999112,ETH-USDT,3569.21,3569.21,0.0,0.0
2025-07-24T06:15:48.098070,BNB-USDT,754.66,754.66,0.0,0.0
2025-07-24T06:15:48.288271,ADA-USDT,0.7875,0.7875,0.0,0.0
2025-07-24T06:15:48.783742,SOL-USDT,183.47,183.47,0.0,0.0
2025-07-24T06:15:48.998455,BTC-USDT,117781.96,117781.96,0.0,0.0
2025-07-24T06:15:49.009370,ETH-USDT,3569.69,3569.69,0.0,0.0
2025-07-24T06:15:49.090628,BNB-USDT,754.71,754.71,0.0,0.0
2025-07-24T06:15:49.289327,ADA-USDT,0.7874,0.7874,0.0,0.0
2025-07-24T06:15:49.783679,SOL-USDT,183.47,183.47,0.0,0.0
2025-07-24T06:15:49.998492,BTC-USDT,117781.95,117781.95,0.0,0.0
2025-07-24T06:15:50.009084,ETH-USDT,3569.95,3569.95,0.0,0.0
2025-07-24T06:15:50.101156,BNB-USDT,754.74,754.74,0.0,0.0
2025-07-24T06:15:50.295743,ADA-USDT,0.7876,0.7876,0.0,0.0
2025-07-24T06:15:50.783367,SOL-USDT,183.5,183.5,0.0,0.0
2025-07-24T06:15:50.998600,BTC-USDT,117786.92,117786.92,0.0,0.0
2025-07-24T06:15:51.009132,ETH-USDT,3570.04,3570.04,0.0,0.0
2025-07-24T06:15:51.089839,BNB-USDT,754.76,754.76,0.0,0.0
2025-07-24T06:15:51.288740,ADA-USDT,0.7876,0.7876,0.0,0.0
2025-07-24T06:15:51.784648,SOL-USDT,183.46,183.46,0.0,0.0
2025-07-24T06:15:51.998519,BTC-USDT,117786.92,117786.92,0.0,0.0
2025-07-24T06:15:51.998735,ETH-USDT,3569.71,3569.71,0.0,0.0
2025-07-24T06:15:52.089746,BNB-USDT,754.67,754.67,0.0,0.0
2025-07-24T06:15:52.293066,ADA-USDT,0.7872,0.7872,0.0,0.0
2025-07-24T06:15:52.783681,SOL-USDT,183.43,183.43,0.0,0.0
2025-07-24T06:15:52.998360,BTC-USDT,117786.92,117786.92,0.0,0.0
2025-07-24T06:15:53.010059,ETH-USDT,3569.4,3569.4,0.0,0.0
2025-07-24T06:15:53.089557,BNB-USDT,754.6,754.6,0.0,0.0
2025-07-24T06:15:53.284458,ADA-USDT,0.7872,0.7872,0.0,0.0
2025-07-24T06:15:53.783328,SOL-USDT,183.42,183.42,0.0,0.0
2025-07-24T06:15:53.998173,BTC-USDT,117786.91,117786.91,0.0,0.0
2025-07-24T06:15:54.008839,ETH-USDT,3569.39,3569.39,0.0,0.0
2025-07-24T06:15:54.089553,BNB-USDT,754.61,754.61,0.0,0.0
2025-07-24T06:15:54.284648,ADA-USDT,0.787,0.787,0.0,0.0
2025-07-24T06:15:54.773296,SOL-USDT,183.39,183.39,0.0,0.0
2025-07-24T06:15:54.998668,BTC-USDT,117786.92,117786.92,0.0,0.0
2025-07-24T06:15:55.010150,ETH-USDT,3569.3,3569.3,0.0,0.0
2025-07-24T06:15:55.090190,BNB-USDT,754.44,754.44,0.0,0.0
2025-07-24T06:15:55.285340,ADA-USDT,0.787,0.787,0.0,0.0
2025-07-24T06:15:55.783636,SOL-USDT,183.38,183.38,0.0,0.0
2025-07-24T06:15:55.999284,BTC-USDT,117786.92,117786.92,0.0,0.0
2025-07-24T06:15:56.009615,ETH-USDT,3569.14,3569.14,0.0,0.0
2025-07-24T06:15:56.089771,BNB-USDT,754.43,754.43,0.0,0.0
2025-07-24T06:15:56.289345,ADA-USDT,0.787,0.787,0.0,0.0
2025-07-24T06:15:56.772573,SOL-USDT,183.36,183.36,0.0,0.0
2025-07-24T06:15:56.998783,BTC-USDT,117786.91,117786.91,0.0,0.0
2025-07-24T06:15:57.009785,ETH-USDT,3568.9,3568.9,0.0,0.0
2025-07-24T06:15:57.083681,BNB-USDT,754.4,754.4,0.0,0.0
2025-07-24T06:15:57.291313,ADA-USDT,0.7869,0.7869,0.0,0.0
2025-07-24T06:15:57.783985,SOL-USDT,183.37,183.37,0.0,0.0
2025-07-24T06:15:57.997987,BTC-USDT,117786.92,117786.92,0.0,0.0
2025-07-24T06:15:58.008806,ETH-USDT,3568.9,3568.9,0.0,0.0
2025-07-24T06:15:58.089614,BNB-USDT,754.44,754.44,0.0,0.0
2025-07-24T06:15:58.292527,ADA-USDT,0.787,0.787,0.0,0.0
2025-07-24T06:15:58.783789,SOL-USDT,183.38,183.38,0.0,0.0
2025-07-24T06:15:58.998518,BTC-USDT,117786.91,117786.91,0.0,0.0
2025-07-24T06:15:59.009620,ETH-USDT,3568.9,3568.9,0.0,0.0
2025-07-24T06:15:59.089958,BNB-USDT,754.5,754.5,0.0,0.0
2025-07-24T06:15:59.291335,ADA-USDT,0.787,0.787,0.0,0.0
2025-07-24T06:15:59.772722,SOL-USDT,183.38,183.38,0.0,0.0
2025-07-24T06:16:00.004618,BTC-USDT,117786.92,117786.92,0.0,0.0
2025-07-24T06:16:00.015630,ETH-USDT,3568.9,3568.9,0.0,0.0
2025-07-24T06:16:00.089717,BNB-USDT,754.48,754.48,0.0,0.0
2025-07-24T06:16:00.289886,ADA-USDT,0.7874,0.7874,0.0,0.0
2025-07-24T06:16:00.783646,SOL-USDT,183.47,183.47,0.0,0.0
2025-07-24T06:16:00.991734,BTC-USDT,117786.92,117786.92,0.0,0.0
2025-07-24T06:16:01.004047,ETH-USDT,3570.0,3570.0,0.0,0.0
2025-07-24T06:16:01.089637,BNB-USDT,754.77,754.77,0.0,0.0
2025-07-24T06:16:01.292739,ADA-USDT,0.7874,0.7874,0.0,0.0
2025-07-24T06:16:01.783493,SOL-USDT,183.42,183.42,0.0,0.0
2025-07-24T06:16:01.998888,BTC-USDT,117786.91,117786.91,0.0,0.0
2025-07-24T06:16:02.010220,ETH-USDT,3569.71,3569.71,0.0,0.0
2025-07-24T06:16:02.090428,BNB-USDT,754.58,754.58,0.0,0.0
2025-07-24T06:16:02.291226,ADA-USDT,0.7871,0.7871,0.0,0.0
2025-07-24T06:16:02.772349,SOL-USDT,183.4,183.4,0.0,0.0
2025-07-24T06:16:02.998707,BTC-USDT,117786.92,117786.92,0.0,0.0
2025-07-24T06:16:03.010201,ETH-USDT,3569.35,3569.35,0.0,0.0
2025-07-24T06:16:03.089918,BNB-USDT,754.4,754.4,0.0,0.0
2025-07-24T06:16:03.291530,ADA-USDT,0.7873,0.7873,0.0,0.0
2025-07-24T06:16:03.783626,SOL-USDT,183.42,183.42,0.0,0.0
2025-07-24T06:16:03.998512,BTC-USDT,117786.91,117786.91,0.0,0.0
2025-07-24T06:16:04.009187,ETH-USDT,3569.35,3569.35,0.0,0.0
2025-07-24T06:16:04.089733,BNB-USDT,754.4,754.4,0.0,0.0
2025-07-24T06:16:04.292523,ADA-USDT,0.7872,0.7872,0.0,0.0
2025-07-24T06:16:04.783464,SOL-USDT,183.43,183.43,0.0,0.0
2025-07-24T06:16:04.998166,BTC-USDT,117786.92,117786.92,0.0,0.0
2025-07-24T06:16:05.008789,ETH-USDT,3569.36,3569.36,0.0,0.0
2025-07-24T06:16:05.089609,BNB-USDT,754.39,754.39,0.0,0.0
2025-07-24T06:16:05.289974,ADA-USDT,0.787,0.787,0.0,0.0
2025-07-24T06:16:05.783757,SOL-USDT,183.38,183.38,0.0,0.0
2025-07-24T06:16:05.991248,BTC-USDT,117786.92,117786.92,0.0,0.0
2025-07-24T06:16:06.003489,ETH-USDT,3569.0,3569.0,0.0,0.0
2025-07-24T06:16:06.089698,BNB-USDT,754.31,754.31,0.0,0.0
2025-07-24T06:16:06.284638,ADA-USDT,0.7867,0.7867,0.0,0.0
2025-07-24T06:16:06.784240,SOL-USDT,183.38,183.38,0.0,0.0
2025-07-24T06:16:06.998361,BTC-USDT,117786.92,117786.92,0.0,0.0
2025-07-24T06:16:07.009752,ETH-USDT,3569.0,3569.0,0.0,0.0
2025-07-24T06:16:07.089404,BNB-USDT,754.2,754.2,0.0,0.0
2025-07-24T06:16:07.289483,ADA-USDT,0.7866,0.7866,0.0,0.0
2025-07-24T06:16:07.796421,SOL-USDT,183.31,183.31,0.0,0.0
2025-07-24T06:16:07.998858,BTC-USDT,117781.71,117781.71,0.0,0.0
2025-07-24T06:16:08.010563,ETH-USDT,3568.15,3568.15,0.0,0.0
2025-07-24T06:16:08.089760,BNB-USDT,753.97,753.97,0.0,0.0
2025-07-24T06:16:08.289767,ADA-USDT,0.7862,0.7862,0.0,0.0
2025-07-24T06:16:08.783860,SOL-USDT,183.28,183.28,0.0,0.0
2025-07-24T06:16:08.998560,BTC-USDT,117781.7,117781.7,0.0,0.0
2025-07-24T06:16:09.009302,ETH-USDT,3567.49,3567.49,0.0,0.0
2025-07-24T06:16:09.089676,BNB-USDT,753.92,753.92,0.0,0.0
2025-07-24T06:16:09.291098,ADA-USDT,0.786,0.786,0.0,0.0
2025-07-24T06:16:09.783260,SOL-USDT,183.25,183.25,0.0,0.0
2025-07-24T06:16:09.998546,BTC-USDT,117770.95,117770.95,0.0,0.0
2025-07-24T06:16:10.009181,ETH-USDT,3567.48,3567.48,0.0,0.0
2025-07-24T06:16:10.089424,BNB-USDT,753.84,753.84,0.0,0.0
2025-07-24T06:16:10.287145,ADA-USDT,0.786,0.786,0.0,0.0
2025-07-24T06:16:10.783864,SOL-USDT,183.25,183.25,0.0,0.0
2025-07-24T06:16:10.999755,BTC-USDT,117762.96,117762.96,0.0,0.0
2025-07-24T06:16:11.009438,ETH-USDT,3567.29,3567.29,0.0,0.0
2025-07-24T06:16:11.089981,BNB-USDT,753.81,753.81,0.0,0.0
2025-07-24T06:16:11.291764,ADA-USDT,0.786,0.786,0.0,0.0
2025-07-24T06:16:11.783426,SOL-USDT,183.25,183.25,0.0,0.0
2025-07-24T06:16:11.998627,BTC-USDT,117762.95,117762.95,0.0,0.0
2025-07-24T06:16:12.009499,ETH-USDT,3567.3,3567.3,0.0,0.0
2025-07-24T06:16:12.089644,BNB-USDT,753.81,753.81,0.0,0.0
2025-07-24T06:16:12.284515,ADA-USDT,0.786,0.786,0.0,0.0
2025-07-24T06:16:12.783342,SOL-USDT,183.25,183.25,0.0,0.0
2025-07-24T06:16:12.998686,BTC-USDT,117762.96,117762.96,0.0,0.0
2025-07-24T06:16:13.009935,ETH-USDT,3567.29,3567.29,0.0,0.0
2025-07-24T06:16:13.090015,BNB-USDT,753.81,753.81,0.0,0.0
2025-07-24T06:16:13.284275,ADA-USDT,0.786,0.786,0.0,0.0
2025-07-24T06:16:13.784108,SOL-USDT,183.21,183.21,0.0,0.0
2025-07-24T06:16:13.998277,BTC-USDT,117762.96,117762.96,0.0,0.0
2025-07-24T06:16:13.998646,ETH-USDT,3567.29,3567.29,0.0,0.0
2025-07-24T06:16:14.090344,BNB-USDT,753.74,753.74,0.0,0.0
2025-07-24T06:16:14.291716,ADA-USDT,0.7858,0.7858,0.0,0.0
2025-07-24T06:16:14.789746,SOL-USDT,183.17,183.17,0.0,0.0
2025-07-24T06:16:14.998780,BTC-USDT,117760.0,117760.0,0.0,0.0
2025-07-24T06:16:15.010482,ETH-USDT,3566.43,3566.43,0.0,0.0
2025-07-24T06:16:15.090117,BNB-USDT,753.6,753.6,0.0,0.0
2025-07-24T06:16:15.286928,ADA-USDT,0.7855,0.7855,0.0,0.0
2025-07-24T06:16:15.783410,SOL-USDT,183.15,183.15,0.0,0.0
2025-07-24T06:16:15.991440,BTC-USDT,117760.01,117760.01,0.0,0.0
2025-07-24T06:16:16.003970,ETH-USDT,3565.86,3565.86,0.0,0.0
2025-07-24T06:16:16.089936,BNB-USDT,753.6,753.6,0.0,0.0
2025-07-24T06:16:16.291165,ADA-USDT,0.7855,0.7855,0.0,0.0
2025-07-24T06:16:16.783703,SOL-USDT,183.12,183.12,0.0,0.0
2025-07-24T06:16:16.998813,BTC-USDT,117760.01,117760.01,0.0,0.0
2025-07-24T06:16:17.011385,ETH-USDT,3565.51,3565.51,0.0,0.0
2025-07-24T06:16:17.090478,BNB-USDT,753.61,753.61,0.0,0.0
2025-07-24T06:16:17.291513,ADA-USDT,0.7856,0.7856,0.0,0.0
2025-07-24T06:16:17.783686,SOL-USDT,183.15,183.15,0.0,0.0
2025-07-24T06:16:17.998296,BTC-USDT,117760.01,117760.01,0.0,0.0
2025-07-24T06:16:18.009253,ETH-USDT,3565.51,3565.51,0.0,0.0
2025-07-24T06:16:18.089690,BNB-USDT,753.61,753.61,0.0,0.0
2025-07-24T06:16:18.293502,ADA-USDT,0.7856,0.7856,0.0,0.0
2025-07-24T06:16:18.784423,SOL-USDT,183.19,183.19,0.0,0.0
2025-07-24T06:16:18.998758,BTC-USDT,117760.01,117760.01,0.0,0.0
2025-07-24T06:16:19.010296,ETH-USDT,3565.94,3565.94,0.0,0.0
2025-07-24T06:16:19.089931,BNB-USDT,753.8,753.8,0.0,0.0
2025-07-24T06:16:19.299070,ADA-USDT,0.7858,0.7858,0.0,0.0
2025-07-24T06:16:19.783699,SOL-USDT,183.16,183.16,0.0,0.0
2025-07-24T06:16:19.998737,BTC-USDT,117760.01,117760.01,0.0,0.0
2025-07-24T06:16:20.009308,ETH-USDT,3565.93,3565.93,0.0,0.0
2025-07-24T06:16:20.089980,BNB-USDT,753.78,753.78,0.0,0.0
2025-07-24T06:16:20.288554,ADA-USDT,0.7856,0.7856,0.0,0.0
2025-07-24T06:16:20.842855,SOL-USDT,183.07,183.07,0.0,0.0
2025-07-24T06:16:21.001488,BTC-USDT,117720.28,117720.28,0.0,0.0
2025-07-24T06:16:21.010963,ETH-USDT,3565.09,3565.09,0.0,0.0
2025-07-24T06:16:21.096992,BNB-USDT,753.5,753.5,0.0,0.0
2025-07-24T06:16:21.284499,ADA-USDT,0.7853,0.7853,0.0,0.0
2025-07-24T06:16:21.783753,SOL-USDT,183.06,183.06,0.0,0.0
2025-07-24T06:16:21.999080,BTC-USDT,117697.79,117697.79,0.0,0.0
2025-07-24T06:16:22.010977,ETH-USDT,3565.0,3565.0,0.0,0.0
2025-07-24T06:16:22.090045,BNB-USDT,753.38,753.38,0.0,0.0
2025-07-24T06:16:22.298027,ADA-USDT,0.7851,0.7851,0.0,0.0
2025-07-24T06:16:22.784231,SOL-USDT,183.0,183.0,0.0,0.0
2025-07-24T06:16:22.999500,BTC-USDT,117679.67,117679.67,0.0,0.0
2025-07-24T06:16:23.010557,ETH-USDT,3564.05,3564.05,0.0,0.0
2025-07-24T06:16:23.089899,BNB-USDT,753.23,753.23,0.0,0.0
2025-07-24T06:16:23.292511,ADA-USDT,0.7848,0.7848,0.0,0.0
2025-07-24T06:16:23.784120,SOL-USDT,182.96,182.96,0.0,0.0
2025-07-24T06:16:23.991368,BTC-USDT,117679.67,117679.67,0.0,0.0
2025-07-24T06:16:24.004092,ETH-USDT,3563.28,3563.28,0.0,0.0
2025-07-24T06:16:24.090053,BNB-USDT,753.06,753.06,0.0,0.0
2025-07-24T06:16:24.288038,ADA-USDT,0.7844,0.7844,0.0,0.0
2025-07-24T06:16:24.783919,SOL-USDT,182.9,182.9,0.0,0.0
2025-07-24T06:16:24.998335,BTC-USDT,117679.68,117679.68,0.0,0.0
2025-07-24T06:16:25.009527,ETH-USDT,3562.03,3562.03,0.0,0.0
2025-07-24T06:16:25.089653,BNB-USDT,753.0,753.0,0.0,0.0
2025-07-24T06:16:25.286536,ADA-USDT,0.7844,0.7844,0.0,0.0
2025-07-24T06:16:25.783520,SOL-USDT,182.91,182.91,0.0,0.0
2025-07-24T06:16:25.998275,BTC-USDT,117679.67,117679.67,0.0,0.0
2025-07-24T06:16:26.009365,ETH-USDT,3562.03,3562.03,0.0,0.0
2025-07-24T06:16:26.090121,BNB-USDT,753.0,753.0,0.0,0.0
2025-07-24T06:16:26.410993,ADA-USDT,0.7836,0.7836,0.0,0.0
2025-07-24T06:16:26.784898,SOL-USDT,182.82,182.82,0.0,0.0
2025-07-24T06:16:26.998742,BTC-USDT,117661.48,117661.48,0.0,0.0
2025-07-24T06:16:27.010365,ETH-USDT,3561.23,3561.23,0.0,0.0
2025-07-24T06:16:27.089801,BNB-USDT,752.8,752.8,0.0,0.0
2025-07-24T06:16:27.292419,ADA-USDT,0.7839,0.7839,0.0,0.0
2025-07-24T06:16:27.783519,SOL-USDT,182.85,182.85,0.0,0.0
2025-07-24T06:16:27.998827,BTC-USDT,117661.48,117661.48,0.0,0.0
2025-07-24T06:16:28.009973,ETH-USDT,3561.25,3561.25,0.0,0.0
2025-07-24T06:16:28.089763,BNB-USDT,752.88,752.88,0.0,0.0
2025-07-24T06:16:28.294563,ADA-USDT,0.784,0.784,0.0,0.0
2025-07-24T06:16:28.784002,SOL-USDT,182.83,182.83,0.0,0.0
2025-07-24T06:16:28.998424,BTC-USDT,117661.48,117661.48,0.0,0.0
2025-07-24T06:16:29.009231,ETH-USDT,3561.25,3561.25,0.0,0.0
2025-07-24T06:16:29.090164,BNB-USDT,752.88,752.88,0.0,0.0
2025-07-24T06:16:29.291294,ADA-USDT,0.7841,0.7841,0.0,0.0
2025-07-24T06:16:29.772555,SOL-USDT,182.77,182.77,0.0,0.0
2025-07-24T06:16:29.999559,BTC-USDT,117660.0,117660.0,0.0,0.0
2025-07-24T06:16:30.011370,ETH-USDT,3559.63,3559.63,0.0,0.0
2025-07-24T06:16:30.089713,BNB-USDT,752.5,752.5,0.0,0.0
2025-07-24T06:16:30.291570,ADA-USDT,0.7836,0.7836,0.0,0.0
2025-07-24T06:16:30.783688,SOL-USDT,182.74,182.74,0.0,0.0
2025-07-24T06:16:30.999094,BTC-USDT,117645.48,117645.48,0.0,0.0
2025-07-24T06:16:31.010176,ETH-USDT,3560.0,3560.0,0.0,0.0
2025-07-24T06:16:31.091183,BNB-USDT,752.69,752.69,0.0,0.0
2025-07-24T06:16:31.287947,ADA-USDT,0.7836,0.7836,0.0,0.0
2025-07-24T06:16:31.786594,SOL-USDT,182.89,182.89,0.0,0.0
2025-07-24T06:16:31.998933,BTC-USDT,117645.48,117645.48,0.0,0.0
2025-07-24T06:16:32.000057,ETH-USDT,3560.99,3560.99,0.0,0.0
2025-07-24T06:16:32.089885,BNB-USDT,752.91,752.91,0.0,0.0
2025-07-24T06:16:32.284254,ADA-USDT,0.7839,0.7839,0.0,0.0
2025-07-24T06:16:32.772269,SOL-USDT,182.89,182.89,0.0,0.0
2025-07-24T06:16:32.998409,BTC-USDT,117645.47,117645.47,0.0,0.0
2025-07-24T06:16:33.009209,ETH-USDT,3561.11,3561.11,0.0,0.0
2025-07-24T06:16:33.089523,BNB-USDT,752.68,752.68,0.0,0.0
2025-07-24T06:16:33.289114,ADA-USDT,0.7835,0.7835,0.0,0.0
2025-07-24T06:16:33.783683,SOL-USDT,182.82,182.82,0.0,0.0
2025-07-24T06:16:33.998333,BTC-USDT,117645.47,117645.47,0.0,0.0
2025-07-24T06:16:33.998529,ETH-USDT,3561.11,3561.11,0.0,0.0
2025-07-24T06:16:34.089453,BNB-USDT,752.65,752.65,0.0,0.0
2025-07-24T06:16:34.289293,ADA-USDT,0.7832,0.7832,0.0,0.0
2025-07-24T06:16:34.783448,SOL-USDT,182.75,182.75,0.0,0.0
2025-07-24T06:16:34.998732,BTC-USDT,117636.0,117636.0,0.0,0.0
2025-07-24T06:16:35.009713,ETH-USDT,3560.28,3560.28,0.0,0.0
2025-07-24T06:16:35.090425,BNB-USDT,752.49,752.49,0.0,0.0
2025-07-24T06:16:35.287547,ADA-USDT,0.783,0.783,0.0,0.0
2025-07-24T06:16:35.776970,SOL-USDT,182.7,182.7,0.0,0.0
2025-07-24T06:16:35.998382,BTC-USDT,117632.79,117632.79,0.0,0.0
2025-07-24T06:16:36.009638,ETH-USDT,3559.72,3559.72,0.0,0.0
2025-07-24T06:16:36.090088,BNB-USDT,752.23,752.23,0.0,0.0
2025-07-24T06:16:36.295808,ADA-USDT,0.7827,0.7827,0.0,0.0
2025-07-24T06:16:36.784227,SOL-USDT,182.68,182.68,0.0,0.0
2025-07-24T06:16:36.998985,BTC-USDT,117620.0,117620.0,0.0,0.0
2025-07-24T06:16:37.010142,ETH-USDT,3558.54,3558.54,0.0,0.0
2025-07-24T06:16:37.090222,BNB-USDT,752.17,752.17,0.0,0.0
2025-07-24T06:16:37.292045,ADA-USDT,0.7824,0.7824,0.0,0.0
2025-07-24T06:16:37.783810,SOL-USDT,182.62,182.62,0.0,0.0
2025-07-24T06:16:37.998650,BTC-USDT,117603.91,117603.91,0.0,0.0
2025-07-24T06:16:38.010291,ETH-USDT,3557.93,3557.93,0.0,0.0
2025-07-24T06:16:38.089829,BNB-USDT,752.03,752.03,0.0,0.0
2025-07-24T06:16:38.289021,ADA-USDT,0.7823,0.7823,0.0,0.0
2025-07-24T06:16:38.784002,SOL-USDT,182.61,182.61,0.0,0.0
2025-07-24T06:16:38.998601,BTC-USDT,117603.91,117603.91,0.0,0.0
2025-07-24T06:16:39.010949,ETH-USDT,3557.94,3557.94,0.0,0.0
2025-07-24T06:16:39.089705,BNB-USDT,752.02,752.02,0.0,0.0
2025-07-24T06:16:39.289555,ADA-USDT,0.7823,0.7823,0.0,0.0
2025-07-24T06:16:39.783537,SOL-USDT,182.64,182.64,0.0,0.0
2025-07-24T06:16:39.998738,BTC-USDT,117603.91,117603.91,0.0,0.0
2025-07-24T06:16:40.009688,ETH-USDT,3557.94,3557.94,0.0,0.0
2025-07-24T06:16:40.089632,BNB-USDT,752.04,752.04,0.0,0.0
2025-07-24T06:16:40.289260,ADA-USDT,0.7823,0.7823,0.0,0.0
2025-07-24T06:16:40.772616,SOL-USDT,182.63,182.63,0.0,0.0
2025-07-24T06:16:40.999406,BTC-USDT,117603.91,117603.91,0.0,0.0
2025-07-24T06:16:41.009557,ETH-USDT,3557.94,3557.94,0.0,0.0
2025-07-24T06:16:41.089781,BNB-USDT,752.01,752.01,0.0,0.0
2025-07-24T06:16:41.286711,ADA-USDT,0.7822,0.7822,0.0,0.0
2025-07-24T06:16:41.783189,SOL-USDT,182.6,182.6,0.0,0.0
2025-07-24T06:16:41.998927,BTC-USDT,117603.9,117603.9,0.0,0.0
2025-07-24T06:16:42.009449,ETH-USDT,3558.34,3558.34,0.0,0.0
2025-07-24T06:16:42.089786,BNB-USDT,752.0,752.0,0.0,0.0
2025-07-24T06:16:42.285561,ADA-USDT,0.7823,0.7823,0.0,0.0
2025-07-24T06:16:42.783200,SOL-USDT,182.61,182.61,0.0,0.0
2025-07-24T06:16:42.998540,BTC-USDT,117603.9,117603.9,0.0,0.0
2025-07-24T06:16:43.009575,ETH-USDT,3557.84,3557.84,0.0,0.0
2025-07-24T06:16:43.089535,BNB-USDT,751.93,751.93,0.0,0.0
2025-07-24T06:16:43.295448,ADA-USDT,0.7821,0.7821,0.0,0.0
2025-07-24T06:16:43.784305,SOL-USDT,182.6,182.6,0.0,0.0
2025-07-24T06:16:43.998195,BTC-USDT,117603.91,117603.91,0.0,0.0
2025-07-24T06:16:44.008635,ETH-USDT,3557.83,3557.83,0.0,0.0
2025-07-24T06:16:44.089316,BNB-USDT,752.0,752.0,0.0,0.0
2025-07-24T06:16:44.291009,ADA-USDT,0.7822,0.7822,0.0,0.0
2025-07-24T06:16:44.783907,SOL-USDT,182.69,182.69,0.0,0.0
2025-07-24T06:16:44.998441,BTC-USDT,117603.91,117603.91,0.0,0.0
2025-07-24T06:16:45.009901,ETH-USDT,3558.71,3558.71,0.0,0.0
2025-07-24T06:16:45.090209,BNB-USDT,752.12,752.12,0.0,0.0
2025-07-24T06:16:45.291331,ADA-USDT,0.7823,0.7823,0.0,0.0
2025-07-24T06:16:45.783851,SOL-USDT,182.67,182.67,0.0,0.0
2025-07-24T06:16:46.000836,BTC-USDT,117603.91,117603.91,0.0,0.0
2025-07-24T06:16:46.009413,ETH-USDT,3558.54,3558.54,0.0,0.0
2025-07-24T06:16:46.090225,BNB-USDT,752.02,752.02,0.0,0.0
2025-07-24T06:16:46.292963,ADA-USDT,0.7824,0.7824,0.0,0.0
2025-07-24T06:16:46.784268,SOL-USDT,182.65,182.65,0.0,0.0
2025-07-24T06:16:46.998547,BTC-USDT,117603.91,117603.91,0.0,0.0
2025-07-24T06:16:47.010132,ETH-USDT,3558.05,3558.05,0.0,0.0
2025-07-24T06:16:47.089678,BNB-USDT,752.02,752.02,0.0,0.0
2025-07-24T06:16:47.291928,ADA-USDT,0.7823,0.7823,0.0,0.0
2025-07-24T06:16:47.772249,SOL-USDT,182.6,182.6,0.0,0.0
2025-07-24T06:16:48.000643,BTC-USDT,117603.91,117603.91,0.0,0.0
2025-07-24T06:16:48.009442,ETH-USDT,3557.91,3557.91,0.0,0.0
2025-07-24T06:16:48.090074,BNB-USDT,751.94,751.94,0.0,0.0
2025-07-24T06:16:48.311104,ADA-USDT,0.7821,0.7821,0.0,0.0
2025-07-24T06:16:48.783793,SOL-USDT,182.56,182.56,0.0,0.0
2025-07-24T06:16:48.998339,BTC-USDT,117600.0,117600.0,0.0,0.0
2025-07-24T06:16:49.009380,ETH-USDT,3557.59,3557.59,0.0,0.0
2025-07-24T06:16:49.089637,BNB-USDT,751.94,751.94,0.0,0.0
2025-07-24T06:16:49.292457,ADA-USDT,0.782,0.782,0.0,0.0
2025-07-24T06:16:49.772144,SOL-USDT,182.54,182.54,0.0,0.0
2025-07-24T06:16:49.998947,BTC-USDT,117593.73,117593.73,0.0,0.0
2025-07-24T06:16:50.010486,ETH-USDT,3557.08,3557.08,0.0,0.0
2025-07-24T06:16:50.090302,BNB-USDT,751.87,751.87,0.0,0.0
2025-07-24T06:16:50.291901,ADA-USDT,0.7818,0.7818,0.0,0.0
2025-07-24T06:16:50.783853,SOL-USDT,182.58,182.58,0.0,0.0
2025-07-24T06:16:50.998717,BTC-USDT,117593.73,117593.73,0.0,0.0
2025-07-24T06:16:50.998936,ETH-USDT,3557.08,3557.08,0.0,0.0
2025-07-24T06:16:51.089919,BNB-USDT,751.87,751.87,0.0,0.0
2025-07-24T06:16:51.290437,ADA-USDT,0.7817,0.7817,0.0,0.0
2025-07-24T06:16:51.783663,SOL-USDT,182.57,182.57,0.0,0.0
2025-07-24T06:16:51.998250,BTC-USDT,117593.73,117593.73,0.0,0.0
2025-07-24T06:16:52.009730,ETH-USDT,3557.08,3557.08,0.0,0.0
2025-07-24T06:16:52.089641,BNB-USDT,751.86,751.86,0.0,0.0
2025-07-24T06:16:52.297476,ADA-USDT,0.7818,0.7818,0.0,0.0
2025-07-24T06:16:52.784071,SOL-USDT,182.57,182.57,0.0,0.0
2025-07-24T06:16:52.998399,BTC-USDT,117590.36,117590.36,0.0,0.0
2025-07-24T06:16:53.010249,ETH-USDT,3557.08,3557.08,0.0,0.0
2025-07-24T06:16:53.089593,BNB-USDT,751.86,751.86,0.0,0.0
2025-07-24T06:16:53.296137,ADA-USDT,0.7817,0.7817,0.0,0.0
2025-07-24T06:16:53.783413,SOL-USDT,182.57,182.57,0.0,0.0
2025-07-24T06:19:52.410590,BTC-USDT,117590.35,117590.35,0.0,0.0
2025-07-24T06:19:52.410626,ETH-USDT,3557.09,3557.09,0.0,0.0
2025-07-24T06:19:52.410660,BNB-USDT,751.87,751.87,0.0,0.0
2025-07-24T06:19:52.410694,ADA-USDT,0.7817,0.7817,0.0,0.0
2025-07-24T06:19:52.410727,SOL-USDT,182.57,182.57,0.0,0.0
2025-07-24T06:19:52.410762,BTC-USDT,117590.35,117590.35,0.0,0.0
2025-07-24T06:19:52.410799,ETH-USDT,3557.09,3557.09,0.0,0.0
2025-07-24T06:19:52.410835,BNB-USDT,751.61,751.61,0.0,0.0
2025-07-24T06:19:52.410887,ADA-USDT,0.7818,0.7818,0.0,0.0
2025-07-24T06:19:52.410925,SOL-USDT,182.56,182.56,0.0,0.0
2025-07-24T06:19:52.410956,BTC-USDT,117588.01,117588.01,0.0,0.0
2025-07-24T06:19:52.410989,ETH-USDT,3556.49,3556.49,0.0,0.0
2025-07-24T06:19:52.411024,BNB-USDT,751.72,751.72,0.0,0.0
2025-07-24T06:19:52.411056,ADA-USDT,0.7817,0.7817,0.0,0.0
2025-07-24T06:19:52.411087,SOL-USDT,182.56,182.56,0.0,0.0
2025-07-24T06:19:52.411117,BTC-USDT,117580.01,117580.01,0.0,0.0
2025-07-24T06:19:52.411148,ETH-USDT,3556.33,3556.33,0.0,0.0
2025-07-24T06:19:52.411178,BNB-USDT,751.73,751.73,0.0,0.0
2025-07-24T06:19:52.411246,ADA-USDT,0.7815,0.7815,0.0,0.0
2025-07-24T06:19:52.411288,SOL-USDT,182.52,182.52,0.0,0.0
2025-07-24T06:19:52.411321,BTC-USDT,117580.01,117580.01,0.0,0.0
2025-07-24T06:19:52.411353,ETH-USDT,3555.41,3555.41,0.0,0.0
2025-07-24T06:19:52.411383,BNB-USDT,751.85,751.85,0.0,0.0
2025-07-24T06:19:52.411413,ADA-USDT,0.782,0.782,0.0,0.0
2025-07-24T06:19:52.411444,SOL-USDT,182.57,182.57,0.0,0.0
2025-07-24T06:19:52.411474,BTC-USDT,117580.01,117580.01,0.0,0.0
2025-07-24T06:19:52.411505,ETH-USDT,3555.81,3555.81,0.0,0.0
2025-07-24T06:19:52.411535,BNB-USDT,751.86,751.86,0.0,0.0
2025-07-24T06:19:52.411566,ADA-USDT,0.7818,0.7818,0.0,0.0
2025-07-24T06:19:52.411601,SOL-USDT,182.53,182.53,0.0,0.0
2025-07-24T06:19:52.411654,BTC-USDT,117580.0,117580.0,0.0,0.0
2025-07-24T06:19:52.411697,ETH-USDT,3555.71,3555.71,0.0,0.0
2025-07-24T06:19:52.411737,BNB-USDT,751.82,751.82,0.0,0.0
2025-07-24T06:19:52.411775,ADA-USDT,0.7816,0.7816,0.0,0.0
2025-07-24T06:19:52.411812,SOL-USDT,182.52,182.52,0.0,0.0
2025-07-24T06:19:52.411969,BTC-USDT,117580.01,117580.01,0.0,0.0
2025-07-24T06:19:52.412015,ETH-USDT,3555.77,3555.77,0.0,0.0
2025-07-24T06:19:52.412059,BNB-USDT,751.73,751.73,0.0,0.0
2025-07-24T06:19:52.412092,ADA-USDT,0.7817,0.7817,0.0,0.0
2025-07-24T06:19:52.412125,SOL-USDT,182.52,182.52,0.0,0.0
2025-07-24T06:19:52.412184,BTC-USDT,117555.01,117555.01,0.0,0.0
2025-07-24T06:19:52.412222,ETH-USDT,3556.56,3556.56,0.0,0.0
2025-07-24T06:19:52.412259,BNB-USDT,751.73,751.73,0.0,0.0
2025-07-24T06:19:52.412298,ADA-USDT,0.7816,0.7816,0.0,0.0
2025-07-24T06:19:52.412338,SOL-USDT,182.5,182.5,0.0,0.0
2025-07-24T06:19:52.412379,BTC-USDT,117555.01,117555.01,0.0,0.0
2025-07-24T06:19:52.412511,ETH-USDT,3556.03,3556.03,0.0,0.0
2025-07-24T06:19:52.412562,BNB-USDT,751.46,751.46,0.0,0.0
2025-07-24T06:19:52.412603,ADA-USDT,0.781,0.781,0.0,0.0
2025-07-24T06:19:52.412763,SOL-USDT,182.44,182.44,0.0,0.0
2025-07-24T06:19:52.412987,BTC-USDT,117533.65,117533.65,0.0,0.0
2025-07-24T06:19:52.413045,ETH-USDT,3555.97,3555.97,0.0,0.0
2025-07-24T06:19:52.413090,BNB-USDT,751.46,751.46,0.0,0.0
2025-07-24T06:19:52.413133,ADA-USDT,0.7812,0.7812,0.0,0.0
2025-07-24T06:19:52.413175,SOL-USDT,182.5,182.5,0.0,0.0
2025-07-24T06:19:52.413215,BTC-USDT,117541.95,117541.95,0.0,0.0
2025-07-24T06:19:52.413257,ETH-USDT,3556.85,3556.85,0.0,0.0
2025-07-24T06:19:52.413297,BNB-USDT,751.6,751.6,0.0,0.0
2025-07-24T06:19:52.413338,ADA-USDT,0.7815,0.7815,0.0,0.0
2025-07-24T06:19:52.413379,SOL-USDT,182.57,182.57,0.0,0.0
2025-07-24T06:19:52.413419,BTC-USDT,117559.99,117559.99,0.0,0.0
2025-07-24T06:19:52.413462,ETH-USDT,3557.53,3557.53,0.0,0.0
2025-07-24T06:19:52.413504,BNB-USDT,751.75,751.75,0.0,0.0
2025-07-24T06:19:52.413546,ADA-USDT,0.7819,0.7819,0.0,0.0
2025-07-24T06:19:52.413703,SOL-USDT,182.65,182.65,0.0,0.0
2025-07-24T06:19:52.413764,BTC-USDT,117560.0,117560.0,0.0,0.0
2025-07-24T06:19:52.413802,ETH-USDT,3557.83,3557.83,0.0,0.0
2025-07-24T06:19:52.413841,BNB-USDT,751.48,751.48,0.0,0.0
2025-07-24T06:19:52.413935,ADA-USDT,0.7816,0.7816,0.0,0.0
2025-07-24T06:19:52.413972,SOL-USDT,182.57,182.57,0.0,0.0
2025-07-24T06:19:52.414010,BTC-USDT,117544.0,117544.0,0.0,0.0
2025-07-24T06:19:52.414045,ETH-USDT,3557.23,3557.23,0.0,0.0
2025-07-24T06:19:52.414080,BNB-USDT,751.48,751.48,0.0,0.0
2025-07-24T06:19:52.414113,ADA-USDT,0.7812,0.7812,0.0,0.0
2025-07-24T06:19:52.414150,SOL-USDT,182.49,182.49,0.0,0.0
2025-07-24T06:19:52.414186,BTC-USDT,117538.01,117538.01,0.0,0.0
2025-07-24T06:19:52.414221,ETH-USDT,3556.49,3556.49,0.0,0.0
2025-07-24T06:19:52.414256,BNB-USDT,751.1,751.1,0.0,0.0
2025-07-24T06:19:52.414292,ADA-USDT,0.7808,0.7808,0.0,0.0
2025-07-24T06:19:52.414327,SOL-USDT,182.42,182.42,0.0,0.0
2025-07-24T06:19:52.414362,BTC-USDT,117525.22,117525.22,0.0,0.0
2025-07-24T06:19:52.414393,ETH-USDT,3556.07,3556.07,0.0,0.0
2025-07-24T06:19:52.414428,BNB-USDT,751.04,751.04,0.0,0.0
2025-07-24T06:19:52.414461,ADA-USDT,0.7803,0.7803,0.0,0.0
2025-07-24T06:19:52.414497,SOL-USDT,182.37,182.37,0.0,0.0
2025-07-24T06:19:52.414531,BTC-USDT,117525.0,117525.0,0.0,0.0
2025-07-24T06:19:52.414562,ETH-USDT,3555.51,3555.51,0.0,0.0
2025-07-24T06:19:52.414593,BNB-USDT,751.01,751.01,0.0,0.0
2025-07-24T06:19:52.414624,ADA-USDT,0.7806,0.7806,0.0,0.0
2025-07-24T06:19:52.414656,SOL-USDT,182.47,182.47,0.0,0.0
2025-07-24T06:19:52.414689,BTC-USDT,117525.01,117525.01,0.0,0.0
2025-07-24T06:19:52.414722,ETH-USDT,3556.12,3556.12,0.0,0.0
2025-07-24T06:19:52.414756,BNB-USDT,751.17,751.17,0.0,0.0
2025-07-24T06:19:52.414789,ADA-USDT,0.7808,0.7808,0.0,0.0
2025-07-24T06:19:52.414821,SOL-USDT,182.44,182.44,0.0,0.0
2025-07-24T06:19:52.414854,BTC-USDT,117525.01,117525.01,0.0,0.0
2025-07-24T06:19:52.414914,ETH-USDT,3556.11,3556.11,0.0,0.0
2025-07-24T06:19:52.414952,BNB-USDT,751.17,751.17,0.0,0.0
2025-07-24T06:19:52.414986,ADA-USDT,0.7807,0.7807,0.0,0.0
2025-07-24T06:19:52.415023,SOL-USDT,182.4,182.4,0.0,0.0
2025-07-24T06:19:52.415058,BTC-USDT,117525.01,117525.01,0.0,0.0
2025-07-24T06:19:52.415095,ETH-USDT,3555.87,3555.87,0.0,0.0
2025-07-24T06:19:52.415134,BNB-USDT,751.17,751.17,0.0,0.0
2025-07-24T06:19:52.415168,ADA-USDT,0.7807,0.7807,0.0,0.0
2025-07-24T06:19:52.415209,SOL-USDT,182.4,182.4,0.0,0.0
2025-07-24T06:19:52.415250,BTC-USDT,117504.19,117504.19,0.0,0.0
2025-07-24T06:19:52.415292,ETH-USDT,3555.23,3555.23,0.0,0.0
2025-07-24T06:19:52.415328,BNB-USDT,751.29,751.29,0.0,0.0
2025-07-24T06:19:52.415364,ADA-USDT,0.7811,0.7811,0.0,0.0
2025-07-24T06:19:52.415440,SOL-USDT,182.41,182.41,0.0,0.0
2025-07-24T06:19:52.415479,BTC-USDT,117504.19,117504.19,0.0,0.0
2025-07-24T06:19:52.415518,ETH-USDT,3555.75,3555.75,0.0,0.0
2025-07-24T06:19:52.415562,BNB-USDT,751.38,751.38,0.0,0.0
2025-07-24T06:19:52.415603,ADA-USDT,0.7814,0.7814,0.0,0.0
2025-07-24T06:19:52.415644,SOL-USDT,182.41,182.41,0.0,0.0
2025-07-24T06:19:52.415683,BTC-USDT,117500.0,117500.0,0.0,0.0
2025-07-24T06:19:52.415727,ETH-USDT,3555.75,3555.75,0.0,0.0
2025-07-24T06:19:52.415762,BNB-USDT,751.38,751.38,0.0,0.0
2025-07-24T06:19:52.415791,ADA-USDT,0.7813,0.7813,0.0,0.0
2025-07-24T06:19:52.415820,SOL-USDT,182.42,182.42,0.0,0.0
2025-07-24T06:19:52.415848,BTC-USDT,117500.01,117500.01,0.0,0.0
2025-07-24T06:19:52.415898,ETH-USDT,3555.91,3555.91,0.0,0.0
2025-07-24T06:19:52.415936,BNB-USDT,751.37,751.37,0.0,0.0
2025-07-24T06:19:52.415968,ADA-USDT,0.7816,0.7816,0.0,0.0
2025-07-24T06:19:52.416005,SOL-USDT,182.43,182.43,0.0,0.0
2025-07-24T06:19:52.416040,BTC-USDT,117500.01,117500.01,0.0,0.0
2025-07-24T06:19:52.416078,ETH-USDT,3556.5,3556.5,0.0,0.0
2025-07-24T06:19:52.416113,BNB-USDT,751.45,751.45,0.0,0.0
2025-07-24T06:19:52.416146,ADA-USDT,0.782,0.782,0.0,0.0
2025-07-24T06:19:52.416177,SOL-USDT,182.48,182.48,0.0,0.0
2025-07-24T06:19:52.416207,BTC-USDT,117502.79,117502.79,0.0,0.0
2025-07-24T06:19:52.416238,ETH-USDT,3556.93,3556.93,0.0,0.0
2025-07-24T06:19:52.416272,BNB-USDT,751.42,751.42,0.0,0.0
2025-07-24T06:19:52.416307,ADA-USDT,0.7818,0.7818,0.0,0.0
2025-07-24T06:19:52.416343,SOL-USDT,182.51,182.51,0.0,0.0
2025-07-24T06:19:52.416374,BTC-USDT,117502.8,117502.8,0.0,0.0
2025-07-24T06:19:52.416409,ETH-USDT,3556.92,3556.92,0.0,0.0
2025-07-24T06:19:52.416441,BNB-USDT,751.42,751.42,0.0,0.0
2025-07-24T06:19:52.416472,ADA-USDT,0.7819,0.7819,0.0,0.0
2025-07-24T06:19:52.416504,SOL-USDT,182.53,182.53,0.0,0.0
2025-07-24T06:19:52.416543,BTC-USDT,117502.8,117502.8,0.0,0.0
2025-07-24T06:19:52.416588,ETH-USDT,3556.93,3556.93,0.0,0.0
2025-07-24T06:19:52.416627,BNB-USDT,751.49,751.49,0.0,0.0
2025-07-24T06:19:52.416667,ADA-USDT,0.7818,0.7818,0.0,0.0
2025-07-24T06:19:52.416708,SOL-USDT,182.53,182.53,0.0,0.0
2025-07-24T06:19:52.416745,BTC-USDT,117502.8,117502.8,0.0,0.0
2025-07-24T06:19:52.416785,ETH-USDT,3556.61,3556.61,0.0,0.0
2025-07-24T06:19:52.416824,BNB-USDT,751.49,751.49,0.0,0.0
2025-07-24T06:19:52.416882,ADA-USDT,0.7817,0.7817,0.0,0.0
2025-07-24T06:19:52.416928,SOL-USDT,182.52,182.52,0.0,0.0
2025-07-24T06:19:52.416969,BTC-USDT,117502.8,117502.8,0.0,0.0
2025-07-24T06:19:52.417008,ETH-USDT,3556.6,3556.6,0.0,0.0
2025-07-24T06:19:52.417048,BNB-USDT,751.48,751.48,0.0,0.0
2025-07-24T06:19:52.417088,ADA-USDT,0.782,0.782,0.0,0.0
2025-07-24T06:19:52.417127,SOL-USDT,182.58,182.58,0.0,0.0
2025-07-24T06:19:52.417167,BTC-USDT,117502.8,117502.8,0.0,0.0
2025-07-24T06:19:52.417206,ETH-USDT,3557.15,3557.15,0.0,0.0
2025-07-24T06:19:52.417245,BNB-USDT,751.67,751.67,0.0,0.0
2025-07-24T06:19:52.417283,ADA-USDT,0.7823,0.7823,0.0,0.0
2025-07-24T06:19:52.417322,SOL-USDT,182.59,182.59,0.0,0.0
2025-07-24T06:19:52.417361,BTC-USDT,117509.11,117509.11,0.0,0.0
2025-07-24T06:19:52.417396,ETH-USDT,3557.38,3557.38,0.0,0.0
2025-07-24T06:19:52.417581,BNB-USDT,751.68,751.68,0.0,0.0
2025-07-24T06:19:52.417621,ADA-USDT,0.7823,0.7823,0.0,0.0
2025-07-24T06:19:52.417653,SOL-USDT,182.58,182.58,0.0,0.0
2025-07-24T06:19:52.417689,BTC-USDT,117509.11,117509.11,0.0,0.0
2025-07-24T06:19:52.417729,ETH-USDT,3557.37,3557.37,0.0,0.0
2025-07-24T06:19:52.417770,BNB-USDT,751.76,751.76,0.0,0.0
2025-07-24T06:19:52.417811,ADA-USDT,0.7825,0.7825,0.0,0.0
2025-07-24T06:19:52.417851,SOL-USDT,182.61,182.61,0.0,0.0
2025-07-24T06:19:52.417912,BTC-USDT,117510.48,117510.48,0.0,0.0
2025-07-24T06:19:52.417956,ETH-USDT,3557.82,3557.82,0.0,0.0
2025-07-24T06:19:52.417997,BNB-USDT,751.86,751.86,0.0,0.0
2025-07-24T06:19:52.418037,ADA-USDT,0.7825,0.7825,0.0,0.0
2025-07-24T06:19:52.418078,SOL-USDT,182.61,182.61,0.0,0.0
2025-07-24T06:19:52.418118,BTC-USDT,117510.48,117510.48,0.0,0.0
2025-07-24T06:19:52.418159,ETH-USDT,3557.83,3557.83,0.0,0.0
2025-07-24T06:19:52.418199,BNB-USDT,751.79,751.79,0.0,0.0
2025-07-24T06:19:52.418240,ADA-USDT,0.7828,0.7828,0.0,0.0
2025-07-24T06:19:52.418279,SOL-USDT,182.66,182.66,0.0,0.0
2025-07-24T06:19:52.418316,BTC-USDT,117523.48,117523.48,0.0,0.0
2025-07-24T06:19:52.418442,ETH-USDT,3557.91,3557.91,0.0,0.0
2025-07-24T06:19:52.418612,BNB-USDT,751.79,751.79,0.0,0.0
2025-07-24T06:19:52.418669,ADA-USDT,0.7827,0.7827,0.0,0.0
2025-07-24T06:19:52.418852,SOL-USDT,182.66,182.66,0.0,0.0
2025-07-24T06:19:52.418931,BTC-USDT,117523.48,117523.48,0.0,0.0
2025-07-24T06:19:52.418994,ETH-USDT,3558.08,3558.08,0.0,0.0
2025-07-24T06:19:52.419048,BNB-USDT,751.89,751.89,0.0,0.0
2025-07-24T06:19:52.419075,ADA-USDT,0.7828,0.7828,0.0,0.0
2025-07-24T06:19:52.419098,SOL-USDT,182.69,182.69,0.0,0.0
2025-07-24T06:19:52.419120,BTC-USDT,117523.49,117523.49,0.0,0.0
2025-07-24T06:19:52.419143,ETH-USDT,3558.27,3558.27,0.0,0.0
2025-07-24T06:19:52.419164,BNB-USDT,751.89,751.89,0.0,0.0
2025-07-24T06:19:52.419185,ADA-USDT,0.7827,0.7827,0.0,0.0
2025-07-24T06:19:52.419206,SOL-USDT,182.69,182.69,0.0,0.0
2025-07-24T06:19:52.419227,BTC-USDT,117523.49,117523.49,0.0,0.0
2025-07-24T06:19:52.419250,ETH-USDT,3558.27,3558.27,0.0,0.0
2025-07-24T06:19:52.419272,BNB-USDT,751.98,751.98,0.0,0.0
2025-07-24T06:19:52.419293,ADA-USDT,0.7829,0.7829,0.0,0.0
2025-07-24T06:19:52.419313,SOL-USDT,182.73,182.73,0.0,0.0
2025-07-24T06:19:52.419335,BTC-USDT,117532.93,117532.93,0.0,0.0
2025-07-24T06:19:52.419356,ETH-USDT,3558.65,3558.65,0.0,0.0
2025-07-24T06:19:52.419377,BNB-USDT,751.99,751.99,0.0,0.0
2025-07-24T06:19:52.419398,ADA-USDT,0.783,0.783,0.0,0.0
2025-07-24T06:19:52.419420,SOL-USDT,182.76,182.76,0.0,0.0
2025-07-24T06:19:52.419442,BTC-USDT,117532.93,117532.93,0.0,0.0
2025-07-24T06:19:52.419464,ETH-USDT,3559.01,3559.01,0.0,0.0
2025-07-24T06:19:52.419485,BNB-USDT,752.17,752.17,0.0,0.0
2025-07-24T06:19:52.419506,ADA-USDT,0.7832,0.7832,0.0,0.0
2025-07-24T06:19:52.419528,SOL-USDT,182.8,182.8,0.0,0.0
2025-07-24T06:19:52.419549,BTC-USDT,117535.68,117535.68,0.0,0.0
2025-07-24T06:19:52.419570,ETH-USDT,3559.46,3559.46,0.0,0.0
2025-07-24T06:19:52.419591,BNB-USDT,752.03,752.03,0.0,0.0
2025-07-24T06:19:52.419611,ADA-USDT,0.7832,0.7832,0.0,0.0
2025-07-24T06:19:52.419634,SOL-USDT,182.8,182.8,0.0,0.0
2025-07-24T06:19:52.419655,BTC-USDT,117535.69,117535.69,0.0,0.0
2025-07-24T06:19:52.419676,ETH-USDT,3559.46,3559.46,0.0,0.0
2025-07-24T06:19:52.419698,BNB-USDT,752.07,752.07,0.0,0.0
2025-07-24T06:19:52.419719,ADA-USDT,0.7831,0.7831,0.0,0.0
2025-07-24T06:19:52.419741,SOL-USDT,182.82,182.82,0.0,0.0
2025-07-24T06:19:52.419762,BTC-USDT,117544.47,117544.47,0.0,0.0
2025-07-24T06:19:52.419785,ETH-USDT,3559.47,3559.47,0.0,0.0
2025-07-24T06:19:52.419806,BNB-USDT,752.3,752.3,0.0,0.0
2025-07-24T06:19:52.419828,ADA-USDT,0.7836,0.7836,0.0,0.0
2025-07-24T06:19:52.419848,SOL-USDT,182.84,182.84,0.0,0.0
2025-07-24T06:19:52.419906,BTC-USDT,117548.97,117548.97,0.0,0.0
2025-07-24T06:19:52.419953,ETH-USDT,3561.06,3561.06,0.0,0.0
2025-07-24T06:19:52.419992,BNB-USDT,752.44,752.44,0.0,0.0
2025-07-24T06:19:52.420033,ADA-USDT,0.7837,0.7837,0.0,0.0
2025-07-24T06:19:52.420072,SOL-USDT,182.85,182.85,0.0,0.0
2025-07-24T06:19:52.420113,BTC-USDT,117548.97,117548.97,0.0,0.0
2025-07-24T06:19:52.420152,ETH-USDT,3560.42,3560.42,0.0,0.0
2025-07-24T06:19:52.420185,BNB-USDT,752.25,752.25,0.0,0.0
2025-07-24T06:19:52.420217,ADA-USDT,0.7836,0.7836,0.0,0.0
2025-07-24T06:19:52.420253,SOL-USDT,182.83,182.83,0.0,0.0
2025-07-24T06:19:52.420286,BTC-USDT,117548.97,117548.97,0.0,0.0
2025-07-24T06:19:52.420318,ETH-USDT,3560.42,3560.42,0.0,0.0
2025-07-24T06:19:52.420348,BNB-USDT,752.29,752.29,0.0,0.0
2025-07-24T06:19:52.420375,ADA-USDT,0.7834,0.7834,0.0,0.0
2025-07-24T06:19:52.420402,SOL-USDT,182.8,182.8,0.0,0.0
2025-07-24T06:19:52.420429,BTC-USDT,117534.01,117534.01,0.0,0.0
2025-07-24T06:19:52.420456,ETH-USDT,3560.24,3560.24,0.0,0.0
2025-07-24T06:19:52.420485,BNB-USDT,752.17,752.17,0.0,0.0
2025-07-24T06:19:52.420512,ADA-USDT,0.7831,0.7831,0.0,0.0
2025-07-24T06:19:52.420539,SOL-USDT,182.8,182.8,0.0,0.0
2025-07-24T06:19:52.420566,BTC-USDT,117520.39,117520.39,0.0,0.0
2025-07-24T06:19:52.420593,ETH-USDT,3560.14,3560.14,0.0,0.0
2025-07-24T06:19:52.420620,BNB-USDT,752.12,752.12,0.0,0.0
2025-07-24T06:19:52.420647,ADA-USDT,0.7833,0.7833,0.0,0.0
2025-07-24T06:19:52.420673,SOL-USDT,182.76,182.76,0.0,0.0
2025-07-24T06:19:52.420699,BTC-USDT,117520.39,117520.39,0.0,0.0
2025-07-24T06:19:52.420726,ETH-USDT,3559.83,3559.83,0.0,0.0
2025-07-24T06:19:52.420753,BNB-USDT,751.93,751.93,0.0,0.0
2025-07-24T06:19:52.420779,ADA-USDT,0.783,0.783,0.0,0.0
2025-07-24T06:19:52.420805,SOL-USDT,182.75,182.75,0.0,0.0
2025-07-24T06:19:52.420831,BTC-USDT,117520.39,117520.39,0.0,0.0
2025-07-24T06:19:52.420859,ETH-USDT,3559.51,3559.51,0.0,0.0
2025-07-24T06:19:52.421001,BNB-USDT,751.93,751.93,0.0,0.0
2025-07-24T06:19:52.421097,ADA-USDT,0.7827,0.7827,0.0,0.0
2025-07-24T06:19:52.421175,SOL-USDT,182.73,182.73,0.0,0.0
2025-07-24T06:19:52.421218,BTC-USDT,117520.39,117520.39,0.0,0.0
2025-07-24T06:19:52.421260,ETH-USDT,3559.05,3559.05,0.0,0.0
2025-07-24T06:19:52.421301,BNB-USDT,751.8,751.8,0.0,0.0
2025-07-24T06:19:52.421342,ADA-USDT,0.7825,0.7825,0.0,0.0
2025-07-24T06:19:52.421381,SOL-USDT,182.69,182.69,0.0,0.0
2025-07-24T06:19:52.421419,BTC-USDT,117520.38,117520.38,0.0,0.0
2025-07-24T06:19:52.421458,ETH-USDT,3558.63,3558.63,0.0,0.0
2025-07-24T06:19:52.421497,BNB-USDT,751.8,751.8,0.0,0.0
2025-07-24T06:19:52.421536,ADA-USDT,0.7823,0.7823,0.0,0.0
2025-07-24T06:19:52.421573,SOL-USDT,182.66,182.66,0.0,0.0
2025-07-24T06:19:52.421610,BTC-USDT,117520.39,117520.39,0.0,0.0
2025-07-24T06:19:52.421688,ETH-USDT,3558.24,3558.24,0.0,0.0
2025-07-24T06:19:52.421755,BNB-USDT,751.64,751.64,0.0,0.0
2025-07-24T06:19:52.421818,ADA-USDT,0.7822,0.7822,0.0,0.0
2025-07-24T06:19:52.421926,SOL-USDT,182.64,182.64,0.0,0.0
2025-07-24T06:19:52.421989,BTC-USDT,117520.38,117520.38,0.0,0.0
2025-07-24T06:19:52.422030,ETH-USDT,3558.08,3558.08,0.0,0.0
2025-07-24T06:19:52.422070,BNB-USDT,751.56,751.56,0.0,0.0
2025-07-24T06:19:52.422110,ADA-USDT,0.7821,0.7821,0.0,0.0
2025-07-24T06:19:52.422149,SOL-USDT,182.59,182.59,0.0,0.0
2025-07-24T06:19:52.422188,BTC-USDT,117520.39,117520.39,0.0,0.0
2025-07-24T06:19:52.422228,ETH-USDT,3557.82,3557.82,0.0,0.0
2025-07-24T06:19:52.422267,BNB-USDT,751.49,751.49,0.0,0.0
2025-07-24T06:19:52.422306,ADA-USDT,0.782,0.782,0.0,0.0
2025-07-24T06:19:52.422345,SOL-USDT,182.56,182.56,0.0,0.0
2025-07-24T06:19:52.422385,BTC-USDT,117510.29,117510.29,0.0,0.0
2025-07-24T06:19:52.422425,ETH-USDT,3557.04,3557.04,0.0,0.0
2025-07-24T06:19:52.422461,BNB-USDT,751.48,751.48,0.0,0.0
2025-07-24T06:19:52.422499,ADA-USDT,0.7822,0.7822,0.0,0.0
2025-07-24T06:19:52.422538,SOL-USDT,182.64,182.64,0.0,0.0
2025-07-24T06:19:52.422577,BTC-USDT,117539.99,117539.99,0.0,0.0
2025-07-24T06:19:52.422618,ETH-USDT,3557.73,3557.73,0.0,0.0
2025-07-24T06:19:52.422749,BNB-USDT,751.7,751.7,0.0,0.0
2025-07-24T06:20:00.372539,ADA-USDT,0.7825,0.7825,0.0,0.0
2025-07-24T06:20:00.372566,SOL-USDT,182.66,182.66,0.0,0.0
2025-07-24T06:20:00.372589,BTC-USDT,117539.99,117539.99,0.0,0.0
2025-07-24T06:20:00.372612,ETH-USDT,3557.73,3557.73,0.0,0.0
2025-07-24T06:20:00.372633,BNB-USDT,751.72,751.72,0.0,0.0
2025-07-24T06:20:00.372656,ADA-USDT,0.7825,0.7825,0.0,0.0
2025-07-24T06:20:00.372677,SOL-USDT,182.68,182.68,0.0,0.0
2025-07-24T06:20:00.372696,BTC-USDT,117540.0,117540.0,0.0,0.0
2025-07-24T06:20:00.372716,ETH-USDT,3557.74,3557.74,0.0,0.0
2025-07-24T06:20:00.372737,BNB-USDT,751.74,751.74,0.0,0.0
2025-07-24T06:20:00.372758,ADA-USDT,0.7826,0.7826,0.0,0.0
2025-07-24T06:20:00.372786,SOL-USDT,182.68,182.68,0.0,0.0
2025-07-24T06:20:00.372807,BTC-USDT,117539.99,117539.99,0.0,0.0
2025-07-24T06:20:00.372828,ETH-USDT,3557.74,3557.74,0.0,0.0
2025-07-24T06:20:00.372850,BNB-USDT,751.79,751.79,0.0,0.0
2025-07-24T06:20:00.372906,ADA-USDT,0.7829,0.7829,0.0,0.0
2025-07-24T06:20:00.372949,SOL-USDT,182.68,182.68,0.0,0.0
2025-07-24T06:20:00.372988,BTC-USDT,117539.99,117539.99,0.0,0.0
2025-07-24T06:20:00.373028,ETH-USDT,3557.74,3557.74,0.0,0.0
2025-07-24T06:20:00.373061,BNB-USDT,751.86,751.86,0.0,0.0
2025-07-24T06:20:00.373096,ADA-USDT,0.7828,0.7828,0.0,0.0
2025-07-24T06:20:00.373133,SOL-USDT,182.72,182.72,0.0,0.0
2025-07-24T06:20:00.373172,BTC-USDT,117546.52,117546.52,0.0,0.0
2025-07-24T06:20:00.373257,ETH-USDT,3557.73,3557.73,0.0,0.0
2025-07-24T06:20:00.373299,BNB-USDT,751.89,751.89,0.0,0.0
2025-07-24T06:20:00.373330,ADA-USDT,0.7828,0.7828,0.0,0.0
2025-07-24T06:20:00.373441,SOL-USDT,182.7,182.7,0.0,0.0
2025-07-24T06:20:00.373476,BTC-USDT,117548.46,117548.46,0.0,0.0
2025-07-24T06:20:00.373516,ETH-USDT,3557.39,3557.39,0.0,0.0
2025-07-24T06:20:00.373547,BNB-USDT,751.72,751.72,0.0,0.0
2025-07-24T06:20:00.373577,ADA-USDT,0.7826,0.7826,0.0,0.0
2025-07-24T06:20:00.373608,SOL-USDT,182.7,182.7,0.0,0.0
2025-07-24T06:20:00.373637,BTC-USDT,117548.46,117548.46,0.0,0.0
2025-07-24T06:20:00.373668,ETH-USDT,3557.38,3557.38,0.0,0.0
2025-07-24T06:20:00.373697,BNB-USDT,751.72,751.72,0.0,0.0
2025-07-24T06:20:00.373727,ADA-USDT,0.7828,0.7828,0.0,0.0
2025-07-24T06:20:00.373758,SOL-USDT,182.73,182.73,0.0,0.0
2025-07-24T06:20:00.373793,BTC-USDT,117548.46,117548.46,0.0,0.0
2025-07-24T06:20:00.373823,ETH-USDT,3557.81,3557.81,0.0,0.0
2025-07-24T06:20:00.373853,BNB-USDT,751.74,751.74,0.0,0.0
2025-07-24T06:20:00.373902,ADA-USDT,0.7828,0.7828,0.0,0.0
2025-07-24T06:20:00.373934,SOL-USDT,182.69,182.69,0.0,0.0
2025-07-24T06:20:00.373963,BTC-USDT,117548.47,117548.47,0.0,0.0
2025-07-24T06:20:00.373993,ETH-USDT,3557.65,3557.65,0.0,0.0
2025-07-24T06:20:00.374022,BNB-USDT,751.71,751.71,0.0,0.0
2025-07-24T06:20:00.374052,ADA-USDT,0.7831,0.7831,0.0,0.0
2025-07-24T06:20:00.374081,SOL-USDT,182.76,182.76,0.0,0.0
2025-07-24T06:20:00.374115,BTC-USDT,117548.46,117548.46,0.0,0.0
2025-07-24T06:20:00.374156,ETH-USDT,3557.64,3557.64,0.0,0.0
2025-07-24T06:20:00.374199,BNB-USDT,751.76,751.76,0.0,0.0
2025-07-24T06:20:00.374240,ADA-USDT,0.7833,0.7833,0.0,0.0
2025-07-24T06:20:00.374280,SOL-USDT,182.83,182.83,0.0,0.0
2025-07-24T06:20:00.374319,BTC-USDT,117548.47,117548.47,0.0,0.0
2025-07-24T06:20:00.374358,ETH-USDT,3558.8,3558.8,0.0,0.0
2025-07-24T06:20:00.374398,BNB-USDT,751.97,751.97,0.0,0.0
2025-07-24T06:20:00.374437,ADA-USDT,0.7837,0.7837,0.0,0.0
2025-07-24T06:20:00.374476,SOL-USDT,182.84,182.84,0.0,0.0
2025-07-24T06:20:00.374515,BTC-USDT,117563.32,117563.32,0.0,0.0
2025-07-24T06:20:00.374554,ETH-USDT,3559.39,3559.39,0.0,0.0
2025-07-24T06:20:00.374592,BNB-USDT,752.0,752.0,0.0,0.0
2025-07-24T06:20:00.374630,ADA-USDT,0.7839,0.7839,0.0,0.0
2025-07-24T06:20:00.374669,SOL-USDT,182.86,182.86,0.0,0.0
2025-07-24T06:20:00.374705,BTC-USDT,117563.32,117563.32,0.0,0.0
2025-07-24T06:20:00.374743,ETH-USDT,3559.39,3559.39,0.0,0.0
2025-07-24T06:20:00.374776,BNB-USDT,751.97,751.97,0.0,0.0
2025-07-24T06:20:00.374804,ADA-USDT,0.784,0.784,0.0,0.0
2025-07-24T06:20:00.374843,SOL-USDT,182.84,182.84,0.0,0.0
2025-07-24T06:20:00.374901,BTC-USDT,117563.34,117563.34,0.0,0.0
2025-07-24T06:20:00.374938,ETH-USDT,3559.4,3559.4,0.0,0.0
2025-07-24T06:20:00.374974,BNB-USDT,751.96,751.96,0.0,0.0
2025-07-24T06:20:00.375004,ADA-USDT,0.7841,0.7841,0.0,0.0
2025-07-24T06:20:00.375034,SOL-USDT,182.87,182.87,0.0,0.0
2025-07-24T06:20:00.375063,BTC-USDT,117565.67,117565.67,0.0,0.0
2025-07-24T06:20:00.375093,ETH-USDT,3559.68,3559.68,0.0,0.0
2025-07-24T06:20:00.375122,BNB-USDT,751.97,751.97,0.0,0.0
2025-07-24T06:20:00.375153,ADA-USDT,0.7845,0.7845,0.0,0.0
2025-07-24T06:20:00.375184,SOL-USDT,182.9,182.9,0.0,0.0
2025-07-24T06:20:00.375215,BTC-USDT,117570.82,117570.82,0.0,0.0
2025-07-24T06:20:00.375245,ETH-USDT,3560.13,3560.13,0.0,0.0
2025-07-24T06:20:00.375274,BNB-USDT,752.15,752.15,0.0,0.0
2025-07-24T06:20:00.375306,ADA-USDT,0.7846,0.7846,0.0,0.0
2025-07-24T06:20:00.375343,SOL-USDT,183.01,183.01,0.0,0.0
2025-07-24T06:20:00.375375,BTC-USDT,117580.0,117580.0,0.0,0.0
2025-07-24T06:20:00.375409,ETH-USDT,3560.61,3560.61,0.0,0.0
2025-07-24T06:20:00.375447,BNB-USDT,752.23,752.23,0.0,0.0
2025-07-24T06:20:00.375488,ADA-USDT,0.7849,0.7849,0.0,0.0
2025-07-24T06:20:00.375530,SOL-USDT,183.06,183.06,0.0,0.0
2025-07-24T06:20:00.375574,BTC-USDT,117589.52,117589.52,0.0,0.0
2025-07-24T06:20:00.375613,ETH-USDT,3560.74,3560.74,0.0,0.0
2025-07-24T06:20:00.375652,BNB-USDT,752.28,752.28,0.0,0.0
2025-07-24T06:20:00.375690,ADA-USDT,0.785,0.785,0.0,0.0
2025-07-24T06:20:00.375730,SOL-USDT,183.09,183.09,0.0,0.0
2025-07-24T06:20:00.375768,BTC-USDT,117589.53,117589.53,0.0,0.0
2025-07-24T06:20:00.375817,ETH-USDT,3560.94,3560.94,0.0,0.0
2025-07-24T06:20:00.375854,BNB-USDT,752.5,752.5,0.0,0.0
2025-07-24T06:20:00.375912,ADA-USDT,0.7852,0.7852,0.0,0.0
2025-07-24T06:20:00.375953,SOL-USDT,183.05,183.05,0.0,0.0
2025-07-24T06:20:00.375992,BTC-USDT,117589.53,117589.53,0.0,0.0
2025-07-24T06:20:00.376029,ETH-USDT,3561.05,3561.05,0.0,0.0
2025-07-24T06:20:00.376066,BNB-USDT,752.5,752.5,0.0,0.0
2025-07-24T06:20:00.376100,ADA-USDT,0.7851,0.7851,0.0,0.0
2025-07-24T06:20:00.376130,SOL-USDT,183.06,183.06,0.0,0.0
2025-07-24T06:20:00.376159,BTC-USDT,117589.53,117589.53,0.0,0.0
2025-07-24T06:20:00.376190,ETH-USDT,3561.07,3561.07,0.0,0.0
2025-07-24T06:20:00.376221,BNB-USDT,752.58,752.58,0.0,0.0
2025-07-24T06:20:00.376251,ADA-USDT,0.7851,0.7851,0.0,0.0
2025-07-24T06:20:00.376281,SOL-USDT,183.08,183.08,0.0,0.0
2025-07-24T06:20:00.376310,BTC-USDT,117589.53,117589.53,0.0,0.0
2025-07-24T06:20:00.376340,ETH-USDT,3561.34,3561.34,0.0,0.0
2025-07-24T06:20:00.376370,BNB-USDT,752.58,752.58,0.0,0.0
2025-07-24T06:20:00.376400,ADA-USDT,0.7849,0.7849,0.0,0.0
2025-07-24T06:20:00.376431,SOL-USDT,183.02,183.02,0.0,0.0
2025-07-24T06:20:00.376460,BTC-USDT,117576.0,117576.0,0.0,0.0
2025-07-24T06:20:00.376489,ETH-USDT,3560.59,3560.59,0.0,0.0
2025-07-24T06:20:00.376519,BNB-USDT,752.54,752.54,0.0,0.0
2025-07-24T06:20:00.376552,ADA-USDT,0.7851,0.7851,0.0,0.0
2025-07-24T06:20:00.376582,SOL-USDT,183.05,183.05,0.0,0.0
2025-07-24T06:20:00.376611,BTC-USDT,117576.01,117576.01,0.0,0.0
2025-07-24T06:20:00.376642,ETH-USDT,3560.59,3560.59,0.0,0.0
2025-07-24T06:20:00.376675,BNB-USDT,752.7,752.7,0.0,0.0
2025-07-24T06:20:00.376710,ADA-USDT,0.7852,0.7852,0.0,0.0
2025-07-24T06:20:00.376744,SOL-USDT,183.01,183.01,0.0,0.0
2025-07-24T06:20:00.376774,BTC-USDT,117576.0,117576.0,0.0,0.0
2025-07-24T06:20:00.376803,ETH-USDT,3560.45,3560.45,0.0,0.0
2025-07-24T06:20:00.376832,BNB-USDT,752.48,752.48,0.0,0.0
2025-07-24T06:20:00.376885,ADA-USDT,0.7846,0.7846,0.0,0.0
2025-07-24T06:20:00.376923,SOL-USDT,183.0,183.0,0.0,0.0
2025-07-24T06:20:00.376957,BTC-USDT,117576.01,117576.01,0.0,0.0
2025-07-24T06:20:00.376998,ETH-USDT,3560.42,3560.42,0.0,0.0
2025-07-24T06:20:00.377040,BNB-USDT,752.38,752.38,0.0,0.0
2025-07-24T06:20:00.377079,ADA-USDT,0.7843,0.7843,0.0,0.0
2025-07-24T06:20:00.784780,SOL-USDT,182.98,182.98,0.0,0.0
2025-07-24T06:20:00.785135,BTC-USDT,117572.01,117572.01,0.0,0.0
2025-07-24T06:20:00.785198,ETH-USDT,3559.51,3559.51,0.0,0.0
2025-07-24T06:20:00.785290,BNB-USDT,752.28,752.28,0.0,0.0
2025-07-24T06:20:00.785403,ADA-USDT,0.7843,0.7843,0.0,0.0
2025-07-24T06:20:00.785456,SOL-USDT,182.96,182.96,0.0,0.0
2025-07-24T06:20:00.785538,BTC-USDT,117563.33,117563.33,0.0,0.0
2025-07-24T06:20:00.785614,ETH-USDT,3559.16,3559.16,0.0,0.0
2025-07-24T06:20:00.785642,BNB-USDT,752.16,752.16,0.0,0.0
2025-07-24T06:20:00.785663,ADA-USDT,0.7842,0.7842,0.0,0.0
2025-07-24T06:20:00.785683,SOL-USDT,182.94,182.94,0.0,0.0
2025-07-24T06:20:00.785699,BTC-USDT,117563.33,117563.33,0.0,0.0
2025-07-24T06:20:00.785715,ETH-USDT,3558.8,3558.8,0.0,0.0
2025-07-24T06:20:00.785731,BNB-USDT,752.16,752.16,0.0,0.0
2025-07-24T06:20:00.785746,ADA-USDT,0.7842,0.7842,0.0,0.0
2025-07-24T06:20:00.785762,SOL-USDT,182.92,182.92,0.0,0.0
2025-07-24T06:20:00.785777,BTC-USDT,117563.32,117563.32,0.0,0.0
2025-07-24T06:20:00.785793,ETH-USDT,3558.44,3558.44,0.0,0.0
2025-07-24T06:20:00.785809,BNB-USDT,752.1,752.1,0.0,0.0
2025-07-24T06:20:00.785824,ADA-USDT,0.7839,0.7839,0.0,0.0
2025-07-24T06:20:00.785841,SOL-USDT,182.91,182.91,0.0,0.0
2025-07-24T06:20:00.785859,BTC-USDT,117563.32,117563.32,0.0,0.0
2025-07-24T06:20:00.785906,ETH-USDT,3558.44,3558.44,0.0,0.0
2025-07-24T06:20:00.785928,ADA-USDT,0.7839,0.7839,0.0,0.0
2025-07-24T06:20:00.785945,SOL-USDT,182.92,182.92,0.0,0.0
2025-07-24T06:20:00.785963,BTC-USDT,117563.33,117563.33,0.0,0.0
2025-07-24T06:20:00.785981,ETH-USDT,3558.61,3558.61,0.0,0.0
2025-07-24T06:20:00.786072,BNB-USDT,752.01,752.01,0.0,0.0
2025-07-24T06:20:00.786102,ADA-USDT,0.7838,0.7838,0.0,0.0
2025-07-24T06:20:00.786144,SOL-USDT,182.88,182.88,0.0,0.0
2025-07-24T06:20:00.786166,BTC-USDT,117563.33,117563.33,0.0,0.0
2025-07-24T06:20:00.786189,ETH-USDT,3558.61,3558.61,0.0,0.0
2025-07-24T06:20:00.786210,BNB-USDT,752.01,752.01,0.0,0.0
2025-07-24T06:20:00.786229,ADA-USDT,0.7839,0.7839,0.0,0.0
2025-07-24T06:20:00.786246,SOL-USDT,182.88,182.88,0.0,0.0
2025-07-24T06:20:00.786264,BTC-USDT,117564.24,117564.24,0.0,0.0
2025-07-24T06:20:00.786281,ETH-USDT,3558.79,3558.79,0.0,0.0
2025-07-24T06:20:00.786298,BNB-USDT,752.11,752.11,0.0,0.0
2025-07-24T06:20:00.786315,ADA-USDT,0.784,0.784,0.0,0.0
2025-07-24T06:20:00.786332,SOL-USDT,182.9,182.9,0.0,0.0
2025-07-24T06:20:00.786350,BTC-USDT,117564.24,117564.24,0.0,0.0
2025-07-24T06:20:00.786367,ETH-USDT,3558.48,3558.48,0.0,0.0
2025-07-24T06:20:00.786384,BNB-USDT,752.09,752.09,0.0,0.0
2025-07-24T06:20:00.786401,ADA-USDT,0.7842,0.7842,0.0,0.0
2025-07-24T06:20:00.786417,SOL-USDT,182.89,182.89,0.0,0.0
2025-07-24T06:20:00.786434,BTC-USDT,117564.24,117564.24,0.0,0.0
2025-07-24T06:20:00.786452,ETH-USDT,3558.35,3558.35,0.0,0.0
2025-07-24T06:20:00.786469,BNB-USDT,752.0,752.0,0.0,0.0
2025-07-24T06:20:00.786485,ADA-USDT,0.784,0.784,0.0,0.0
2025-07-24T06:20:00.786501,SOL-USDT,182.92,182.92,0.0,0.0
2025-07-24T06:20:00.786517,BTC-USDT,117564.24,117564.24,0.0,0.0
2025-07-24T06:20:00.786536,ETH-USDT,3558.31,3558.31,0.0,0.0
2025-07-24T06:20:00.786554,BNB-USDT,752.0,752.0,0.0,0.0
2025-07-24T06:20:00.786571,ADA-USDT,0.7842,0.7842,0.0,0.0
2025-07-24T06:20:00.786589,SOL-USDT,182.95,182.95,0.0,0.0
2025-07-24T06:20:00.786608,BTC-USDT,117564.24,117564.24,0.0,0.0
2025-07-24T06:20:00.786627,ETH-USDT,3558.79,3558.79,0.0,0.0
2025-07-24T06:20:00.786644,BNB-USDT,752.08,752.08,0.0,0.0
2025-07-24T06:20:00.786662,ADA-USDT,0.7845,0.7845,0.0,0.0
2025-07-24T06:20:00.786683,SOL-USDT,182.96,182.96,0.0,0.0
2025-07-24T06:20:00.786702,BTC-USDT,117564.24,117564.24,0.0,0.0
2025-07-24T06:20:00.786720,ETH-USDT,3558.97,3558.97,0.0,0.0
2025-07-24T06:20:00.786738,BNB-USDT,752.08,752.08,0.0,0.0
2025-07-24T06:20:00.786758,ADA-USDT,0.7845,0.7845,0.0,0.0
2025-07-24T06:20:00.786775,SOL-USDT,182.97,182.97,0.0,0.0
2025-07-24T06:20:00.786792,BTC-USDT,117564.23,117564.23,0.0,0.0
2025-07-24T06:20:00.786810,ETH-USDT,3558.97,3558.97,0.0,0.0
2025-07-24T06:20:00.786828,BNB-USDT,752.13,752.13,0.0,0.0
2025-07-24T06:20:00.786847,ADA-USDT,0.7843,0.7843,0.0,0.0
2025-07-24T06:20:00.786864,SOL-USDT,182.94,182.94,0.0,0.0
2025-07-24T06:20:00.788210,BTC-USDT,117564.23,117564.23,0.0,0.0
2025-07-24T06:20:00.788323,ETH-USDT,3558.97,3558.97,0.0,0.0
2025-07-24T06:20:00.788438,BNB-USDT,752.13,752.13,0.0,0.0
2025-07-24T06:20:00.788550,ADA-USDT,0.7843,0.7843,0.0,0.0
2025-07-24T06:20:00.788725,SOL-USDT,182.94,182.94,0.0,0.0
2025-07-24T06:20:00.788804,BTC-USDT,117564.24,117564.24,0.0,0.0
2025-07-24T06:20:00.788841,ETH-USDT,3558.96,3558.96,0.0,0.0
2025-07-24T06:20:00.788895,BNB-USDT,752.11,752.11,0.0,0.0
2025-07-24T06:20:00.788934,ADA-USDT,0.7841,0.7841,0.0,0.0
2025-07-24T06:20:00.788975,SOL-USDT,182.95,182.95,0.0,0.0
2025-07-24T06:20:00.789012,BTC-USDT,117564.23,117564.23,0.0,0.0
2025-07-24T06:20:00.789045,ETH-USDT,3558.96,3558.96,0.0,0.0
2025-07-24T06:20:00.789075,BNB-USDT,752.1,752.1,0.0,0.0
2025-07-24T06:20:00.789104,ADA-USDT,0.7841,0.7841,0.0,0.0
2025-07-24T06:20:00.789132,SOL-USDT,182.94,182.94,0.0,0.0
2025-07-24T06:20:00.789166,BTC-USDT,117564.24,117564.24,0.0,0.0
2025-07-24T06:20:00.789202,ETH-USDT,3558.96,3558.96,0.0,0.0
2025-07-24T06:20:00.789229,BNB-USDT,752.18,752.18,0.0,0.0
2025-07-24T06:20:00.789258,ADA-USDT,0.7842,0.7842,0.0,0.0
2025-07-24T06:20:00.789286,SOL-USDT,182.95,182.95,0.0,0.0
2025-07-24T06:20:00.789312,BTC-USDT,117564.24,117564.24,0.0,0.0
2025-07-24T06:20:00.789341,ETH-USDT,3558.97,3558.97,0.0,0.0
2025-07-24T06:20:00.789374,BNB-USDT,751.34,751.34,0.0,0.0
2025-07-24T06:20:00.789407,ADA-USDT,0.7841,0.7841,0.0,0.0
2025-07-24T06:20:00.789439,SOL-USDT,182.97,182.97,0.0,0.0
2025-07-24T06:20:00.789470,BTC-USDT,117564.23,117564.23,0.0,0.0
2025-07-24T06:20:00.789499,ETH-USDT,3558.96,3558.96,0.0,0.0
2025-07-24T06:20:00.789531,BNB-USDT,751.52,751.52,0.0,0.0
2025-07-24T06:20:00.789565,ADA-USDT,0.7842,0.7842,0.0,0.0
2025-07-24T06:20:00.789598,SOL-USDT,182.97,182.97,0.0,0.0
2025-07-24T06:20:00.789622,BTC-USDT,117564.24,117564.24,0.0,0.0
2025-07-24T06:20:00.789647,ETH-USDT,3558.79,3558.79,0.0,0.0
2025-07-24T06:20:00.789672,BNB-USDT,751.54,751.54,0.0,0.0
2025-07-24T06:20:00.789700,ADA-USDT,0.7841,0.7841,0.0,0.0
2025-07-24T06:20:00.789725,SOL-USDT,182.97,182.97,0.0,0.0
2025-07-24T06:20:00.789751,BTC-USDT,117564.24,117564.24,0.0,0.0
2025-07-24T06:20:00.789777,ETH-USDT,3558.78,3558.78,0.0,0.0
2025-07-24T06:20:00.789801,BNB-USDT,751.55,751.55,0.0,0.0
2025-07-24T06:20:00.789825,ADA-USDT,0.7843,0.7843,0.0,0.0
2025-07-24T06:20:00.789853,SOL-USDT,182.96,182.96,0.0,0.0
2025-07-24T06:20:00.789898,BTC-USDT,117564.24,117564.24,0.0,0.0
2025-07-24T06:20:00.789929,ETH-USDT,3558.78,3558.78,0.0,0.0
2025-07-24T06:20:00.789956,BNB-USDT,751.6,751.6,0.0,0.0
2025-07-24T06:20:00.789983,ADA-USDT,0.7841,0.7841,0.0,0.0
2025-07-24T06:20:00.790011,SOL-USDT,182.95,182.95,0.0,0.0
2025-07-24T06:20:00.790041,BTC-USDT,117564.24,117564.24,0.0,0.0
2025-07-24T06:20:00.790067,ETH-USDT,3558.49,3558.49,0.0,0.0
2025-07-24T06:20:00.790097,BNB-USDT,751.59,751.59,0.0,0.0
2025-07-24T06:20:00.790124,ADA-USDT,0.7841,0.7841,0.0,0.0
2025-07-24T06:20:00.790154,SOL-USDT,182.91,182.91,0.0,0.0
2025-07-24T06:20:00.790180,BTC-USDT,117564.24,117564.24,0.0,0.0
2025-07-24T06:20:00.790203,ETH-USDT,3558.21,3558.21,0.0,0.0
2025-07-24T06:20:00.790225,BNB-USDT,751.57,751.57,0.0,0.0
2025-07-24T06:20:00.790247,ADA-USDT,0.7839,0.7839,0.0,0.0
2025-07-24T06:20:00.790269,SOL-USDT,182.91,182.91,0.0,0.0
2025-07-24T06:20:00.790290,BTC-USDT,117564.24,117564.24,0.0,0.0
2025-07-24T06:20:00.790313,ETH-USDT,3558.01,3558.01,0.0,0.0
2025-07-24T06:20:00.790335,BNB-USDT,751.56,751.56,0.0,0.0
2025-07-24T06:20:00.790357,ADA-USDT,0.7839,0.7839,0.0,0.0
2025-07-24T06:20:00.790378,SOL-USDT,182.91,182.91,0.0,0.0
2025-07-24T06:20:00.790400,BTC-USDT,117563.33,117563.33,0.0,0.0
2025-07-24T06:20:00.790422,ETH-USDT,3557.95,3557.95,0.0,0.0
2025-07-24T06:20:00.790444,BNB-USDT,751.53,751.53,0.0,0.0
2025-07-24T06:20:00.790466,ADA-USDT,0.7838,0.7838,0.0,0.0
2025-07-24T06:20:00.790488,SOL-USDT,182.88,182.88,0.0,0.0
2025-07-24T06:20:00.790514,BTC-USDT,117553.75,117553.75,0.0,0.0
2025-07-24T06:20:00.790539,ETH-USDT,3557.67,3557.67,0.0,0.0
2025-07-24T06:20:00.790563,BNB-USDT,751.46,751.46,0.0,0.0
2025-07-24T06:20:00.790586,ADA-USDT,0.7836,0.7836,0.0,0.0
2025-07-24T06:20:00.790610,SOL-USDT,182.86,182.86,0.0,0.0
2025-07-24T06:20:00.790634,BTC-USDT,117553.76,117553.76,0.0,0.0
2025-07-24T06:20:00.790657,ETH-USDT,3557.66,3557.66,0.0,0.0
2025-07-24T06:20:00.790681,BNB-USDT,751.46,751.46,0.0,0.0
2025-07-24T06:20:00.790704,ADA-USDT,0.7835,0.7835,0.0,0.0
2025-07-24T06:20:00.790728,SOL-USDT,182.89,182.89,0.0,0.0
2025-07-24T06:20:00.790752,BTC-USDT,117553.76,117553.76,0.0,0.0
2025-07-24T06:20:00.790776,ETH-USDT,3557.67,3557.67,0.0,0.0
2025-07-24T06:20:00.790801,BNB-USDT,751.46,751.46,0.0,0.0
2025-07-24T06:20:00.790825,ADA-USDT,0.7834,0.7834,0.0,0.0
2025-07-24T06:20:00.790849,SOL-USDT,182.85,182.85,0.0,0.0
2025-07-24T06:20:00.792092,BTC-USDT,117553.76,117553.76,0.0,0.0
2025-07-24T06:20:00.792194,ETH-USDT,3557.01,3557.01,0.0,0.0
2025-07-24T06:20:00.792245,BNB-USDT,751.38,751.38,0.0,0.0
2025-07-24T06:20:00.792327,ADA-USDT,0.7833,0.7833,0.0,0.0
2025-07-24T06:20:00.792423,SOL-USDT,182.87,182.87,0.0,0.0
2025-07-24T06:20:00.792620,BTC-USDT,117553.76,117553.76,0.0,0.0
2025-07-24T06:20:00.792732,ETH-USDT,3557.36,3557.36,0.0,0.0
2025-07-24T06:20:00.792916,BNB-USDT,751.38,751.38,0.0,0.0
2025-07-24T06:20:00.793142,ADA-USDT,0.7836,0.7836,0.0,0.0
2025-07-24T06:20:00.793229,SOL-USDT,182.85,182.85,0.0,0.0
2025-07-24T06:20:00.793306,BTC-USDT,117553.76,117553.76,0.0,0.0
2025-07-24T06:20:00.793394,ETH-USDT,3557.53,3557.53,0.0,0.0
2025-07-24T06:20:00.793903,BNB-USDT,751.38,751.38,0.0,0.0
2025-07-24T06:20:00.793956,ADA-USDT,0.7833,0.7833,0.0,0.0
2025-07-24T06:20:00.793992,SOL-USDT,182.85,182.85,0.0,0.0
2025-07-24T06:20:00.794021,BTC-USDT,117553.76,117553.76,0.0,0.0
2025-07-24T06:20:00.794055,ETH-USDT,3557.53,3557.53,0.0,0.0
2025-07-24T06:20:00.794088,BNB-USDT,751.34,751.34,0.0,0.0
2025-07-24T06:20:00.794121,ADA-USDT,0.7831,0.7831,0.0,0.0
2025-07-24T06:20:00.794152,SOL-USDT,182.82,182.82,0.0,0.0
2025-07-24T06:20:00.794178,BTC-USDT,117553.76,117553.76,0.0,0.0
2025-07-24T06:20:00.794201,ETH-USDT,3557.53,3557.53,0.0,0.0
2025-07-24T06:20:00.794220,BNB-USDT,751.35,751.35,0.0,0.0
2025-07-24T06:20:00.794240,ADA-USDT,0.7832,0.7832,0.0,0.0
2025-07-24T06:20:00.794260,SOL-USDT,182.79,182.79,0.0,0.0
2025-07-24T06:20:00.794279,BTC-USDT,117553.75,117553.75,0.0,0.0
2025-07-24T06:20:00.794300,ETH-USDT,3557.31,3557.31,0.0,0.0
2025-07-24T06:20:00.794320,BNB-USDT,751.35,751.35,0.0,0.0
2025-07-24T06:20:00.794340,ADA-USDT,0.7833,0.7833,0.0,0.0
2025-07-24T06:20:00.794361,SOL-USDT,182.81,182.81,0.0,0.0
2025-07-24T06:20:00.794382,BTC-USDT,117553.76,117553.76,0.0,0.0
2025-07-24T06:20:00.794403,ETH-USDT,3557.3,3557.3,0.0,0.0
2025-07-24T06:20:00.794422,BNB-USDT,751.35,751.35,0.0,0.0
2025-07-24T06:20:00.794442,ADA-USDT,0.7833,0.7833,0.0,0.0
2025-07-24T06:20:00.794460,SOL-USDT,182.82,182.82,0.0,0.0
2025-07-24T06:20:00.794479,BTC-USDT,117553.76,117553.76,0.0,0.0
2025-07-24T06:20:00.794500,ETH-USDT,3557.31,3557.31,0.0,0.0
2025-07-24T06:20:00.794519,BNB-USDT,751.35,751.35,0.0,0.0
2025-07-24T06:20:00.794540,ADA-USDT,0.7833,0.7833,0.0,0.0
2025-07-24T06:20:00.794559,SOL-USDT,182.82,182.82,0.0,0.0
2025-07-24T06:20:00.794579,BTC-USDT,117553.75,117553.75,0.0,0.0
2025-07-24T06:20:00.794598,ETH-USDT,3557.31,3557.31,0.0,0.0
2025-07-24T06:20:00.794617,BNB-USDT,751.35,751.35,0.0,0.0
2025-07-24T06:20:00.794646,ADA-USDT,0.7833,0.7833,0.0,0.0
2025-07-24T06:20:00.794670,SOL-USDT,182.82,182.82,0.0,0.0
