timestamp,symbol,bid,ask,bid_vol,ask_vol
2025-07-24T06:13:26.169336,BTC-USDT,117684.1,117684.13,1.071824,3.626587
2025-07-24T06:13:26.169613,ETH-USDT,3559.99,3560.01,0.0106,0.0077
2025-07-24T06:13:26.169665,XRP-USDT,3.072,3.0721,9.1,9.7
2025-07-24T06:13:26.169704,BTC-USDT,117684.3,117684.33,1.071824,3.626578
2025-07-24T06:13:26.169764,ETH-USDT,3560.04,3560.06,0.0078,0.0106
2025-07-24T06:13:26.169798,LTC-USDT,109.35,109.36,0.3545,0.1988
2025-07-24T06:13:26.240085,SOL-USDT,183.15,183.17,211.871,54.002
2025-07-24T06:13:26.240151,XRP-USDT,3.0714,3.0715,7.9,12.6
2025-07-24T06:13:26.259802,BTC-USDT,117684.1,117684.13,1.071824,3.626554
2025-07-24T06:13:26.259863,ETH-USDT,3560.27,3560.29,0.0031,0.0041
2025-07-24T06:13:26.478324,BTC-USDT,117684.75,117684.78,1.071824,3.626568
2025-07-24T06:13:26.493156,ETH-USDT,3560.18,3560.2,0.0065,0.0041
2025-07-24T06:13:26.555959,SOL-USDT,183.13,183.16,211.871,129.063
2025-07-24T06:13:26.577537,XRP-USDT,3.0712,3.0713,8.2,5.2
2025-07-24T06:13:26.792536,BTC-USDT,117684.84,117684.87,1.071824,3.626578
2025-07-24T06:13:26.813307,ETH-USDT,3560.09,3560.11,0.0071,0.0096
2025-07-24T06:13:26.842304,LTC-USDT,109.35,109.36,0.3545,0.1988
2025-07-24T06:13:26.909685,XRP-USDT,3.0712,3.0713,8.2,5.2
2025-07-24T06:13:27.082427,BTC-USDT,117684.84,117684.87,1.071824,3.626578
2025-07-24T06:13:27.097015,ETH-USDT,3560.09,3560.11,0.0078,0.0047
2025-07-24T06:13:27.120891,LTC-USDT,109.35,109.36,0.3545,0.1988
2025-07-24T06:13:27.377614,BTC-USDT,117684.85,117684.88,1.071824,3.626584
2025-07-24T06:13:27.408918,ETH-USDT,3560.02,3560.04,0.0099,0.0112
2025-07-24T06:13:27.454067,SOL-USDT,183.13,183.16,211.871,129.063
2025-07-24T06:13:27.471895,XRP-USDT,3.0712,3.0713,8.2,5.2
2025-07-24T06:13:27.692071,BTC-USDT,117684.42,117684.45,1.071824,3.626566
2025-07-24T06:13:27.706770,ETH-USDT,3560.01,3560.03,0.0093,0.0073
2025-07-24T06:13:27.735820,LTC-USDT,109.34,109.35,0.341,0.2111
2025-07-24T06:13:27.989300,BTC-USDT,117684.42,117684.45,1.071824,3.626566
2025-07-24T06:13:27.990855,ETH-USDT,3559.99,3560.01,0.0055,0.0108
2025-07-24T06:13:28.026852,LTC-USDT,109.33,109.34,0.1378,0.1604
2025-07-24T06:13:28.117654,SOL-USDT,183.11,183.14,118.874,549.383
2025-07-24T06:13:28.136170,XRP-USDT,3.0711,3.0712,4.0,9.1
2025-07-24T06:13:28.291970,BTC-USDT,117684.28,117684.31,1.071824,3.626552
2025-07-24T06:13:28.305960,ETH-USDT,3559.96,3559.98,0.0056,0.0076
2025-07-24T06:13:28.394640,XRP-USDT,3.0707,3.0708,12.3,9.7
2025-07-24T06:13:28.613696,ETH-USDT,3559.89,3559.91,0.0057,0.0034
2025-07-24T06:13:28.682517,XRP-USDT,3.07,3.0701,9.4,7.7
2025-07-24T06:13:28.927468,LTC-USDT,109.33,109.34,0.1378,0.1604
2025-07-24T06:13:28.960989,SOL-USDT,183.11,183.14,118.874,549.383
2025-07-24T06:13:29.186818,BTC-USDT,117684.28,117684.31,0.181958,4.508399
2025-07-24T06:13:29.208560,ETH-USDT,3559.84,3559.86,0.008,0.0093
2025-07-24T06:13:29.233572,LTC-USDT,109.31,109.32,0.1795,0.3077
2025-07-24T06:13:29.516322,BTC-USDT,117684.27,117684.3,0.181958,4.507646
2025-07-24T06:13:29.533711,ETH-USDT,3559.84,3559.86,0.0099,0.0079
2025-07-24T06:13:29.609524,SOL-USDT,183.1,183.13,118.874,249.3
2025-07-24T06:13:29.618639,XRP-USDT,3.0701,3.0703,5.7,8.7
2025-07-24T06:13:29.789670,BTC-USDT,117684.27,117684.3,0.181958,4.507646
2025-07-24T06:13:29.811929,ETH-USDT,3559.8,3559.82,0.0086,0.011
2025-07-24T06:13:29.870799,SOL-USDT,183.1,183.13,118.874,249.3
2025-07-24T06:13:29.881977,XRP-USDT,3.0701,3.0703,5.7,8.7
2025-07-24T06:13:30.105995,ETH-USDT,3559.79,3559.81,0.0092,0.0028
2025-07-24T06:13:30.138707,LTC-USDT,109.31,109.32,0.1795,0.3077
2025-07-24T06:13:30.175763,SOL-USDT,183.1,183.13,118.874,249.3
2025-07-24T06:13:30.406549,BTC-USDT,117684.28,117684.31,0.181958,4.508399
2025-07-24T06:13:30.429765,ETH-USDT,3559.79,3559.81,0.0101,0.0085
2025-07-24T06:13:30.711897,BTC-USDT,117684.27,117684.3,0.181958,4.507646
2025-07-24T06:13:30.726408,ETH-USDT,3559.76,3559.78,0.0036,0.0102
2025-07-24T06:13:30.751914,LTC-USDT,109.31,109.32,0.1795,0.3077
2025-07-24T06:13:30.779097,SOL-USDT,183.1,183.13,118.874,249.3
2025-07-24T06:13:30.815557,XRP-USDT,3.0701,3.0703,5.7,8.7
2025-07-24T06:13:31.000536,BTC-USDT,117683.87,117683.9,0.181958,4.508393
2025-07-24T06:13:31.069650,ETH-USDT,3559.31,3559.33,0.005,0.005
2025-07-24T06:13:31.139665,SOL-USDT,183.08,183.11,118.874,584.799
2025-07-24T06:13:31.164453,XRP-USDT,3.0697,3.0699,6.6,12.4
2025-07-24T06:13:31.307600,BTC-USDT,117683.25,117683.28,0.181958,4.508393
2025-07-24T06:13:31.330283,ETH-USDT,3559.27,3559.29,0.0055,0.0028
2025-07-24T06:13:31.388713,XRP-USDT,3.0693,3.0694,11.4,4.4
2025-07-24T06:13:31.391635,SOL-USDT,183.08,183.11,119.966,584.799
2025-07-24T06:13:31.623932,ETH-USDT,3559.16,3559.18,0.0074,0.0059
2025-07-24T06:13:31.623985,BTC-USDT,117675.87,117675.9,0.182733,4.5084
2025-07-24T06:13:31.642516,LTC-USDT,109.31,109.32,0.1795,0.3077
2025-07-24T06:13:31.698462,XRP-USDT,3.0693,3.0694,11.4,4.4
2025-07-24T06:13:31.907444,BTC-USDT,117674.76,117674.79,0.182687,4.508422
2025-07-24T06:13:31.933634,ETH-USDT,3558.57,3558.59,0.0036,0.0101
2025-07-24T06:13:31.959845,LTC-USDT,109.28,109.29,0.2364,0.2604
2025-07-24T06:13:31.996353,SOL-USDT,183.08,183.11,119.966,584.799
2025-07-24T06:13:32.027667,XRP-USDT,3.0692,3.0693,25.0,7.9
2025-07-24T06:13:32.513416,BTC-USDT,117674.32,117674.35,0.182749,0.000793
2025-07-24T06:13:32.525690,ETH-USDT,3558.52,3558.54,0.0107,0.0074
2025-07-24T06:13:32.548592,LTC-USDT,109.28,109.29,0.2364,0.2604
2025-07-24T06:13:32.605134,XRP-USDT,3.0692,3.0693,25.0,7.9
2025-07-24T06:13:32.804396,BTC-USDT,117674.16,117674.2,0.182709,4.508382
2025-07-24T06:13:32.827009,ETH-USDT,3558.53,3558.56,0.0106,0.0058
2025-07-24T06:13:32.886565,SOL-USDT,183.08,183.11,119.966,584.799
2025-07-24T06:13:32.916414,XRP-USDT,3.0692,3.0694,25.0,12877.1
2025-07-24T06:13:33.130092,BTC-USDT,117674.16,117674.2,0.182709,4.508382
2025-07-24T06:13:33.157305,LTC-USDT,109.29,109.31,0.3172,0.1578
2025-07-24T06:13:33.157360,ETH-USDT,3558.43,3558.45,0.0112,0.0107
2025-07-24T06:13:33.412185,BTC-USDT,117674.16,117674.2,0.182709,4.508382
2025-07-24T06:13:33.492214,ETH-USDT,3558.42,3558.44,0.0099,0.0067
2025-07-24T06:13:33.510153,SOL-USDT,183.1,183.11,118.328,248.754
2025-07-24T06:13:33.510198,XRP-USDT,3.0699,3.07,3.9,9.8
2025-07-24T06:13:33.701973,BTC-USDT,117674.26,117674.29,0.181958,4.508391
2025-07-24T06:13:33.721969,ETH-USDT,3558.45,3558.47,0.0087,0.009
2025-07-24T06:13:33.755432,LTC-USDT,109.3,109.32,0.1189,0.2335
2025-07-24T06:13:34.051648,BTC-USDT,117674.26,117674.3,0.181958,4.508442
2025-07-24T06:13:34.070283,ETH-USDT,3558.45,3558.47,0.0087,0.009
2025-07-24T06:13:34.093538,LTC-USDT,109.3,109.32,0.1189,0.2335
2025-07-24T06:13:34.147214,SOL-USDT,183.1,183.11,118.328,248.754
2025-07-24T06:13:34.157480,XRP-USDT,3.0692,3.0693,25.0,7756.4
2025-07-24T06:13:34.330570,ETH-USDT,3558.44,3558.46,0.0062,0.0051
2025-07-24T06:13:34.616220,BTC-USDT,117674.4,117674.43,0.181958,4.50843
2025-07-24T06:13:34.629180,ETH-USDT,3558.44,3558.46,0.0056,0.0106
2025-07-24T06:13:34.720898,XRP-USDT,3.0692,3.0693,25.0,7756.4
2025-07-24T06:13:34.918026,BTC-USDT,117674.96,117675.0,0.181958,4.508426
2025-07-24T06:13:34.968788,ETH-USDT,3558.34,3558.36,0.0041,0.0053
2025-07-24T06:13:34.973376,LTC-USDT,109.3,109.32,0.1189,0.2335
2025-07-24T06:13:35.011448,SOL-USDT,183.1,183.11,118.328,248.754
2025-07-24T06:13:35.222527,BTC-USDT,117674.95,117674.99,0.181958,4.508441
2025-07-24T06:13:35.251649,ETH-USDT,3557.4,3558.35,30.8159,0.0069
2025-07-24T06:13:35.355380,SOL-USDT,183.1,183.13,118.874,551.585
2025-07-24T06:13:35.365194,XRP-USDT,3.0692,3.0693,25.0,7.3
2025-07-24T06:13:35.519204,BTC-USDT,117664.87,117664.9,0.182759,4.508382
2025-07-24T06:13:35.545802,ETH-USDT,3557.4,3558.35,30.8159,0.0069
2025-07-24T06:13:35.557519,LTC-USDT,109.27,109.3,35.6457,41.6577
2025-07-24T06:13:35.613042,XRP-USDT,3.0692,3.0693,25.0,7.3
2025-07-24T06:13:35.827919,BTC-USDT,117664.87,117664.9,0.182759,4.508305
2025-07-24T06:13:35.850440,ETH-USDT,3557.22,3558.16,30.8368,0.0102
2025-07-24T06:13:35.915562,XRP-USDT,3.0682,3.0683,3.7,5.6
2025-07-24T06:13:35.918031,SOL-USDT,183.1,183.13,118.874,551.585
2025-07-24T06:13:36.127790,BTC-USDT,117658.52,117658.56,0.181958,4.508411
2025-07-24T06:13:36.147452,ETH-USDT,3556.95,3556.97,0.0084,0.0053
2025-07-24T06:13:36.168603,LTC-USDT,109.27,109.3,35.6457,41.6577
2025-07-24T06:13:36.536158,SOL-USDT,183.1,183.13,118.874,551.585
2025-07-24T06:13:36.554011,BTC-USDT,117658.52,117658.56,0.181958,4.508411
2025-07-24T06:13:36.729099,BTC-USDT,117657.22,117657.26,0.1827,4.508379
2025-07-24T06:13:36.741808,ETH-USDT,3556.94,3556.96,0.0047,0.0072
2025-07-24T06:13:36.787791,LTC-USDT,109.27,109.3,35.6457,41.6577
2025-07-24T06:13:36.818699,XRP-USDT,3.0682,3.0683,3.7,5.6
2025-07-24T06:13:37.042026,BTC-USDT,117657.16,117657.2,0.182736,4.508383
2025-07-24T06:13:37.056239,ETH-USDT,3556.82,3556.84,0.0102,0.0052
2025-07-24T06:13:37.091941,LTC-USDT,109.27,109.3,35.6457,41.6577
2025-07-24T06:13:37.119429,SOL-USDT,183.08,183.11,1.092,72.428
2025-07-24T06:13:37.144612,XRP-USDT,3.068,3.0682,0.6,7756.4
2025-07-24T06:13:37.338616,BTC-USDT,117657.09,117657.13,0.180966,4.5084
2025-07-24T06:13:37.352026,ETH-USDT,3556.77,3556.79,0.009,0.0086
2025-07-24T06:13:37.404080,LTC-USDT,109.25,109.28,0.2285,18.1956
2025-07-24T06:13:37.639201,BTC-USDT,117657.08,117657.12,0.182721,4.507646
2025-07-24T06:13:37.675652,ETH-USDT,3556.73,3556.75,0.0107,0.007
2025-07-24T06:13:37.698453,LTC-USDT,109.25,109.28,0.2285,18.1956
2025-07-24T06:13:37.743963,SOL-USDT,183.08,183.1,1.092,1137.678
2025-07-24T06:13:37.754463,XRP-USDT,3.0673,3.0674,4.4,4.5
2025-07-24T06:13:37.935664,BTC-USDT,117651.32,117651.35,0.182689,4.508394
2025-07-24T06:13:37.945267,ETH-USDT,3556.17,3556.19,0.0078,0.0107
2025-07-24T06:13:37.971524,LTC-USDT,109.27,109.28,0.1648,0.3211
2025-07-24T06:13:38.261167,ETH-USDT,3556.18,3556.2,0.0099,0.0043
2025-07-24T06:13:38.318772,SOL-USDT,183.08,183.1,1.092,1137.678
2025-07-24T06:13:38.340551,XRP-USDT,3.0674,3.0675,11.9,4.7
2025-07-24T06:13:38.527535,BTC-USDT,117633.61,117633.64,0.182698,4.508437
2025-07-24T06:13:38.548489,ETH-USDT,3556.18,3556.2,0.0083,0.0073
2025-07-24T06:13:38.570206,LTC-USDT,109.26,109.28,0.1424,0.1937
2025-07-24T06:13:38.622980,XRP-USDT,3.0677,3.0678,10.6,11.2
2025-07-24T06:13:38.833359,BTC-USDT,117632.16,117632.19,0.18271,4.50841
2025-07-24T06:13:38.853961,ETH-USDT,3556.18,3556.2,0.0093,0.0058
2025-07-24T06:13:38.888307,LTC-USDT,109.26,109.28,0.1424,0.1937
2025-07-24T06:13:38.921989,SOL-USDT,183.08,183.1,1.092,1137.678
2025-07-24T06:13:39.129904,BTC-USDT,117631.86,117631.89,1.051497,8.564755
2025-07-24T06:13:39.143643,ETH-USDT,3556.2,3556.22,0.0033,0.0041
2025-07-24T06:13:39.167382,LTC-USDT,109.26,109.28,0.1424,0.1937
2025-07-24T06:13:39.212245,XRP-USDT,3.0677,3.0678,10.6,11.2
2025-07-24T06:13:39.528567,BTC-USDT,117631.3,117631.33,1.051502,8.564755
2025-07-24T06:13:39.537217,LTC-USDT,109.26,109.28,0.1424,0.1937
2025-07-24T06:13:39.537270,ETH-USDT,3556.24,3556.26,0.0103,0.0061
2025-07-24T06:13:39.602603,SOL-USDT,183.08,183.09,1.092,148.86
2025-07-24T06:13:39.602814,XRP-USDT,3.0691,3.0695,15213.9,4.4
2025-07-24T06:13:39.747724,BTC-USDT,117630.5,117630.53,1.051573,8.56549
2025-07-24T06:13:39.795351,ETH-USDT,3556.63,3556.65,0.0044,0.0068
2025-07-24T06:13:39.861620,LTC-USDT,109.29,109.31,0.1865,0.1526
2025-07-24T06:13:39.943408,SOL-USDT,183.08,183.09,1.092,148.86
2025-07-24T06:13:40.004195,XRP-USDT,3.0696,3.0698,7.8,12.4
2025-07-24T06:13:40.036046,BTC-USDT,117630.5,117630.54,1.051573,8.565531
2025-07-24T06:13:40.036322,ETH-USDT,3556.68,3556.7,0.0093,0.004
2025-07-24T06:13:40.059492,LTC-USDT,109.29,109.31,0.1865,0.1526
2025-07-24T06:13:40.065418,SOL-USDT,183.08,183.09,142.794,68.479
2025-07-24T06:13:40.308096,BTC-USDT,117630.5,117630.53,1.050772,8.564755
2025-07-24T06:13:40.321117,ETH-USDT,3556.74,3556.76,0.0058,0.0049
2025-07-24T06:13:40.343941,SOL-USDT,183.08,183.09,142.794,68.479
2025-07-24T06:13:40.346630,XRP-USDT,3.0689,3.069,3.7,12.0
2025-07-24T06:13:40.715680,ETH-USDT,3556.86,3556.88,0.0048,0.0034
2025-07-24T06:13:40.799815,XRP-USDT,3.0689,3.069,3.7,12.0
2025-07-24T06:13:40.942344,ETH-USDT,3556.88,3556.9,0.0093,0.0078
2025-07-24T06:13:40.949310,LTC-USDT,109.29,109.31,0.1865,0.1526
2025-07-24T06:13:41.209675,BTC-USDT,117630.5,117630.53,1.050772,8.564755
2025-07-24T06:13:41.229107,ETH-USDT,3556.82,3556.84,0.0092,0.01
2025-07-24T06:13:41.250706,LTC-USDT,109.3,109.31,0.1238,0.3159
2025-07-24T06:13:41.278299,SOL-USDT,183.08,183.09,142.794,68.479
2025-07-24T06:13:41.299425,XRP-USDT,3.07,3.0702,5.2,6.3
2025-07-24T06:13:41.545082,BTC-USDT,117630.5,117630.54,1.050772,8.565531
2025-07-24T06:13:41.584256,ETH-USDT,3556.83,3556.85,0.0046,0.01
2025-07-24T06:13:41.621582,LTC-USDT,109.3,109.31,0.1238,0.3159
2025-07-24T06:13:41.697546,XRP-USDT,3.0701,3.0703,9.3,7.0
2025-07-24T06:13:41.845090,ETH-USDT,3557.18,3557.22,0.0085,0.0111
2025-07-24T06:13:41.861715,LTC-USDT,109.33,109.34,0.1683,0.3198
2025-07-24T06:13:41.893119,SOL-USDT,183.1,183.11,141.156,69.025
2025-07-24T06:13:42.121635,BTC-USDT,117630.5,117630.54,1.050772,8.565531
2025-07-24T06:13:42.154829,ETH-USDT,3557.63,3557.65,0.0054,0.0075
2025-07-24T06:13:42.212245,LTC-USDT,109.35,109.36,0.1171,0.2609
2025-07-24T06:13:42.215726,SOL-USDT,183.11,183.13,141.702,69.025
2025-07-24T06:13:42.243098,XRP-USDT,3.0708,3.071,8.2,12.9
2025-07-24T06:13:42.437716,BTC-USDT,117630.61,117630.65,1.050772,8.565501
2025-07-24T06:13:42.464820,ETH-USDT,3557.9,3557.92,0.0091,0.008
2025-07-24T06:13:42.555333,SOL-USDT,183.17,183.19,141.157,69.025
2025-07-24T06:13:42.586643,XRP-USDT,3.0722,3.0723,12.5,4.3
2025-07-24T06:13:42.730654,BTC-USDT,117631.14,117631.18,1.050772,8.56554
2025-07-24T06:13:42.739285,ETH-USDT,3558.08,3558.1,0.0045,0.0088
2025-07-24T06:13:42.805528,LTC-USDT,109.38,109.39,0.2872,0.3278
2025-07-24T06:13:42.852309,XRP-USDT,3.0722,3.0723,12.5,4.3
2025-07-24T06:13:43.022178,BTC-USDT,117631.14,117631.18,1.050772,8.56554
2025-07-24T06:13:43.092092,ETH-USDT,3558.06,3558.08,0.0088,0.0071
2025-07-24T06:13:43.110853,SOL-USDT,183.15,183.17,141.702,69.025
2025-07-24T06:13:43.126797,XRP-USDT,3.072,3.0722,3.3,8.7
2025-07-24T06:13:43.354958,ETH-USDT,3558.06,3558.08,0.0061,0.0052
2025-07-24T06:13:43.367751,BTC-USDT,117631.25,117631.29,1.050772,8.565528
2025-07-24T06:13:43.455697,SOL-USDT,183.15,183.17,141.702,69.025
2025-07-24T06:13:43.622783,BTC-USDT,117631.99,117632.03,1.050772,8.565511
2025-07-24T06:13:43.650296,ETH-USDT,3558.11,3558.13,0.008,0.0059
2025-07-24T06:13:43.669548,LTC-USDT,109.41,109.42,0.1826,0.2765
2025-07-24T06:13:43.725553,XRP-USDT,3.072,3.0722,3.3,8.7
2025-07-24T06:13:43.936893,BTC-USDT,117631.99,117632.03,1.050772,8.565511
2025-07-24T06:13:43.953236,ETH-USDT,3558.37,3558.39,0.0051,0.0089
2025-07-24T06:13:43.979550,LTC-USDT,109.41,109.42,0.1826,0.2765
2025-07-24T06:13:44.065179,SOL-USDT,183.17,183.19,141.157,69.025
2025-07-24T06:13:44.069127,XRP-USDT,3.0724,3.0725,7.2,9.7
2025-07-24T06:13:44.241156,BTC-USDT,117632.19,117632.23,1.050772,8.565529
2025-07-24T06:13:44.260536,ETH-USDT,3558.44,3558.47,0.0032,0.0062
2025-07-24T06:13:44.300152,LTC-USDT,109.42,109.45,17.3788,0.3229
2025-07-24T06:13:44.364443,SOL-USDT,183.21,183.23,141.702,69.039
2025-07-24T06:13:44.382985,XRP-USDT,3.0729,3.073,8.6,5.2
2025-07-24T06:13:44.540902,BTC-USDT,117638.42,117638.45,1.050772,8.5655
2025-07-24T06:13:44.673920,LTC-USDT,109.44,109.47,17.4894,0.0948
2025-07-24T06:13:44.674711,ETH-USDT,3558.87,3558.9,0.0105,0.0082
2025-07-24T06:13:44.701465,SOL-USDT,183.22,183.23,82.844,0.014
2025-07-24T06:13:44.727156,XRP-USDT,3.0733,3.0734,10.4,4.4
2025-07-24T06:13:44.842381,BTC-USDT,117648.83,117648.86,1.050773,8.565515
2025-07-24T06:13:44.847993,ETH-USDT,3559.18,3559.2,0.0065,0.0107
2025-07-24T06:13:44.870056,LTC-USDT,109.44,109.47,17.4894,0.0948
2025-07-24T06:13:44.928437,SOL-USDT,183.22,183.23,82.844,0.014
2025-07-24T06:13:44.930184,XRP-USDT,3.0736,3.0738,7.4,6.5
2025-07-24T06:13:45.139588,BTC-USDT,117655.75,117655.79,1.050773,8.565514
2025-07-24T06:13:45.199909,LTC-USDT,109.44,109.47,17.4894,0.0948
2025-07-24T06:13:45.487739,BTC-USDT,117655.75,117655.79,1.050773,8.565514
2025-07-24T06:13:45.516590,ETH-USDT,3559.35,3559.37,0.0081,0.005
2025-07-24T06:13:45.547427,LTC-USDT,109.46,109.49,0.2355,22.8883
2025-07-24T06:13:45.582515,SOL-USDT,183.21,183.23,667.927,0.014
2025-07-24T06:13:45.600355,XRP-USDT,3.0738,3.0739,4.6,9.8
2025-07-24T06:13:45.784847,LTC-USDT,109.5,109.51,0.172,0.3416
2025-07-24T06:13:46.043465,BTC-USDT,117664.12,117664.15,1.051551,8.565482
2025-07-24T06:13:46.077927,ETH-USDT,3559.51,3559.57,0.0093,0.0079
2025-07-24T06:13:46.144320,LTC-USDT,109.51,109.53,0.2479,22.8983
2025-07-24T06:13:46.154986,XRP-USDT,3.0738,3.0739,4.6,9.8
2025-07-24T06:13:46.341546,BTC-USDT,117662.6,117662.64,1.051568,8.565562
2025-07-24T06:13:46.363535,ETH-USDT,3559.51,3559.57,0.0093,0.0079
2025-07-24T06:13:46.390194,LTC-USDT,109.49,109.51,0.1455,22.7816
2025-07-24T06:13:46.441183,SOL-USDT,183.22,183.23,920.733,0.014
2025-07-24T06:13:46.457234,XRP-USDT,3.0738,3.074,14507.7,0.6
2025-07-24T06:13:46.635998,BTC-USDT,117662.62,117662.65,1.050773,8.565494
2025-07-24T06:13:46.654126,ETH-USDT,3559.87,3559.89,0.0077,0.0086
2025-07-24T06:13:46.719228,XRP-USDT,3.0738,3.074,14507.7,0.6
2025-07-24T06:13:46.955345,ETH-USDT,3559.87,3559.89,0.0098,0.0068
2025-07-24T06:13:47.003906,LTC-USDT,109.49,109.51,0.1455,22.7816
2025-07-24T06:13:47.043215,XRP-USDT,3.0738,3.074,14507.7,0.6
2025-07-24T06:13:47.241157,BTC-USDT,117664.28,117664.31,1.050773,8.565487
2025-07-24T06:13:47.259959,ETH-USDT,3559.87,3559.89,0.0098,0.0068
2025-07-24T06:13:47.282152,LTC-USDT,109.5,109.53,0.2163,10.9169
2025-07-24T06:13:47.328202,SOL-USDT,183.22,183.23,920.733,0.014
2025-07-24T06:13:47.540451,BTC-USDT,117662.79,117662.83,1.050773,8.565485
2025-07-24T06:13:47.555535,ETH-USDT,3559.88,3559.9,0.0038,0.0098
2025-07-24T06:13:47.569980,LTC-USDT,109.52,109.54,0.138,10.6752
2025-07-24T06:13:47.626486,XRP-USDT,3.0739,3.074,4.1,0.6
2025-07-24T06:13:47.847208,BTC-USDT,117664.46,117664.49,1.050773,8.565505
2025-07-24T06:13:47.866129,ETH-USDT,3559.87,3559.89,0.0042,0.0107
2025-07-24T06:13:47.897461,LTC-USDT,109.51,109.53,0.2655,10.7456
2025-07-24T06:13:47.955109,SOL-USDT,183.22,183.23,920.733,0.014
2025-07-24T06:13:47.980009,XRP-USDT,3.0738,3.0739,5.4,6.7
2025-07-24T06:13:48.197814,ETH-USDT,3559.9,3559.92,0.0086,0.0053
2025-07-24T06:13:48.486716,BTC-USDT,117664.76,117664.79,1.050773,8.56548
2025-07-24T06:13:48.490390,ETH-USDT,3559.9,3559.92,0.0044,0.0097
2025-07-24T06:13:48.523611,LTC-USDT,109.5,109.51,0.3579,0.162
2025-07-24T06:13:48.544051,SOL-USDT,183.22,183.23,920.733,0.014
2025-07-24T06:13:48.565379,XRP-USDT,3.0739,3.074,8459.4,0.6
2025-07-24T06:13:48.799518,BTC-USDT,117664.75,117664.78,1.050773,8.564756
2025-07-24T06:13:48.825856,ETH-USDT,3559.9,3559.92,0.0055,0.0068
2025-07-24T06:13:48.894542,XRP-USDT,3.0739,3.074,9.1,3.9
2025-07-24T06:13:49.175899,LTC-USDT,109.51,109.53,0.2186,10.7591
2025-07-24T06:13:49.392840,BTC-USDT,117664.74,117664.77,1.050773,8.564756
2025-07-24T06:13:49.405734,ETH-USDT,3559.92,3559.94,0.0076,0.0065
2025-07-24T06:13:49.470897,SOL-USDT,183.22,183.23,920.733,0.014
2025-07-24T06:13:49.476464,XRP-USDT,3.0745,3.0747,7.7,9.4
2025-07-24T06:13:49.684778,BTC-USDT,117664.75,117664.79,1.050773,8.56548
2025-07-24T06:13:49.700823,ETH-USDT,3559.93,3559.95,0.0101,0.0062
2025-07-24T06:13:49.713344,LTC-USDT,109.53,109.54,0.1225,0.1768
2025-07-24T06:13:49.777416,XRP-USDT,3.0746,3.0748,7.6,4.4
2025-07-24T06:13:50.011435,ETH-USDT,3559.94,3559.96,0.0069,0.0041
2025-07-24T06:13:50.088373,SOL-USDT,183.22,183.23,920.733,0.014
2025-07-24T06:13:50.284612,BTC-USDT,117665.01,117665.04,4.593947,0.945194
2025-07-24T06:13:50.311522,ETH-USDT,3559.99,3560.01,0.003,0.0107
2025-07-24T06:13:50.332422,LTC-USDT,109.53,109.54,23.1101,0.0026
2025-07-24T06:13:50.380686,XRP-USDT,3.0745,3.0747,4.4,4.7
2025-07-24T06:13:50.583024,BTC-USDT,117665.02,117665.05,4.593947,0.94522
2025-07-24T06:13:50.601290,ETH-USDT,3560.07,3560.09,0.0104,0.0066
2025-07-24T06:13:50.698262,LTC-USDT,109.53,109.54,22.1972,0.0026
2025-07-24T06:13:50.738365,XRP-USDT,3.0745,3.0747,4.4,4.7
2025-07-24T06:13:50.960182,ETH-USDT,3560.07,3560.09,0.0092,0.0029
2025-07-24T06:13:50.999966,LTC-USDT,109.53,109.54,23.1101,0.0026
2025-07-24T06:13:51.031305,SOL-USDT,183.22,183.23,920.733,0.014
2025-07-24T06:13:51.054077,XRP-USDT,3.0745,3.0747,4.4,4.7
2025-07-24T06:13:51.219639,ETH-USDT,3560.07,3560.09,0.0068,0.0079
2025-07-24T06:13:51.485736,BTC-USDT,117665.25,117665.28,4.593947,0.945259
2025-07-24T06:13:51.508349,ETH-USDT,3560.07,3560.09,0.007,0.009
2025-07-24T06:13:51.526321,LTC-USDT,109.53,109.54,23.1101,0.0026
2025-07-24T06:13:51.559275,SOL-USDT,183.22,183.23,920.733,0.014
2025-07-24T06:13:51.560728,XRP-USDT,3.0745,3.0747,4.4,4.7
2025-07-24T06:13:51.802573,BTC-USDT,117665.26,117665.29,4.593947,0.945247
2025-07-24T06:13:52.099321,BTC-USDT,117665.4,117665.43,4.593947,0.945202
2025-07-24T06:13:52.126959,ETH-USDT,3560.05,3560.07,0.0101,0.0032
2025-07-24T06:13:52.187553,LTC-USDT,109.53,109.54,0.3457,0.1748
2025-07-24T06:13:52.216593,XRP-USDT,3.0737,3.0738,5.2,7.2
2025-07-24T06:13:52.391728,BTC-USDT,117665.4,117665.43,4.593947,0.945202
2025-07-24T06:13:52.419976,ETH-USDT,3559.95,3559.97,0.0068,0.0035
2025-07-24T06:13:52.444582,LTC-USDT,109.48,109.49,0.1331,0.1754
2025-07-24T06:13:52.473715,SOL-USDT,183.22,183.23,920.733,0.014
2025-07-24T06:13:52.695842,BTC-USDT,117665.23,117665.26,4.593947,0.944456
2025-07-24T06:13:52.716388,ETH-USDT,3559.71,3559.72,0.0102,0.01
2025-07-24T06:13:52.747076,LTC-USDT,109.48,109.49,0.1331,0.1754
2025-07-24T06:13:52.803686,XRP-USDT,3.0727,3.0729,11.0,8.2
2025-07-24T06:13:53.021579,ETH-USDT,3559.71,3559.72,0.0102,0.01
2025-07-24T06:13:53.077459,SOL-USDT,183.22,183.23,920.733,0.014
2025-07-24T06:13:53.105655,XRP-USDT,3.0727,3.0729,11.0,8.2
2025-07-24T06:13:53.289633,BTC-USDT,117665.01,117665.04,4.593947,0.944456
2025-07-24T06:13:53.317374,ETH-USDT,3559.67,3559.69,0.0089,0.009
2025-07-24T06:13:53.385950,SOL-USDT,183.22,183.23,920.733,0.014
2025-07-24T06:13:53.404376,XRP-USDT,3.0729,3.073,3.4,4.6
2025-07-24T06:13:53.674709,LTC-USDT,109.48,109.49,0.1331,0.1754
2025-07-24T06:13:53.788965,XRP-USDT,3.0729,3.073,3.4,4.6
2025-07-24T06:13:53.897346,BTC-USDT,117665.01,117665.04,4.593947,0.944456
2025-07-24T06:13:53.911671,ETH-USDT,3559.67,3559.69,0.0095,0.0056
2025-07-24T06:13:53.939437,LTC-USDT,109.48,109.49,0.1331,0.1754
2025-07-24T06:13:53.981520,SOL-USDT,183.22,183.23,920.733,0.014
2025-07-24T06:13:53.991661,XRP-USDT,3.0729,3.073,3.4,4.6
2025-07-24T06:13:54.211282,BTC-USDT,117665.22,117665.25,4.593947,0.944456
2025-07-24T06:13:54.231660,ETH-USDT,3559.67,3559.69,0.0035,0.01
2025-07-24T06:13:54.257578,LTC-USDT,109.46,109.48,23.3697,0.2816
2025-07-24T06:13:54.291239,SOL-USDT,183.22,183.23,920.733,0.014
2025-07-24T06:13:54.498572,BTC-USDT,117664.99,117665.02,4.593947,0.944456
2025-07-24T06:13:54.511435,ETH-USDT,3559.67,3559.69,0.0087,0.0068
2025-07-24T06:13:54.553207,LTC-USDT,109.46,109.48,23.3697,0.2816
2025-07-24T06:13:54.592188,XRP-USDT,3.0729,3.073,8.4,9.2
2025-07-24T06:13:54.818680,ETH-USDT,3559.72,3559.74,0.0109,0.0038
2025-07-24T06:13:55.098392,BTC-USDT,117664.33,117664.36,4.593947,0.944456
2025-07-24T06:13:55.112840,ETH-USDT,3559.7,3559.72,0.0068,0.009
2025-07-24T06:13:55.146521,LTC-USDT,109.46,109.48,23.3697,0.2816
2025-07-24T06:13:55.199945,SOL-USDT,183.22,183.23,920.733,0.014
2025-07-24T06:13:55.201045,XRP-USDT,3.0729,3.073,11.5,12.4
2025-07-24T06:13:55.395415,BTC-USDT,117664.42,117664.45,4.593947,0.944456
2025-07-24T06:13:55.412629,ETH-USDT,3559.71,3559.73,0.0049,0.0077
2025-07-24T06:13:55.442830,LTC-USDT,109.48,109.49,0.1311,0.104
2025-07-24T06:13:55.704933,BTC-USDT,117664.31,117664.34,4.593947,0.944456
2025-07-24T06:13:55.729216,ETH-USDT,3559.71,3559.73,0.0068,0.0031
2025-07-24T06:13:55.804010,XRP-USDT,3.0729,3.073,11.5,12.4
2025-07-24T06:13:56.010961,BTC-USDT,117664.3,117664.34,4.593947,0.944456
2025-07-24T06:13:56.014290,ETH-USDT,3559.71,3559.73,0.0058,0.0103
2025-07-24T06:13:56.035515,LTC-USDT,109.48,109.49,0.1311,0.104
2025-07-24T06:13:56.079761,SOL-USDT,183.22,183.23,920.733,0.014
2025-07-24T06:13:56.099089,XRP-USDT,3.0724,3.0725,6.2,11.6
2025-07-24T06:13:56.349344,BTC-USDT,117664.31,117664.35,4.593947,0.944456
2025-07-24T06:13:56.369506,ETH-USDT,3559.72,3559.73,0.0076,0.0033
2025-07-24T06:13:56.473361,SOL-USDT,183.22,183.23,920.733,0.014
2025-07-24T06:13:56.498203,XRP-USDT,3.0724,3.0725,6.2,11.6
2025-07-24T06:13:56.637531,BTC-USDT,117664.32,117664.35,4.593947,0.944456
2025-07-24T06:13:56.665837,ETH-USDT,3559.72,3559.74,0.0063,0.0047
2025-07-24T06:13:56.765933,SOL-USDT,183.3,183.31,865.791,0.02
2025-07-24T06:13:56.772692,LTC-USDT,109.49,109.51,0.3137,10.8077
2025-07-24T06:13:56.912020,BTC-USDT,117664.31,117664.35,4.593947,0.944456
2025-07-24T06:13:56.934534,ETH-USDT,3559.72,3559.74,0.0063,0.0047
2025-07-24T06:13:56.965926,LTC-USDT,109.49,109.51,0.3137,10.8077
2025-07-24T06:13:57.018238,SOL-USDT,183.29,183.31,1007.567,0.02
2025-07-24T06:13:57.027945,XRP-USDT,3.072,3.0722,5.8,5.8
2025-07-24T06:13:57.247242,ETH-USDT,3559.73,3559.75,0.008,0.0111
2025-07-24T06:13:57.289207,LTC-USDT,109.46,109.47,0.1688,0.2061
2025-07-24T06:13:57.340774,SOL-USDT,183.23,183.3,309.923,318.355
2025-07-24T06:13:57.349381,XRP-USDT,3.0718,3.0719,8.7,12.8
2025-07-24T06:13:57.508004,BTC-USDT,117664.26,117664.3,4.593947,0.944456
2025-07-24T06:13:57.537646,ETH-USDT,3559.77,3559.79,0.0048,0.0107
2025-07-24T06:13:57.572371,LTC-USDT,109.43,109.45,23.3414,0.2712
2025-07-24T06:13:57.611924,SOL-USDT,183.19,183.21,108.799,153.548
2025-07-24T06:13:57.632841,XRP-USDT,3.0704,3.0711,12.8,249.1
2025-07-24T06:13:57.799861,BTC-USDT,117664.27,117664.3,4.593947,0.944456
2025-07-24T06:13:57.828586,ETH-USDT,3559.77,3559.79,0.0074,0.0077
2025-07-24T06:13:57.844371,LTC-USDT,109.45,109.46,0.1601,0.2566
2025-07-24T06:13:57.874329,SOL-USDT,183.19,183.23,217.053,153.548
2025-07-24T06:13:57.890138,XRP-USDT,3.0704,3.0711,12.8,249.1
2025-07-24T06:13:58.126296,BTC-USDT,117664.16,117664.19,4.593947,0.944456
2025-07-24T06:13:58.176035,ETH-USDT,3559.68,3559.7,0.0076,0.0042
2025-07-24T06:13:58.460960,BTC-USDT,117664.27,117664.3,4.593947,0.944456
2025-07-24T06:13:58.510464,LTC-USDT,109.49,109.51,0.2503,0.0683
2025-07-24T06:13:58.572688,XRP-USDT,3.0708,3.0709,11.5,3.4
2025-07-24T06:13:58.572710,SOL-USDT,183.23,183.27,151.391,153.548
2025-07-24T06:13:58.746673,BTC-USDT,117664.12,117664.15,4.593947,0.944456
2025-07-24T06:13:58.781175,ETH-USDT,3559.98,3560.0,0.0056,0.0033
2025-07-24T06:13:58.849689,XRP-USDT,3.07,3.0701,10.8,5.8
2025-07-24T06:13:59.045673,LTC-USDT,109.48,109.49,0.332,0.0062
2025-07-24T06:13:59.324907,BTC-USDT,117664.11,117664.15,4.593947,0.944456
2025-07-24T06:13:59.340150,ETH-USDT,3559.98,3560.0,0.0067,0.0095
2025-07-24T06:13:59.368064,LTC-USDT,109.46,109.48,24.0585,0.0062
2025-07-24T06:13:59.493818,SOL-USDT,183.23,183.27,151.391,153.548
2025-07-24T06:13:59.625370,BTC-USDT,117664.49,117664.53,4.593947,0.944456
2025-07-24T06:13:59.636920,ETH-USDT,3559.98,3560.0,0.0067,0.0095
2025-07-24T06:13:59.707512,XRP-USDT,3.0699,3.07,7.7,10.9
2025-07-24T06:13:59.908918,BTC-USDT,117664.11,117664.15,2.796062,3.564998
2025-07-24T06:13:59.933430,ETH-USDT,3559.95,3559.97,0.0101,0.0053
2025-07-24T06:14:00.005409,SOL-USDT,183.25,183.28,277.938,153.548
2025-07-24T06:14:00.036139,XRP-USDT,3.0704,3.0705,11.7,6.5
2025-07-24T06:14:00.244922,BTC-USDT,117664.12,117664.15,2.796062,3.565027
2025-07-24T06:14:00.250768,ETH-USDT,3559.97,3559.99,0.0071,0.0031
2025-07-24T06:14:00.289108,LTC-USDT,109.46,109.48,24.0585,0.0062
2025-07-24T06:14:00.338502,SOL-USDT,183.27,183.31,157.24,0.02
2025-07-24T06:14:00.537710,BTC-USDT,117664.76,117664.8,2.796062,3.56423
2025-07-24T06:14:00.550811,ETH-USDT,3559.98,3560.0,0.005,0.0041
2025-07-24T06:14:00.589005,LTC-USDT,109.48,109.5,0.2281,0.0062
2025-07-24T06:14:00.634357,SOL-USDT,183.3,183.31,185.894,0.02
2025-07-24T06:14:00.661136,XRP-USDT,3.0713,3.0714,4.7,8.5
2025-07-24T06:14:00.831244,BTC-USDT,117666.6,117666.64,2.796062,3.564995
2025-07-24T06:14:00.889595,ETH-USDT,3560.35,3560.36,0.0063,0.0061
2025-07-24T06:14:00.946154,LTC-USDT,109.48,109.5,0.2281,0.0062
2025-07-24T06:14:00.946249,XRP-USDT,3.0708,3.071,4.5,4.6
2025-07-24T06:14:00.975375,SOL-USDT,183.29,183.31,259.265,0.02
2025-07-24T06:14:01.124256,BTC-USDT,117667.1,117667.14,2.796062,3.565002
2025-07-24T06:14:01.135945,ETH-USDT,3560.82,3560.84,0.0063,0.0079
2025-07-24T06:14:01.276908,XRP-USDT,3.0705,3.0706,3.9,3.5
2025-07-24T06:14:01.452315,BTC-USDT,117667.1,117667.14,2.796062,3.564978
2025-07-24T06:14:01.478498,LTC-USDT,109.46,109.47,0.2497,0.0062
2025-07-24T06:14:01.493759,ETH-USDT,3560.86,3560.88,0.007,0.0064
2025-07-24T06:14:01.514158,SOL-USDT,183.29,183.31,259.265,0.02
2025-07-24T06:14:01.560009,XRP-USDT,3.0708,3.071,12.9,4.1
2025-07-24T06:14:01.723864,BTC-USDT,117667.71,117667.75,2.796062,3.565012
2025-07-24T06:14:01.754045,ETH-USDT,3560.94,3560.96,0.0044,0.0102
2025-07-24T06:14:02.029180,BTC-USDT,117668.12,117668.15,2.796062,3.564983
2025-07-24T06:14:02.174630,SOL-USDT,183.29,183.31,1188.91,0.02
2025-07-24T06:14:02.194093,XRP-USDT,3.0712,3.0713,3.4,11.3
2025-07-24T06:14:02.215341,LTC-USDT,109.49,109.51,0.3597,0.0683
2025-07-24T06:14:02.333662,BTC-USDT,117669.38,117669.41,2.796062,3.564992
2025-07-24T06:14:02.374413,ETH-USDT,3560.93,3560.95,0.0071,0.0102
2025-07-24T06:14:02.374732,LTC-USDT,109.51,109.53,0.1278,0.0683
2025-07-24T06:14:02.410938,SOL-USDT,183.29,183.31,2007.735,0.02
2025-07-24T06:14:02.427206,XRP-USDT,3.0719,3.072,11.7,9.6
2025-07-24T06:14:02.623165,BTC-USDT,117670.15,117670.18,2.796062,3.565026
2025-07-24T06:14:02.660770,ETH-USDT,3560.99,3561.01,0.0107,0.009
2025-07-24T06:14:02.679581,LTC-USDT,109.52,109.54,0.181,0.0709
2025-07-24T06:14:02.716615,XRP-USDT,3.0716,3.0717,8.8,9.4
2025-07-24T06:14:02.933939,BTC-USDT,117673.38,117673.41,2.796062,3.565019
2025-07-24T06:14:02.960574,ETH-USDT,3560.99,3561.01,0.0083,0.0098
2025-07-24T06:14:03.030498,LTC-USDT,109.52,109.54,0.181,0.0709
2025-07-24T06:14:03.037425,XRP-USDT,3.072,3.0721,4.0,4.6
2025-07-24T06:14:03.226249,BTC-USDT,117673.56,117673.59,2.796062,3.56496
2025-07-24T06:14:03.257437,ETH-USDT,3561.0,3561.02,0.0073,0.0081
2025-07-24T06:14:03.307518,SOL-USDT,183.29,183.31,2007.735,0.02
2025-07-24T06:14:03.323241,XRP-USDT,3.0722,3.0723,7.0,11.8
2025-07-24T06:14:03.528029,BTC-USDT,117673.57,117673.6,2.796062,3.5650139999999997
2025-07-24T06:14:03.545938,ETH-USDT,3561.11,3561.13,0.0045,0.0047
2025-07-24T06:14:03.821191,BTC-USDT,117673.57,117673.6,2.796062,3.5650139999999997
2025-07-24T06:14:03.845069,ETH-USDT,3561.2,3561.22,0.0032,0.0042
2025-07-24T06:14:03.898295,LTC-USDT,109.52,109.54,0.181,0.0709
2025-07-24T06:14:03.945539,SOL-USDT,183.29,183.31,2011.6329999999998,0.02
2025-07-24T06:14:04.136624,BTC-USDT,117673.57,117673.61,2.796062,3.565013
2025-07-24T06:14:04.160437,ETH-USDT,3561.38,3561.4,0.0046,0.0058
2025-07-24T06:14:04.235280,SOL-USDT,183.29,183.31,2834.9849999999997,0.02
2025-07-24T06:14:04.247594,XRP-USDT,3.0722,3.0723,7.0,11.8
2025-07-24T06:14:04.452260,ETH-USDT,3561.36,3561.38,0.0068,0.0034
2025-07-24T06:14:04.493692,LTC-USDT,109.53,109.54,25.5276,0.0026
2025-07-24T06:14:04.561028,SOL-USDT,183.34,183.36,3522.4440000000004,0.035
2025-07-24T06:14:04.573894,XRP-USDT,3.0729,3.073,9.0,5.8
2025-07-24T06:14:04.735775,BTC-USDT,117674.39,117674.42,2.796062,3.565015
2025-07-24T06:14:04.762676,ETH-USDT,3561.43,3561.45,0.0052,0.0086
2025-07-24T06:14:04.886664,SOL-USDT,183.34,183.36,3522.4440000000004,0.035
2025-07-24T06:14:05.053503,BTC-USDT,117680.56,117680.6,2.796785,3.565032
2025-07-24T06:14:05.108842,SOL-USDT,183.38,183.39,711.298,0.044
2025-07-24T06:14:05.137122,XRP-USDT,3.0731,3.0732,11.2,12.1
2025-07-24T06:14:05.331163,BTC-USDT,117675.35,117675.39,2.796828,3.5650099999999996
2025-07-24T06:14:05.356377,ETH-USDT,3561.52,3561.53,0.005,0.0111
2025-07-24T06:14:05.384319,LTC-USDT,109.53,109.54,25.5276,0.0026
2025-07-24T06:14:05.437768,SOL-USDT,183.38,183.39,711.298,0.044
2025-07-24T06:14:05.445231,XRP-USDT,3.0726,3.0727,6.4,3.8
2025-07-24T06:14:05.630186,BTC-USDT,117675.67,117675.71,2.796062,3.564997
2025-07-24T06:14:05.652518,ETH-USDT,3561.5,3561.52,0.011,0.009
2025-07-24T06:14:05.702144,LTC-USDT,109.53,109.54,0.2296,0.008799999999999999
2025-07-24T06:14:05.726190,XRP-USDT,3.072,3.0721,8.0,11.3
2025-07-24T06:14:05.929738,BTC-USDT,117681.72,117681.76,2.795129,3.565031
2025-07-24T06:14:05.973857,ETH-USDT,3561.46,3561.48,0.004,0.0104
2025-07-24T06:14:06.050600,SOL-USDT,183.38,183.39,711.298,0.044
2025-07-24T06:14:06.278383,BTC-USDT,117686.27,117686.3,2.796062,3.564987
2025-07-24T06:14:06.310821,ETH-USDT,3561.4,3561.42,0.0037,0.0083
2025-07-24T06:14:06.330413,LTC-USDT,109.53,109.54,22.6053,0.0026
2025-07-24T06:14:06.374736,SOL-USDT,183.38,183.39,711.298,0.044
2025-07-24T06:14:06.389984,XRP-USDT,3.0727,3.0729,11.8,7.2
2025-07-24T06:14:06.546045,BTC-USDT,117686.24,117686.27,2.796062,3.56423
2025-07-24T06:14:06.551607,ETH-USDT,3561.68,3561.7,0.0082,0.0088
2025-07-24T06:14:06.616528,SOL-USDT,183.38,183.39,711.298,0.044
2025-07-24T06:14:06.648847,XRP-USDT,3.0731,3.0733,11.5,7.1
2025-07-24T06:14:06.826235,BTC-USDT,117687.66,117687.69,2.796062,3.564964
2025-07-24T06:14:06.840602,ETH-USDT,3562.67,3562.69,0.0041,0.0032
2025-07-24T06:14:06.919543,XRP-USDT,3.0733,3.0735,9.3,6.7
2025-07-24T06:14:07.131335,BTC-USDT,117687.67,117687.71,2.796062,3.565029
2025-07-24T06:14:07.148636,ETH-USDT,3562.67,3562.69,0.0082,0.0085
2025-07-24T06:14:07.179569,LTC-USDT,109.53,109.54,22.6053,0.0026
2025-07-24T06:14:07.244513,SOL-USDT,183.38,183.39,711.298,0.044
2025-07-24T06:14:07.437178,BTC-USDT,117687.67,117687.71,2.796062,3.565029
2025-07-24T06:14:07.449533,ETH-USDT,3562.66,3562.68,0.0041,0.0063
2025-07-24T06:14:07.482069,LTC-USDT,109.53,109.54,22.6053,0.0026
2025-07-24T06:14:07.513426,SOL-USDT,183.38,183.39,711.298,0.044
2025-07-24T06:14:07.792235,BTC-USDT,117687.67,117687.7,2.796062,3.56423
2025-07-24T06:14:07.792274,ETH-USDT,3562.8,3562.82,0.0055,0.0081
2025-07-24T06:14:07.839591,XRP-USDT,3.0733,3.0735,9.3,6.7
2025-07-24T06:14:08.036018,BTC-USDT,117687.67,117687.71,2.796062,3.565029
2025-07-24T06:14:08.060975,ETH-USDT,3562.79,3562.81,0.0034,0.0084
2025-07-24T06:14:08.084362,LTC-USDT,109.53,109.54,22.6053,0.0026
2025-07-24T06:14:08.128456,SOL-USDT,183.38,183.39,711.298,0.044
2025-07-24T06:14:08.140690,XRP-USDT,3.0733,3.0735,9.3,6.7
2025-07-24T06:14:08.377258,ETH-USDT,3562.88,3562.9,0.0051,0.0094
2025-07-24T06:14:08.411523,SOL-USDT,183.38,183.39,711.298,0.044
2025-07-24T06:14:08.654132,BTC-USDT,117687.67,117687.71,2.796062,3.565029
2025-07-24T06:14:08.684369,ETH-USDT,3562.86,3562.88,0.0056,0.0094
2025-07-24T06:14:08.945579,BTC-USDT,117687.91,117687.94,2.796828,3.5649599999999997
2025-07-24T06:14:08.965273,ETH-USDT,3563.04,3563.06,0.0031,0.0067
2025-07-24T06:14:08.996937,LTC-USDT,109.53,109.54,22.6053,0.0026
2025-07-24T06:14:09.060555,SOL-USDT,183.38,183.39,711.298,0.044
2025-07-24T06:14:09.095180,XRP-USDT,3.0733,3.0735,9.3,6.7
2025-07-24T06:14:09.234234,BTC-USDT,117687.91,117687.95,2.796828,3.565002
2025-07-24T06:14:09.254558,ETH-USDT,3563.02,3563.04,0.0063,0.005
2025-07-24T06:14:09.320371,SOL-USDT,183.38,183.39,711.298,0.044
2025-07-24T06:14:09.334209,XRP-USDT,3.0739,3.074,8.1,0.6
2025-07-24T06:14:09.553768,BTC-USDT,117688.28,117688.31,3.818363,1.0358150000000002
2025-07-24T06:14:09.581241,ETH-USDT,3563.04,3563.06,0.0088,0.0034
2025-07-24T06:14:09.612723,SOL-USDT,183.38,183.39,711.298,0.044
2025-07-24T06:14:09.616148,LTC-USDT,109.53,109.54,22.6053,0.0026
2025-07-24T06:14:09.844303,BTC-USDT,117687.76,117687.79,3.819109,1.035014
2025-07-24T06:14:09.881922,LTC-USDT,109.53,109.54,22.6053,0.0026
2025-07-24T06:14:09.920439,SOL-USDT,183.38,183.39,711.298,0.044
2025-07-24T06:14:10.148546,BTC-USDT,117687.42,117687.46,3.819105,1.035014
2025-07-24T06:14:10.178703,ETH-USDT,3563.08,3563.1,0.0036,0.0083
2025-07-24T06:14:10.246076,XRP-USDT,3.0739,3.074,9476.7,0.6
2025-07-24T06:14:10.249019,SOL-USDT,183.38,183.39,711.298,0.044
2025-07-24T06:14:10.494981,ETH-USDT,3563.47,3563.49,0.0096,0.0049
2025-07-24T06:14:10.544115,XRP-USDT,3.0745,3.0747,9.0,10.7
2025-07-24T06:14:10.881741,BTC-USDT,117687.42,117687.45,3.819105,1.035014
2025-07-24T06:14:10.884965,LTC-USDT,109.53,109.54,22.6053,0.0026
2025-07-24T06:14:10.885704,XRP-USDT,3.0745,3.0747,9.0,10.7
2025-07-24T06:14:11.036298,BTC-USDT,117687.53,117687.56,3.818363,1.035014
2025-07-24T06:14:11.060403,ETH-USDT,3563.69,3563.81,0.0057,0.0093
2025-07-24T06:14:11.150748,SOL-USDT,183.38,183.39,711.298,0.044
2025-07-24T06:14:11.151297,XRP-USDT,3.0745,3.0747,9.0,10.7
2025-07-24T06:14:11.338319,BTC-USDT,117686.34,117686.37,3.8191330000000003,1.035014
2025-07-24T06:14:11.425200,SOL-USDT,183.38,183.39,711.298,0.044
2025-07-24T06:14:11.645090,BTC-USDT,117686.34,117686.38,3.8191330000000003,1.035014
2025-07-24T06:14:11.652429,ETH-USDT,3563.75,3563.77,0.0112,0.0097
2025-07-24T06:14:11.673357,LTC-USDT,109.53,109.54,22.6053,0.0026
2025-07-24T06:14:11.738431,XRP-USDT,3.0745,3.0747,9.0,10.7
2025-07-24T06:14:11.943808,BTC-USDT,117686.34,117686.37,3.8191330000000003,1.035014
2025-07-24T06:14:12.011234,ETH-USDT,3563.87,3563.89,0.0049,0.0061
2025-07-24T06:14:12.053947,LTC-USDT,109.53,109.54,22.6053,0.0026
2025-07-24T06:14:12.068508,SOL-USDT,183.38,183.39,711.298,0.044
2025-07-24T06:14:12.093470,XRP-USDT,3.0742,3.0747,10610.099999999999,10.7
2025-07-24T06:14:12.252087,BTC-USDT,117686.34,117686.37,3.8191330000000003,1.035014
2025-07-24T06:14:12.286825,ETH-USDT,3563.84,3563.86,0.0078,0.0057
2025-07-24T06:14:12.371801,SOL-USDT,183.38,183.39,711.298,0.044
2025-07-24T06:14:12.554172,BTC-USDT,117686.34,117686.37,3.8191330000000003,1.035014
2025-07-24T06:14:12.580649,ETH-USDT,3563.94,3563.96,0.0099,0.0045
2025-07-24T06:14:12.668031,XRP-USDT,3.0742,3.0747,10610.099999999999,10.7
2025-07-24T06:14:12.859099,BTC-USDT,117686.34,117686.38,3.8191330000000003,1.035014
2025-07-24T06:14:12.877185,ETH-USDT,3564.17,3564.19,0.0096,0.0084
2025-07-24T06:14:12.910717,LTC-USDT,109.53,109.54,22.6053,0.0026
2025-07-24T06:14:12.955967,SOL-USDT,183.45,183.46,492.412,0.019000000000000003
2025-07-24T06:14:12.971218,XRP-USDT,3.075,3.0751,5.0,10.7
2025-07-24T06:14:13.160894,ETH-USDT,3564.29,3564.31,0.0081,0.0048
2025-07-24T06:14:13.204050,LTC-USDT,109.53,109.54,22.6053,0.0026
2025-07-24T06:14:13.235728,SOL-USDT,183.45,183.46,492.412,0.019000000000000003
2025-07-24T06:14:13.313782,XRP-USDT,3.0752,3.0753,8.9,16.7
2025-07-24T06:14:13.446239,BTC-USDT,117686.34,117686.37,3.8191330000000003,1.035014
2025-07-24T06:14:13.507197,ETH-USDT,3564.29,3564.3,0.0055,0.0073
2025-07-24T06:14:13.564613,XRP-USDT,3.0752,3.0753,8.9,16.7
2025-07-24T06:14:13.756589,BTC-USDT,117686.34,117686.38,3.8191330000000003,1.035014
2025-07-24T06:14:13.770508,ETH-USDT,3564.59,3564.61,0.0039,0.0088
2025-07-24T06:14:14.052951,BTC-USDT,117686.33,117686.37,3.819096,1.035014
2025-07-24T06:14:14.077757,ETH-USDT,3564.78,3564.8,0.0048,0.0085
2025-07-24T06:14:14.099349,LTC-USDT,109.53,109.54,22.6053,0.0026
2025-07-24T06:14:14.155394,SOL-USDT,183.45,183.46,492.412,0.019000000000000003
2025-07-24T06:14:14.169610,XRP-USDT,3.0752,3.0753,8.9,16.7
2025-07-24T06:14:14.367845,BTC-USDT,117686.34,117686.38,3.818363,1.035014
2025-07-24T06:14:14.377254,ETH-USDT,3564.92,3564.94,0.0041,0.005
2025-07-24T06:14:14.661329,BTC-USDT,117686.35,117686.39,3.818363,1.035014
2025-07-24T06:14:14.672341,ETH-USDT,3565.11,3565.13,0.0109,0.0037
2025-07-24T06:14:14.699610,LTC-USDT,109.53,109.54,22.6053,0.0026
2025-07-24T06:14:14.768224,XRP-USDT,3.075,3.0752,6.1,4.8
2025-07-24T06:14:14.987825,ETH-USDT,3565.18,3565.2,0.0038,0.0105
2025-07-24T06:14:15.057449,SOL-USDT,183.45,183.46,492.412,0.019000000000000003
2025-07-24T06:14:15.096815,XRP-USDT,3.0746,3.0747,8.2,11.0
2025-07-24T06:14:15.263643,BTC-USDT,117686.35,117686.39,3.818363,1.035014
2025-07-24T06:14:15.284439,ETH-USDT,3565.15,3565.17,0.0077,0.0044
2025-07-24T06:14:15.347836,XRP-USDT,3.0742,3.0744,9.0,7.3
2025-07-24T06:14:15.348005,SOL-USDT,183.45,183.46,492.412,0.019000000000000003
2025-07-24T06:14:15.348196,LTC-USDT,109.57,109.59,0.1837,23.6411
2025-07-24T06:14:15.557508,BTC-USDT,117686.54,117686.58,3.818363,1.035014
2025-07-24T06:14:15.602500,ETH-USDT,3565.23,3565.24,0.0088,0.0095
2025-07-24T06:14:15.605826,LTC-USDT,109.57,109.59,0.1837,23.6411
2025-07-24T06:14:15.649844,XRP-USDT,3.0742,3.0744,9.0,7.3
2025-07-24T06:14:15.872947,BTC-USDT,117686.83,117686.87,3.818363,1.035014
2025-07-24T06:14:15.881257,ETH-USDT,3565.23,3565.25,0.006,0.0099
2025-07-24T06:14:15.923039,LTC-USDT,109.57,109.59,0.1837,23.6411
2025-07-24T06:14:15.954612,SOL-USDT,183.45,183.46,492.412,0.019000000000000003
2025-07-24T06:14:16.154360,BTC-USDT,117686.83,117686.87,3.818363,1.035014
2025-07-24T06:14:16.177665,ETH-USDT,3565.23,3565.25,0.01,0.0073
2025-07-24T06:14:16.229713,SOL-USDT,183.45,183.46,492.20799999999997,0.019000000000000003
2025-07-24T06:14:16.251314,XRP-USDT,3.0748,3.075,12.2,8.4
2025-07-24T06:14:16.467377,BTC-USDT,117686.83,117686.87,3.818363,1.035014
2025-07-24T06:14:16.505749,ETH-USDT,3565.2,3565.22,0.0086,0.0045
2025-07-24T06:14:16.523745,LTC-USDT,109.57,109.59,0.1837,23.6411
2025-07-24T06:14:16.571150,XRP-USDT,3.075,3.0752,12.7,4.6
2025-07-24T06:14:16.877532,XRP-USDT,3.0752,3.0753,6.0,4.0
2025-07-24T06:14:17.057243,BTC-USDT,117686.82,117686.86,3.818363,1.035014
2025-07-24T06:14:17.079862,ETH-USDT,3565.17,3565.19,0.0042,0.0033
2025-07-24T06:14:17.162562,SOL-USDT,183.45,183.46,492.20799999999997,0.019000000000000003
2025-07-24T06:14:17.168224,XRP-USDT,3.0752,3.0753,6.0,4.0
2025-07-24T06:14:17.373829,BTC-USDT,117686.94,117686.98,3.818363,1.035014
2025-07-24T06:14:17.376280,ETH-USDT,3565.17,3565.19,0.0038,0.0047
2025-07-24T06:14:17.400212,LTC-USDT,109.57,109.59,0.1837,23.6411
2025-07-24T06:14:17.440351,SOL-USDT,183.45,183.46,492.20799999999997,0.019000000000000003
2025-07-24T06:14:17.447095,XRP-USDT,3.0752,3.0753,2.2,4.0
2025-07-24T06:14:17.662061,BTC-USDT,117686.93,117686.97,3.818363,1.035014
2025-07-24T06:14:17.682106,ETH-USDT,3565.17,3565.19,0.0106,0.0055
2025-07-24T06:14:17.720453,LTC-USDT,109.58,109.59,39.1786,0.0047
2025-07-24T06:14:17.767719,XRP-USDT,3.075,3.0753,7664.3,4.0
2025-07-24T06:14:17.988677,ETH-USDT,3565.17,3565.19,0.0038,0.0048
2025-07-24T06:14:18.009199,LTC-USDT,109.57,109.59,39.46339999999999,0.0176
2025-07-24T06:14:18.046458,SOL-USDT,183.45,183.46,492.20799999999997,0.019000000000000003
2025-07-24T06:14:18.269382,BTC-USDT,117687.43,117687.46,3.819086,1.035014
2025-07-24T06:14:18.285012,ETH-USDT,3565.18,3565.2,0.008,0.0042
2025-07-24T06:14:18.345905,SOL-USDT,183.45,183.46,492.20799999999997,0.019000000000000003
2025-07-24T06:14:18.571592,BTC-USDT,117687.42,117687.46,3.8191580000000003,1.035014
2025-07-24T06:14:18.616413,LTC-USDT,109.58,109.59,39.1786,0.0047
2025-07-24T06:14:18.685018,XRP-USDT,3.075,3.0753,7660.9,4.0
2025-07-24T06:14:18.882239,BTC-USDT,117687.43,117687.47,3.818363,1.035014
2025-07-24T06:14:18.892569,ETH-USDT,3565.2,3565.21,0.0036,0.0107
2025-07-24T06:14:18.958216,SOL-USDT,183.45,183.46,492.20799999999997,0.019000000000000003
2025-07-24T06:14:18.975633,XRP-USDT,3.075,3.0753,7660.9,4.0
2025-07-24T06:14:19.178943,BTC-USDT,117687.44,117687.47,3.818363,1.035014
2025-07-24T06:14:19.242145,LTC-USDT,109.58,109.59,24.3086,0.0047
2025-07-24T06:14:19.270591,SOL-USDT,183.45,183.46,492.20799999999997,0.019000000000000003
2025-07-24T06:14:19.290304,XRP-USDT,3.075,3.0753,7654.3,4.0
2025-07-24T06:14:19.482921,BTC-USDT,117687.6,117687.64,3.753716,2.884019
2025-07-24T06:14:19.502428,ETH-USDT,3565.29,3565.31,0.0059,0.0094
2025-07-24T06:14:19.626967,LTC-USDT,109.58,109.59,24.3086,0.0047
2025-07-24T06:14:19.636317,SOL-USDT,183.45,183.46,492.20799999999997,0.019000000000000003
2025-07-24T06:14:19.661055,XRP-USDT,3.075,3.0753,7654.3,4.0
2025-07-24T06:14:19.847053,SOL-USDT,183.45,183.46,492.20799999999997,0.019000000000000003
2025-07-24T06:14:19.877154,XRP-USDT,3.075,3.0752,7.5,8.6
2025-07-24T06:14:20.115737,BTC-USDT,117688.2,117688.24,3.753716,2.884019
2025-07-24T06:14:22.125862,ETH-USDT,3565.29,3565.31,0.0037,0.0101
2025-07-24T06:14:22.125921,SOL-USDT,183.45,183.46,492.20799999999997,0.019000000000000003
2025-07-24T06:14:22.125960,BTC-USDT,117687.61,117687.65,3.753716,2.884019
2025-07-24T06:14:22.126001,ETH-USDT,3565.31,3565.33,0.0094,0.0059
2025-07-24T06:14:22.126059,LTC-USDT,109.55,109.58,39.1786,0.1296
2025-07-24T06:14:22.126105,SOL-USDT,183.44,183.46,98.53699999999999,199.50199999999998
2025-07-24T06:14:22.126148,XRP-USDT,3.0738,3.0739,6.6,12.3
2025-07-24T06:14:22.126186,BTC-USDT,117680.23,117680.27,3.754517,2.884019
2025-07-24T06:14:22.126219,ETH-USDT,3564.89,3564.91,0.0111,0.0066
2025-07-24T06:14:22.126250,LTC-USDT,109.58,109.59,39.1786,0.0047
2025-07-24T06:14:22.126280,XRP-USDT,3.0743,3.0745,12.8,11.4
2025-07-24T06:14:22.126310,BTC-USDT,117680.05,117680.08,3.754463,2.884019
2025-07-24T06:14:22.126340,ETH-USDT,3565.0,3565.02,0.0048,0.0105
2025-07-24T06:14:22.126373,LTC-USDT,109.58,109.59,24.284,0.0047
2025-07-24T06:14:22.126405,SOL-USDT,183.44,183.46,1468.674,0.019000000000000003
2025-07-24T06:14:22.126443,XRP-USDT,3.0748,3.075,7.8,8.4
2025-07-24T06:14:22.126476,BTC-USDT,117680.29,117680.32,3.753716,2.884019
2025-07-24T06:14:22.126510,ETH-USDT,3565.3,3565.32,0.0098,0.0028
2025-07-24T06:14:22.126543,SOL-USDT,183.44,183.46,1468.674,0.019000000000000003
2025-07-24T06:14:22.126577,BTC-USDT,117678.95,117678.98,3.7544969999999998,2.884019
2025-07-24T06:14:22.126610,ETH-USDT,3565.45,3565.47,0.0079,0.0042
2025-07-24T06:14:22.126642,LTC-USDT,109.58,109.59,24.284,0.0047
2025-07-24T06:14:22.126675,BTC-USDT,117678.66,117678.69,3.754521,2.884019
2025-07-24T06:14:22.126707,ETH-USDT,3565.47,3565.49,0.0076,0.0032
2025-07-24T06:14:22.126739,SOL-USDT,183.44,183.46,1468.674,0.019000000000000003
2025-07-24T06:14:22.126772,XRP-USDT,3.0748,3.075,7.8,8.4
2025-07-24T06:14:23.327683,BTC-USDT,117678.94,117678.97,3.753716,2.884019
2025-07-24T06:14:23.327722,ETH-USDT,3565.47,3565.49,0.0076,0.0032
2025-07-24T06:14:23.327756,SOL-USDT,183.49,183.5,98.538,199.523
2025-07-24T06:14:23.327784,XRP-USDT,3.0756,3.076,20.0,2.5
2025-07-24T06:14:23.327816,BTC-USDT,117678.94,117678.97,3.753716,2.884019
2025-07-24T06:14:23.327846,ETH-USDT,3565.76,3566.06,0.0079,0.0038
2025-07-24T06:14:23.327904,LTC-USDT,109.58,109.59,24.284,0.0047
2025-07-24T06:14:23.327938,SOL-USDT,183.49,183.5,98.538,199.523
2025-07-24T06:14:23.327970,XRP-USDT,3.0759,3.076,822.6,2.5
2025-07-24T06:14:23.328001,BTC-USDT,117678.81,117678.84,3.753716,2.884019
2025-07-24T06:14:23.328027,ETH-USDT,3566.21,3566.23,0.003,0.0108
2025-07-24T06:14:23.328050,LTC-USDT,109.61,109.62,39.178599999999996,0.0009
2025-07-24T06:14:23.328072,SOL-USDT,183.48,183.5,707.274,0.04
2025-07-24T06:14:23.328091,XRP-USDT,3.0759,3.076,6480.2,2.5
2025-07-24T06:14:23.328109,BTC-USDT,117679.48,117679.51,3.753716,2.884019
2025-07-24T06:14:23.328128,LTC-USDT,109.61,109.62,39.178599999999996,0.0009
2025-07-24T06:14:23.328149,XRP-USDT,3.0759,3.076,6480.2,2.5
2025-07-24T06:14:24.016773,BTC-USDT,117680.19,117680.22,3.753716,2.884019
2025-07-24T06:14:24.016842,ETH-USDT,3566.35,3566.37,0.0039,0.003
2025-07-24T06:14:24.016895,LTC-USDT,109.66,109.67,39.1786,0.1047
2025-07-24T06:14:24.016921,SOL-USDT,183.48,183.5,763.5509999999999,0.04
2025-07-24T06:14:24.016944,XRP-USDT,3.0759,3.076,3668.3,2.5
2025-07-24T06:14:24.016967,BTC-USDT,117683.61,117683.65,3.753716,2.884019
2025-07-24T06:14:24.016991,ETH-USDT,3566.42,3566.44,0.0068,0.0068
2025-07-24T06:14:24.017029,LTC-USDT,109.66,109.67,39.1786,0.1047
2025-07-24T06:14:24.017069,BTC-USDT,117685.33,117685.36,3.753716,2.884019
2025-07-24T06:14:24.037046,ETH-USDT,3566.74,3566.76,0.003,0.0036
2025-07-24T06:14:24.104623,SOL-USDT,183.48,183.5,1214.04,0.04
2025-07-24T06:14:24.283419,BTC-USDT,117685.53,117685.56,3.753716,2.884019
2025-07-24T06:14:24.306382,ETH-USDT,3566.71,3566.73,0.0092,0.0083
2025-07-24T06:14:24.389923,SOL-USDT,183.48,183.5,2045.5400000000002,0.04
2025-07-24T06:14:24.411105,XRP-USDT,3.0759,3.076,3668.3,2.5
2025-07-24T06:14:24.592234,BTC-USDT,117688.99,117689.02,3.753716,2.884757
2025-07-24T06:14:24.610784,ETH-USDT,3567.06,3567.08,0.0107,0.0033
2025-07-24T06:14:24.643215,LTC-USDT,109.66,109.67,21.7218,0.1047
2025-07-24T06:14:24.685317,SOL-USDT,183.48,183.5,2733.2650000000003,0.04
2025-07-24T06:14:24.719502,XRP-USDT,3.0759,3.076,3651.9,2.5
2025-07-24T06:14:25.325952,BTC-USDT,117692.24,117692.27,3.7544999999999997,2.8847899999999997
2025-07-24T06:14:25.326000,SOL-USDT,183.48,183.5,2733.2650000000003,0.04
2025-07-24T06:14:25.326115,XRP-USDT,3.0758,3.076,45552.5,2.5
2025-07-24T06:14:25.326438,BTC-USDT,117694.81,117694.84,3.753716,2.884754
2025-07-24T06:14:25.326540,ETH-USDT,3567.79,3567.81,0.006,0.0047
2025-07-24T06:14:25.326632,LTC-USDT,109.71,109.72,39.1786,0.009899999999999999
2025-07-24T06:14:25.326751,SOL-USDT,183.48,183.5,2140.792,0.04
2025-07-24T06:14:25.332857,XRP-USDT,3.0758,3.076,45544.200000000004,2.5
2025-07-24T06:14:25.493456,BTC-USDT,117695.83,117695.86,3.753716,2.884821
2025-07-24T06:14:25.529588,ETH-USDT,3567.46,3567.82,0.0061,0.0125
2025-07-24T06:14:25.551262,LTC-USDT,109.72,109.73,22.978,0.0366
2025-07-24T06:14:25.605744,XRP-USDT,3.0788,3.0789,3873.0,0.6
2025-07-24T06:14:25.807067,BTC-USDT,117710.92,117710.95,3.753716,2.884746
2025-07-24T06:14:25.823925,ETH-USDT,3567.46,3567.82,0.0097,0.0125
2025-07-24T06:14:25.868815,LTC-USDT,109.72,109.73,22.978,0.0366
2025-07-24T06:14:25.892213,SOL-USDT,183.48,183.5,2140.792,0.04
2025-07-24T06:14:25.896317,XRP-USDT,3.0795,3.0796,3873.0,1.1
2025-07-24T06:14:26.099535,BTC-USDT,117713.61,117713.64,3.753716,2.884788
2025-07-24T06:14:26.114889,ETH-USDT,3567.93,3567.95,0.0081,0.0059
2025-07-24T06:14:26.131997,LTC-USDT,109.72,109.73,22.978,0.0366
2025-07-24T06:14:26.187259,XRP-USDT,3.0795,3.0796,3873.0,1.1
2025-07-24T06:14:26.388105,BTC-USDT,117716.22,117716.25,3.753716,2.884789
2025-07-24T06:14:26.419132,ETH-USDT,3568.11,3568.13,0.0077,0.0094
2025-07-24T06:14:26.439579,LTC-USDT,109.72,109.73,39.1786,0.0366
2025-07-24T06:14:26.475964,SOL-USDT,183.48,183.5,2140.792,0.04
2025-07-24T06:14:26.496214,XRP-USDT,3.0795,3.0796,12.4,10.9
2025-07-24T06:14:26.700437,BTC-USDT,117719.98,117720.01,3.753716,2.8848
2025-07-24T06:14:26.746999,LTC-USDT,109.72,109.73,17.4678,0.0366
2025-07-24T06:14:26.786477,XRP-USDT,3.0795,3.0796,12.4,10.9
2025-07-24T06:14:27.002862,ETH-USDT,3568.12,3568.14,0.0059,0.0094
2025-07-24T06:14:27.018648,LTC-USDT,109.72,109.73,17.4678,0.0366
2025-07-24T06:14:27.085182,XRP-USDT,3.0795,3.0796,12.4,10.9
2025-07-24T06:14:27.307590,BTC-USDT,117720.7,117720.73,3.753716,2.884807
2025-07-24T06:14:27.328277,ETH-USDT,3568.12,3568.14,0.0058,0.0102
2025-07-24T06:14:27.383772,SOL-USDT,183.48,183.5,2664.922,0.04
2025-07-24T06:14:27.399139,XRP-USDT,3.0795,3.0796,7.5,10.9
2025-07-24T06:14:27.593031,BTC-USDT,117720.97,117721.0,3.753716,2.884758
2025-07-24T06:14:27.629256,ETH-USDT,3568.09,3568.11,0.0081,0.003
2025-07-24T06:14:27.648286,LTC-USDT,109.72,109.73,17.4678,0.0366
2025-07-24T06:14:27.702290,XRP-USDT,3.0795,3.0796,7.5,10.9
2025-07-24T06:14:27.922712,BTC-USDT,117725.06,117725.1,3.754441,2.884774
2025-07-24T06:14:27.949200,ETH-USDT,3568.1,3568.12,0.0081,0.009
2025-07-24T06:14:27.996859,SOL-USDT,183.48,183.5,2664.922,0.04
2025-07-24T06:14:28.020211,XRP-USDT,3.0795,3.0796,0.7,10.9
2025-07-24T06:14:28.229035,BTC-USDT,117725.06,117725.1,3.754441,2.884019
2025-07-24T06:14:28.313287,SOL-USDT,183.48,183.5,2664.922,0.04
2025-07-24T06:14:28.325755,XRP-USDT,3.0792,3.0796,3827.9,10.9
2025-07-24T06:14:28.537693,BTC-USDT,117725.52,117725.56,3.753716,2.884798
2025-07-24T06:14:28.546464,ETH-USDT,3568.08,3568.1,0.0095,0.005
2025-07-24T06:14:28.574997,LTC-USDT,109.72,109.73,17.4678,0.0366
2025-07-24T06:14:28.611561,XRP-USDT,3.0792,3.0796,3827.9,10.9
2025-07-24T06:14:28.831952,BTC-USDT,117731.3,117731.33,3.753716,2.884019
2025-07-24T06:14:28.937598,XRP-USDT,3.0785,3.0787,5.2,11.6
2025-07-24T06:14:28.940358,SOL-USDT,183.48,183.5,2664.922,0.04
2025-07-24T06:14:29.124352,BTC-USDT,117731.29,117731.33,3.753716,2.884019
2025-07-24T06:14:29.142240,ETH-USDT,3568.08,3568.1,0.0071,0.0081
2025-07-24T06:14:29.234134,XRP-USDT,3.0785,3.0787,1.8,11.6
2025-07-24T06:14:29.466952,ETH-USDT,3568.09,3568.11,0.0086,0.0084
2025-07-24T06:14:29.492668,LTC-USDT,109.72,109.73,17.4678,0.0366
2025-07-24T06:14:29.511578,XRP-USDT,3.079,3.0791,3.9,9.0
2025-07-24T06:14:29.735443,BTC-USDT,117731.68,117731.72,4.385372,3.60103
2025-07-24T06:14:29.750909,ETH-USDT,3568.07,3568.09,0.0078,0.0094
2025-07-24T06:14:29.802187,SOL-USDT,183.48,183.5,2664.922,0.04
2025-07-24T06:14:29.849428,XRP-USDT,3.0791,3.0795,10.2,12.7
2025-07-24T06:14:30.028548,BTC-USDT,117731.85,117731.89,4.385372,3.601028
2025-07-24T06:14:30.054816,ETH-USDT,3568.09,3568.11,0.0098,0.0096
2025-07-24T06:14:30.130204,SOL-USDT,183.48,183.5,2664.922,0.04
2025-07-24T06:14:30.130677,XRP-USDT,3.0794,3.0795,6.3,5.8
2025-07-24T06:14:30.361129,LTC-USDT,109.72,109.73,17.4678,0.0366
2025-07-24T06:14:30.425157,SOL-USDT,183.48,183.5,2664.922,0.04
2025-07-24T06:14:30.427295,XRP-USDT,3.0792,3.0793,9.2,12.0
2025-07-24T06:14:30.640210,BTC-USDT,117731.85,117731.89,4.385372,3.601028
2025-07-24T06:14:30.654040,ETH-USDT,3568.09,3568.11,0.0067,0.0042
2025-07-24T06:14:30.730002,XRP-USDT,3.0792,3.0793,2.0,12.0
2025-07-24T06:14:30.958510,BTC-USDT,117732.05,117732.08,4.385372,3.600964
2025-07-24T06:14:30.958558,ETH-USDT,3568.11,3568.13,0.007,0.0082
2025-07-24T06:14:31.242028,BTC-USDT,117732.16,117732.19,4.385372,3.60101
2025-07-24T06:14:31.295490,LTC-USDT,109.72,109.73,17.4678,0.0366
2025-07-24T06:14:31.334717,SOL-USDT,183.54,183.56,4707.725,0.007
2025-07-24T06:14:31.548785,BTC-USDT,117732.16,117732.19,4.385372,3.60101
2025-07-24T06:14:31.574729,ETH-USDT,3568.13,3568.15,0.0092,0.008
2025-07-24T06:14:31.602179,LTC-USDT,109.74,109.75,18.78,0.1637
2025-07-24T06:14:31.664623,XRP-USDT,3.0794,3.0795,12.8,11.8
2025-07-24T06:14:31.836276,BTC-USDT,117734.39,117734.42,4.385372,3.60102
2025-07-24T06:14:31.866161,ETH-USDT,3568.13,3568.15,0.0031,0.0079
2025-07-24T06:14:31.889611,LTC-USDT,109.74,109.75,18.78,0.1637
2025-07-24T06:14:31.941104,SOL-USDT,183.54,183.56,4707.725,0.007
2025-07-24T06:14:31.944225,XRP-USDT,3.0795,3.0798,3873.0,88.6
2025-07-24T06:14:32.151055,BTC-USDT,117734.45,117734.49,4.385372,3.600974
2025-07-24T06:14:32.167053,ETH-USDT,3568.13,3568.15,0.0031,0.0079
2025-07-24T06:14:32.231353,SOL-USDT,183.54,183.56,2229.822,0.007
2025-07-24T06:14:32.265557,XRP-USDT,3.0792,3.0796,5.1,9006.3
2025-07-24T06:14:32.463471,BTC-USDT,117734.46,117734.49,4.385372,3.600974
2025-07-24T06:14:32.487588,ETH-USDT,3568.33,3568.35,0.0056,0.0074
2025-07-24T06:14:32.516954,LTC-USDT,109.77,109.78,18.6808,0.005
2025-07-24T06:14:32.601946,SOL-USDT,183.54,183.56,4937.371,0.007
2025-07-24T06:14:32.612472,XRP-USDT,3.0794,3.0795,3.5,7.8
2025-07-24T06:14:32.744708,BTC-USDT,117736.41,117752.92,4.386176,3.600239
2025-07-24T06:14:32.780569,ETH-USDT,3568.59,3568.61,0.0068,0.0094
2025-07-24T06:14:32.815901,LTC-USDT,109.8,109.81,0.2268,0.1872
2025-07-24T06:14:32.882414,SOL-USDT,183.55,183.57,4150.995,0.006
2025-07-24T06:14:32.882452,XRP-USDT,3.0805,3.0808,797.1,1.4
2025-07-24T06:14:33.051476,BTC-USDT,117758.53,117758.56,4.386174,3.600239
2025-07-24T06:14:33.083121,ETH-USDT,3568.61,3568.63,0.0038,0.0041
2025-07-24T06:14:33.117174,LTC-USDT,109.8,109.81,0.2268,0.1872
2025-07-24T06:14:33.164984,SOL-USDT,183.55,183.57,4150.995,0.006
2025-07-24T06:14:33.168448,XRP-USDT,3.0807,3.0808,254.9,1.4
2025-07-24T06:14:33.374325,ETH-USDT,3568.83,3568.85,0.0104,0.0042
2025-07-24T06:14:33.509345,XRP-USDT,3.0807,3.0808,249.8,1.4
2025-07-24T06:14:33.518103,LTC-USDT,109.81,109.82,0.1493,0.0014
2025-07-24T06:14:33.644274,BTC-USDT,117791.64,117791.67,4.386155,3.600966
2025-07-24T06:14:33.661116,ETH-USDT,3569.37,3569.39,0.0063,0.0033
2025-07-24T06:14:33.731980,SOL-USDT,183.58,183.59,938.851,0.02
2025-07-24T06:14:33.760267,XRP-USDT,3.0807,3.0808,249.8,1.4
2025-07-24T06:14:33.953321,BTC-USDT,117791.63,117791.66,4.385373,3.60024
2025-07-24T06:14:34.009121,LTC-USDT,109.81,109.82,0.1493,0.0014
2025-07-24T06:14:34.022401,SOL-USDT,183.58,183.59,938.851,0.02
2025-07-24T06:14:34.056079,XRP-USDT,3.0807,3.0808,249.8,1.4
2025-07-24T06:14:34.253965,BTC-USDT,117788.69,117788.73,4.386117,3.60024
2025-07-24T06:14:34.277652,ETH-USDT,3569.39,3569.4,0.0088,0.0108
2025-07-24T06:14:34.310003,LTC-USDT,109.77,109.79,18.5503,0.2259
2025-07-24T06:14:34.358842,SOL-USDT,183.58,183.59,938.851,0.02
2025-07-24T06:14:34.389426,XRP-USDT,3.0807,3.0808,246.4,1.4
2025-07-24T06:14:34.543948,BTC-USDT,117791.61,117791.64,4.385373,3.60024
2025-07-24T06:14:34.662955,XRP-USDT,3.0807,3.0808,3873.0,1.4
2025-07-24T06:14:34.864398,BTC-USDT,117793.11,117793.15,4.385373,3.60024
2025-07-24T06:14:34.887290,ETH-USDT,3569.45,3569.47,0.0032,0.0054
2025-07-24T06:14:34.948356,LTC-USDT,109.8,109.81,0.2968,0.1283
2025-07-24T06:14:34.964078,SOL-USDT,183.65,183.66,904.026,0.005
2025-07-24T06:14:34.987100,XRP-USDT,3.0807,3.0808,5215.5,1.4
2025-07-24T06:14:35.156100,BTC-USDT,117791.74,117791.77,4.385373,3.60024
2025-07-24T06:14:35.192294,ETH-USDT,3569.45,3569.47,0.0032,0.0054
2025-07-24T06:14:35.257106,SOL-USDT,183.65,183.66,904.026,0.005
2025-07-24T06:14:35.288081,XRP-USDT,3.0807,3.0808,5215.5,1.4
2025-07-24T06:14:35.462655,BTC-USDT,117792.52,117792.55,4.385373,3.60024
2025-07-24T06:14:35.492289,ETH-USDT,3570.06,3570.08,0.0101,0.0028
2025-07-24T06:14:35.507830,LTC-USDT,109.8,109.81,0.2968,0.1283
2025-07-24T06:14:35.584469,SOL-USDT,183.65,183.66,904.026,0.005
2025-07-24T06:14:35.603175,XRP-USDT,3.0807,3.0808,5215.5,1.4
2025-07-24T06:14:35.777858,ETH-USDT,3570.33,3570.35,0.0087,0.0038
2025-07-24T06:14:35.793792,LTC-USDT,109.79,109.81,12.6076,0.1283
2025-07-24T06:14:35.861199,SOL-USDT,183.65,183.66,904.026,0.005
2025-07-24T06:14:35.863663,XRP-USDT,3.0807,3.0808,5205.3,1.4
2025-07-24T06:14:36.064962,BTC-USDT,117792.99,117793.03,4.385373,3.60024
2025-07-24T06:14:36.081189,ETH-USDT,3570.29,3570.31,0.0077,0.0106
2025-07-24T06:14:36.211658,LTC-USDT,109.79,109.81,12.6076,0.1283
2025-07-24T06:14:36.236111,XRP-USDT,3.0817,3.0818,5322.2,0.5
2025-07-24T06:14:36.351237,BTC-USDT,117793.0,117793.04,4.385373,3.60024
2025-07-24T06:14:36.374227,ETH-USDT,3570.27,3570.29,0.0061,0.0065
2025-07-24T06:14:36.435633,SOL-USDT,183.65,183.66,904.026,0.005
2025-07-24T06:14:36.469966,XRP-USDT,3.0816,3.0818,6855.9,0.5
2025-07-24T06:14:36.656990,BTC-USDT,117796.29,117796.33,4.385373,3.601035
2025-07-24T06:14:36.690459,ETH-USDT,3570.24,3570.25,0.0032,0.0064
2025-07-24T06:14:36.712512,LTC-USDT,109.79,109.81,0.0972,0.3149
2025-07-24T06:14:36.780727,XRP-USDT,3.0816,3.0823,6855.9,5228.6
2025-07-24T06:14:36.989654,ETH-USDT,3570.32,3570.34,0.0028,0.0097
2025-07-24T06:14:37.015711,LTC-USDT,109.8,109.81,0.2396,0.3626
2025-07-24T06:14:37.047711,SOL-USDT,183.7,183.71,934.671,0.011
2025-07-24T06:14:37.064401,XRP-USDT,3.0823,3.0824,6855.9,3.2
2025-07-24T06:14:37.251726,BTC-USDT,117796.29,117796.32,4.385373,3.60024
2025-07-24T06:14:37.290247,LTC-USDT,109.8,109.81,0.143,0.3626
2025-07-24T06:14:37.344591,XRP-USDT,3.0823,3.0824,6855.9,3.2
2025-07-24T06:14:37.551243,BTC-USDT,117796.28,117796.31,4.385373,3.60024
2025-07-24T06:14:37.576778,ETH-USDT,3570.3,3570.32,0.006,0.0033
2025-07-24T06:14:37.595845,LTC-USDT,109.8,109.81,0.143,0.3626
2025-07-24T06:14:37.635573,SOL-USDT,183.7,183.75,934.671,0.096
2025-07-24T06:14:37.664802,XRP-USDT,3.0823,3.0824,6823.5,3.2
2025-07-24T06:14:37.869338,ETH-USDT,3570.31,3570.32,0.0082,0.0048
2025-07-24T06:14:37.904336,LTC-USDT,109.8,109.81,0.143,0.3626
2025-07-24T06:14:37.955181,SOL-USDT,183.7,183.75,934.671,0.096
2025-07-24T06:14:37.974158,XRP-USDT,3.0823,3.0824,6823.5,3.2
2025-07-24T06:14:38.160412,BTC-USDT,117796.28,117796.31,4.385373,3.60024
2025-07-24T06:14:38.180631,ETH-USDT,3570.35,3570.37,0.0071,0.004
2025-07-24T06:14:38.250520,LTC-USDT,109.81,109.82,8.2286,0.0014
2025-07-24T06:14:38.309092,SOL-USDT,183.73,183.75,3014.536,0.096
2025-07-24T06:14:38.314603,XRP-USDT,3.0827,3.083,6855.9,0.6
2025-07-24T06:14:38.472296,BTC-USDT,117796.32,117796.35,4.385373,3.60024
2025-07-24T06:14:38.499660,ETH-USDT,3570.35,3570.36,0.0086,0.0031
2025-07-24T06:14:38.607271,SOL-USDT,183.78,183.79,516.175,0.014
2025-07-24T06:14:38.631958,XRP-USDT,3.0831,3.0834,6855.9,0.7
2025-07-24T06:14:38.793009,BTC-USDT,117796.36,117796.39,4.385373,3.60024
2025-07-24T06:14:38.892926,ETH-USDT,3571.61,3571.63,0.006,0.0049
2025-07-24T06:14:38.895060,LTC-USDT,109.81,109.82,8.2286,0.0014
2025-07-24T06:14:38.920597,SOL-USDT,183.78,183.79,516.175,0.014
2025-07-24T06:14:38.929399,XRP-USDT,3.0831,3.0834,6849.4,0.7
2025-07-24T06:14:39.059160,BTC-USDT,117796.67,117796.71,4.385373,3.60024
2025-07-24T06:14:39.088948,ETH-USDT,3571.72,3571.74,0.0095,0.0032
2025-07-24T06:14:39.158592,SOL-USDT,183.78,183.79,516.175,0.014
2025-07-24T06:14:39.169458,XRP-USDT,3.0833,3.0834,6855.9,0.7
2025-07-24T06:14:39.372016,BTC-USDT,117796.68,117796.71,2.673803,3.361857
2025-07-24T06:14:39.391652,ETH-USDT,3571.78,3571.8,0.0037,0.0038
2025-07-24T06:14:39.457566,SOL-USDT,183.78,183.79,516.175,0.014
2025-07-24T06:14:39.489777,XRP-USDT,3.0838,3.0839,7.3,8.7
2025-07-24T06:14:39.669132,BTC-USDT,117796.88,117796.91,2.67306,3.36262
2025-07-24T06:14:39.685359,ETH-USDT,3571.76,3571.78,0.0071,0.0038
2025-07-24T06:14:39.721322,LTC-USDT,109.81,109.82,8.2286,0.0014
2025-07-24T06:14:39.757282,BTC-USDT,117796.88,117796.91,2.67306,3.36262
2025-07-24T06:14:39.841432,XRP-USDT,3.0841,3.0842,6855.9,0.8
2025-07-24T06:14:39.841484,ETH-USDT,3571.76,3571.78,0.0071,0.0038
2025-07-24T06:14:39.871285,LTC-USDT,109.81,109.82,8.2286,0.0014
2025-07-24T06:14:39.937487,SOL-USDT,183.78,183.79,516.175,0.014
2025-07-24T06:14:39.984706,XRP-USDT,3.0841,3.0842,6855.9,0.8
2025-07-24T06:14:40.017561,BTC-USDT,117796.87,117796.91,2.67306,3.36262
2025-07-24T06:14:40.024916,ETH-USDT,3571.48,3571.5,0.0104,0.0095
2025-07-24T06:14:40.041986,LTC-USDT,109.82,109.83,13.994,0.0034
2025-07-24T06:14:40.074720,XRP-USDT,3.0838,3.0839,4.1,8.0
2025-07-24T06:14:40.080119,SOL-USDT,183.78,183.79,516.175,0.014
2025-07-24T06:14:40.369082,ETH-USDT,3571.51,3571.53,0.0075,0.0075
2025-07-24T06:14:40.429286,SOL-USDT,183.78,183.79,516.175,0.014
2025-07-24T06:14:40.452917,XRP-USDT,3.0845,3.0846,4217.0,5.8
2025-07-24T06:14:40.632203,BTC-USDT,117796.87,117796.91,2.67306,3.36262
2025-07-24T06:14:40.676270,ETH-USDT,3571.53,3571.55,0.0094,0.0056
2025-07-24T06:14:40.797964,LTC-USDT,109.87,109.88,13.8252,0.002
2025-07-24T06:14:40.828481,XRP-USDT,3.0845,3.0846,4212.1,5.8
2025-07-24T06:14:40.833798,SOL-USDT,183.78,183.79,516.175,0.014
2025-07-24T06:14:40.905007,BTC-USDT,117796.88,117796.91,2.67306,3.36262
2025-07-24T06:14:40.918754,ETH-USDT,3571.66,3571.68,0.006,0.0101
2025-07-24T06:14:40.956233,LTC-USDT,109.87,109.88,13.8252,0.002
2025-07-24T06:14:40.981914,SOL-USDT,183.78,183.79,516.175,0.014
2025-07-24T06:14:40.981965,XRP-USDT,3.0845,3.0846,4212.1,5.8
2025-07-24T06:14:41.219738,ETH-USDT,3572.09,3572.11,0.0105,0.0049
2025-07-24T06:14:41.221007,BTC-USDT,117796.86,117796.9,2.67306,3.361857
2025-07-24T06:14:41.356332,XRP-USDT,3.0847,3.0848,3164.2,0.4
2025-07-24T06:14:41.359075,SOL-USDT,183.78,183.79,516.175,0.014
2025-07-24T06:14:41.536738,BTC-USDT,117796.87,117796.9,2.67306,3.361857
2025-07-24T06:14:41.554761,ETH-USDT,3572.08,3572.1,0.0029,0.0075
2025-07-24T06:14:41.590126,LTC-USDT,109.87,109.88,13.8252,0.002
2025-07-24T06:14:41.695141,XRP-USDT,3.0847,3.0848,7270.7,0.4
2025-07-24T06:14:41.823269,BTC-USDT,117796.34,117796.38,2.673819,3.362609
2025-07-24T06:14:41.876250,LTC-USDT,109.87,109.88,13.8252,0.002
2025-07-24T06:14:41.898633,ETH-USDT,3572.08,3572.1,0.004,0.0062
2025-07-24T06:14:41.910665,XRP-USDT,3.0849,3.085,2579.7,4.3
2025-07-24T06:14:42.109421,BTC-USDT,117791.37,117791.4,2.67385,3.362596
2025-07-24T06:14:42.143211,ETH-USDT,3572.11,3572.13,0.007,0.0057
2025-07-24T06:14:42.166359,SOL-USDT,183.78,183.79,516.175,0.014
2025-07-24T06:14:42.191491,XRP-USDT,3.0849,3.085,2579.7,4.3
2025-07-24T06:14:42.435307,BTC-USDT,117788.69,117788.73,2.673786,3.362589
2025-07-24T06:14:42.464270,ETH-USDT,3572.08,3572.1,0.011,0.0055
2025-07-24T06:14:42.555714,SOL-USDT,183.78,183.79,516.175,0.014
2025-07-24T06:14:42.581065,XRP-USDT,3.0849,3.085,2579.7,4.3
2025-07-24T06:14:42.711864,BTC-USDT,117789.55,117789.58,2.673791,3.362658
2025-07-24T06:14:42.733583,ETH-USDT,3572.1,3572.12,0.0081,0.0052
2025-07-24T06:14:42.747686,LTC-USDT,109.87,109.88,13.8252,0.002
2025-07-24T06:14:42.794052,XRP-USDT,3.086,3.0861,5320.9,0.8
2025-07-24T06:14:43.014556,BTC-USDT,117788.42,117788.45,2.67381,3.362636
2025-07-24T06:14:43.074440,ETH-USDT,3572.11,3572.13,0.0107,0.0069
2025-07-24T06:14:43.117038,LTC-USDT,109.87,109.88,13.8252,0.002
2025-07-24T06:14:43.138969,SOL-USDT,183.78,183.79,516.175,0.014
2025-07-24T06:14:43.155351,XRP-USDT,3.0864,3.0865,5777.2,0.4
2025-07-24T06:14:43.329454,BTC-USDT,117788.42,117788.45,2.673811,3.362626
2025-07-24T06:14:43.353824,ETH-USDT,3572.09,3572.11,0.0055,0.0094
2025-07-24T06:14:43.425428,SOL-USDT,183.78,183.79,516.175,0.014
2025-07-24T06:14:43.451262,XRP-USDT,3.0864,3.0865,5777.2,0.4
2025-07-24T06:14:43.640429,ETH-USDT,3572.09,3572.11,0.0044,0.0046
2025-07-24T06:14:43.659933,BTC-USDT,117788.41,117788.44,2.673784,3.362661
2025-07-24T06:14:43.659973,LTC-USDT,109.87,109.88,13.8252,0.002
2025-07-24T06:14:43.725509,SOL-USDT,183.78,183.79,516.175,0.014
2025-07-24T06:14:43.731588,XRP-USDT,3.0863,3.0864,10.1,10.6
2025-07-24T06:14:43.919112,BTC-USDT,117789.54,117789.57,2.673863,3.362631
2025-07-24T06:14:43.946252,ETH-USDT,3572.09,3572.11,0.0067,0.0037
2025-07-24T06:14:44.305598,BTC-USDT,117785.57,117785.6,2.673793,3.362636
2025-07-24T06:14:44.330046,LTC-USDT,109.87,109.88,0.2611,0.002
2025-07-24T06:14:44.349072,ETH-USDT,3571.97,3571.99,0.0105,0.0103
2025-07-24T06:14:44.434206,SOL-USDT,183.78,183.79,516.175,0.014
2025-07-24T06:14:44.437734,XRP-USDT,3.0851,3.0852,10.5,5.8
2025-07-24T06:14:44.521403,BTC-USDT,117776.41,117776.44,2.673816,3.362603
2025-07-24T06:14:44.543467,ETH-USDT,3571.94,3571.96,0.0052,0.003
2025-07-24T06:14:44.581990,LTC-USDT,109.87,109.88,0.2611,0.002
2025-07-24T06:14:44.625652,XRP-USDT,3.0844,3.0845,12.6,9.5
2025-07-24T06:14:44.626943,SOL-USDT,183.75,183.79,185.522,172.408
2025-07-24T06:14:44.817961,BTC-USDT,117769.28,117769.32,2.673809,3.362619
2025-07-24T06:14:44.839619,ETH-USDT,3571.84,3571.86,0.0087,0.0071
2025-07-24T06:14:44.863843,LTC-USDT,109.85,109.87,0.3206,7.3007
2025-07-24T06:14:44.886287,SOL-USDT,183.75,183.79,185.522,172.278
2025-07-24T06:14:44.908208,XRP-USDT,3.0842,3.0844,8.0,12.4
2025-07-24T06:14:45.130429,BTC-USDT,117769.28,117769.31,2.673809,3.361856
2025-07-24T06:14:45.178489,ETH-USDT,3571.17,3571.19,0.0043,0.0043
2025-07-24T06:14:45.268095,SOL-USDT,183.75,183.79,185.522,172.278
2025-07-24T06:14:45.268141,XRP-USDT,3.0842,3.0844,8.0,12.4
2025-07-24T06:14:45.433539,BTC-USDT,117767.12,117767.15,2.67379,3.362625
2025-07-24T06:14:45.502324,ETH-USDT,3571.18,3571.2,0.0094,0.0106
2025-07-24T06:14:45.549934,LTC-USDT,109.84,109.85,0.3515,0.243
2025-07-24T06:14:45.567484,SOL-USDT,183.74,183.77,185.522,167.97
2025-07-24T06:14:45.592983,XRP-USDT,3.0836,3.0837,6.6,9.7
2025-07-24T06:14:45.733567,ETH-USDT,3571.22,3571.24,0.0033,0.0045
2025-07-24T06:14:45.804328,XRP-USDT,3.0832,3.0836,11.9,17287.9
2025-07-24T06:14:46.031724,BTC-USDT,117765.52,117765.56,2.673824,3.362646
2025-07-24T06:14:46.042917,ETH-USDT,3571.19,3571.21,0.0087,0.01
2025-07-24T06:14:46.123080,SOL-USDT,183.74,183.77,185.522,167.97
2025-07-24T06:14:46.141420,XRP-USDT,3.0834,3.0835,11.8,7.9
2025-07-24T06:14:46.329393,BTC-USDT,117765.53,117765.56,2.673059,3.362646
2025-07-24T06:14:46.367121,LTC-USDT,109.84,109.85,0.3515,0.243
2025-07-24T06:14:46.412980,SOL-USDT,183.74,183.77,185.522,167.97
2025-07-24T06:14:46.428724,XRP-USDT,3.0832,3.0834,5.0,5.1
2025-07-24T06:14:46.626160,BTC-USDT,117765.52,117765.55,2.673824,3.361856
2025-07-24T06:14:46.646973,ETH-USDT,3571.2,3571.22,0.0111,0.0068
2025-07-24T06:14:46.673449,LTC-USDT,109.84,109.85,0.3515,0.243
2025-07-24T06:14:46.714274,SOL-USDT,183.71,183.76,185.522,170.62
2025-07-24T06:14:46.727166,XRP-USDT,3.083,3.0834,198.1,5.1
2025-07-24T06:14:46.933479,BTC-USDT,117765.28,117765.31,2.673801,3.362626
2025-07-24T06:14:46.958994,ETH-USDT,3571.19,3571.21,0.0067,0.0042
2025-07-24T06:14:47.094846,SOL-USDT,183.71,183.76,185.522,170.62
2025-07-24T06:14:47.119221,XRP-USDT,3.083,3.0832,10.8,6.3
2025-07-24T06:14:47.244502,BTC-USDT,117765.28,117765.31,2.673801,3.362626
2025-07-24T06:14:47.261019,ETH-USDT,3571.19,3571.21,0.0067,0.0042
2025-07-24T06:14:47.289996,LTC-USDT,109.82,109.84,0.1394,0.2445
2025-07-24T06:14:47.329850,SOL-USDT,183.71,183.76,185.522,170.62
2025-07-24T06:14:47.554367,BTC-USDT,117765.28,117765.32,2.673801,3.362611
2025-07-24T06:14:47.574106,ETH-USDT,3571.19,3571.21,0.0047,0.0038
2025-07-24T06:14:47.606166,LTC-USDT,109.82,109.84,0.1394,0.2445
2025-07-24T06:14:47.619103,XRP-USDT,3.083,3.0832,10.8,6.3
2025-07-24T06:14:47.836716,BTC-USDT,117765.17,117765.2,2.673802,3.362651
2025-07-24T06:14:47.883951,ETH-USDT,3571.27,3571.28,0.0047,0.01
2025-07-24T06:14:47.894442,LTC-USDT,109.82,109.84,0.1394,0.2445
2025-07-24T06:14:47.921939,SOL-USDT,183.71,183.76,185.522,170.62
2025-07-24T06:14:48.137629,BTC-USDT,117764.93,117764.97,2.673804,3.36266
2025-07-24T06:14:48.161051,ETH-USDT,3571.23,3571.25,0.0105,0.0109
2025-07-24T06:14:48.296515,XRP-USDT,3.0826,3.0831,11.5,17287.9
2025-07-24T06:14:48.441906,BTC-USDT,117764.94,117764.98,2.673059,3.362657
2025-07-24T06:14:48.450310,ETH-USDT,3571.65,3571.67,0.0091,0.0054
2025-07-24T06:14:48.490243,LTC-USDT,109.8,109.83,0.1268,49.751
2025-07-24T06:14:48.494499,SOL-USDT,183.69,183.73,78.587,803.721
2025-07-24T06:14:48.519675,XRP-USDT,3.0823,3.0825,4.9,12.0
2025-07-24T06:14:48.735182,BTC-USDT,117764.93,117764.97,2.673804,3.361856
2025-07-24T06:14:48.760748,ETH-USDT,3571.59,3571.61,0.0094,0.0043
2025-07-24T06:14:48.850195,XRP-USDT,3.0821,3.0822,8.8,4.4
2025-07-24T06:14:49.034957,BTC-USDT,117764.58,117764.61,2.673827,3.361856
2025-07-24T06:14:49.094978,ETH-USDT,3571.47,3571.49,0.0094,0.0034
2025-07-24T06:14:49.149788,SOL-USDT,183.68,183.69,78.587,282.038
2025-07-24T06:14:49.340954,BTC-USDT,117764.5,117764.53,2.6254,3.08876
2025-07-24T06:14:49.361539,ETH-USDT,3571.07,3571.09,0.0036,0.0097
2025-07-24T06:14:49.381662,LTC-USDT,109.8,109.83,0.1268,49.751
2025-07-24T06:14:49.417776,SOL-USDT,183.68,183.69,78.587,282.038
2025-07-24T06:14:49.440767,XRP-USDT,3.0821,3.0822,8.8,4.4
2025-07-24T06:14:49.638990,BTC-USDT,117764.56,117764.6,2.624603,3.08876
2025-07-24T06:14:49.667456,ETH-USDT,3570.97,3570.99,0.0099,0.0072
2025-07-24T06:14:49.690624,LTC-USDT,109.8,109.83,0.1268,49.751
2025-07-24T06:14:49.950571,BTC-USDT,117764.5,117764.54,2.6254,3.08876
2025-07-24T06:14:50.078790,ETH-USDT,3570.97,3570.99,0.0043,0.0034
2025-07-24T06:14:50.136656,XRP-USDT,3.0817,3.0821,4.6,17287.9
2025-07-24T06:14:50.144045,SOL-USDT,183.68,183.69,78.587,282.038
2025-07-24T06:14:50.153404,LTC-USDT,109.8,109.83,0.1268,49.751
2025-07-24T06:14:50.257024,BTC-USDT,117762.84,117762.87,2.625388,3.089494
2025-07-24T06:14:50.270249,ETH-USDT,3570.41,3570.43,0.0036,0.0032
2025-07-24T06:14:50.300096,LTC-USDT,109.77,109.79,0.1394,0.1285
2025-07-24T06:14:50.343094,SOL-USDT,183.63,183.65,78.587,281.494
2025-07-24T06:14:50.363672,XRP-USDT,3.0815,3.0816,4.5,12.3
2025-07-24T06:14:50.542802,BTC-USDT,117763.06,117763.09,2.624603,3.089491
2025-07-24T06:14:50.615191,LTC-USDT,109.77,109.79,0.1394,0.1285
2025-07-24T06:14:50.672599,XRP-USDT,3.0808,3.0812,6.1,17287.9
2025-07-24T06:14:50.850033,BTC-USDT,117754.63,117754.67,2.624603,3.089525
2025-07-24T06:14:50.922568,ETH-USDT,3570.27,3570.29,0.0096,0.0048
2025-07-24T06:14:50.981770,SOL-USDT,183.61,183.62,78.587,282.038
2025-07-24T06:14:51.016789,XRP-USDT,3.0808,3.0812,6.1,17287.9
2025-07-24T06:14:51.156493,ETH-USDT,3569.93,3569.95,0.0096,0.007
2025-07-24T06:14:51.184609,LTC-USDT,109.76,109.78,0.0126,49.9182
2025-07-24T06:14:51.211926,SOL-USDT,183.61,183.62,78.587,282.038
2025-07-24T06:14:51.445141,BTC-USDT,117743.09,117743.13,2.625387,3.089492
2025-07-24T06:14:51.489086,ETH-USDT,3569.82,3569.84,0.0042,0.0072
2025-07-24T06:14:51.495188,LTC-USDT,109.76,109.78,0.0126,49.9182
2025-07-24T06:14:51.757194,BTC-USDT,117741.46,117741.5,2.625366,3.089564
2025-07-24T06:14:51.787887,ETH-USDT,3569.68,3569.74,0.0065,0.0037
2025-07-24T06:14:51.877778,SOL-USDT,183.6,183.61,78.587,254.263
2025-07-24T06:14:51.892771,XRP-USDT,3.0808,3.0812,6.1,17287.9
2025-07-24T06:14:52.061781,BTC-USDT,117744.2,117744.24,2.624603,3.089488
2025-07-24T06:14:52.089161,ETH-USDT,3569.61,3569.63,0.0085,0.0046
2025-07-24T06:14:52.110861,LTC-USDT,109.74,109.76,0.0126,50.0986
2025-07-24T06:14:52.161166,XRP-USDT,3.0809,3.081,6.8,7.9
2025-07-24T06:14:52.355423,BTC-USDT,117743.7,117743.74,2.624603,3.08876
2025-07-24T06:14:52.382476,ETH-USDT,3569.45,3569.47,0.005,0.0046
2025-07-24T06:14:52.464653,XRP-USDT,3.0809,3.081,6.8,7.9
2025-07-24T06:14:52.464704,SOL-USDT,183.6,183.61,78.587,254.263
2025-07-24T06:14:52.677116,ETH-USDT,3569.45,3569.47,0.0057,0.0097
2025-07-24T06:14:52.772938,LTC-USDT,109.74,109.76,0.0126,50.0986
2025-07-24T06:14:52.819438,XRP-USDT,3.0817,3.0818,4.5,4.2
2025-07-24T06:14:52.967915,BTC-USDT,117739.42,117739.46,2.624603,3.089543
2025-07-24T06:14:52.984434,ETH-USDT,3569.44,3569.46,0.0057,0.0037
2025-07-24T06:14:53.008021,LTC-USDT,109.75,109.77,0.0126,0.2631
2025-07-24T06:14:53.029702,SOL-USDT,183.6,183.62,0.544,282.038
2025-07-24T06:14:53.049668,XRP-USDT,3.0825,3.0828,5.9,9.9
2025-07-24T06:14:53.273506,BTC-USDT,117739.42,117739.46,2.624603,3.089543
2025-07-24T06:14:53.283381,ETH-USDT,3569.4,3569.42,0.0046,0.0032
2025-07-24T06:14:53.411524,LTC-USDT,109.77,109.79,0.0126,49.863
2025-07-24T06:14:53.422334,XRP-USDT,3.0825,3.0826,5.7,3.4
2025-07-24T06:14:53.563000,BTC-USDT,117739.42,117739.45,2.624603,3.08876
2025-07-24T06:14:53.594504,ETH-USDT,3569.42,3569.44,0.011,0.0047
2025-07-24T06:14:53.621116,LTC-USDT,109.75,109.76,0.0126,0.1147
2025-07-24T06:14:53.648095,SOL-USDT,183.58,183.59,78.587,282.038
2025-07-24T06:14:53.660893,XRP-USDT,3.0819,3.0821,5.1,8.2
2025-07-24T06:14:53.934229,SOL-USDT,183.58,183.59,78.587,282.038
2025-07-24T06:14:54.162831,BTC-USDT,117739.15,117739.18,2.62536,3.08876
2025-07-24T06:14:54.178663,ETH-USDT,3569.43,3569.45,0.0073,0.0051
2025-07-24T06:14:54.275806,SOL-USDT,183.58,183.59,78.587,282.038
2025-07-24T06:14:54.480844,BTC-USDT,117739.14,117739.18,2.625365,3.08876
2025-07-24T06:14:54.487136,ETH-USDT,3569.37,3569.39,0.0029,0.0066
2025-07-24T06:14:54.521988,LTC-USDT,109.75,109.76,0.0126,0.1147
2025-07-24T06:14:54.563847,XRP-USDT,3.0821,3.0822,10.2,8.4
2025-07-24T06:14:54.787517,ETH-USDT,3569.37,3569.39,0.0094,0.0099
2025-07-24T06:14:54.855064,SOL-USDT,183.58,183.59,78.587,282.038
2025-07-24T06:14:55.057795,BTC-USDT,117739.13,117739.17,2.62534,3.08876
2025-07-24T06:14:55.088461,ETH-USDT,3569.37,3569.39,0.0086,0.0094
2025-07-24T06:14:55.114829,LTC-USDT,109.73,109.74,0.0126,0.3513
2025-07-24T06:14:55.169124,SOL-USDT,183.56,183.58,78.587,281.494
2025-07-24T06:14:55.185546,XRP-USDT,3.0818,3.082,7.4,9.2
2025-07-24T06:14:55.364324,BTC-USDT,117739.13,117739.16,2.62534,3.08876
2025-07-24T06:14:55.376169,ETH-USDT,3568.47,3569.34,3.4435,0.01
2025-07-24T06:14:55.410556,LTC-USDT,109.71,109.73,0.0126,50.0829
2025-07-24T06:14:55.434154,SOL-USDT,183.56,183.58,78.587,281.494
2025-07-24T06:14:55.468535,XRP-USDT,3.0817,3.0818,3.5,10.4
2025-07-24T06:14:55.669115,BTC-USDT,117739.13,117739.17,2.62534,3.08876
2025-07-24T06:14:55.784286,LTC-USDT,109.72,109.74,0.0126,0.2914
2025-07-24T06:14:55.800534,XRP-USDT,3.0816,3.0817,12.7,11.2
2025-07-24T06:14:55.961718,BTC-USDT,117739.13,117739.16,2.62534,3.08876
2025-07-24T06:14:55.978090,ETH-USDT,3569.12,3569.14,0.0096,0.0109
2025-07-24T06:14:56.054054,LTC-USDT,109.71,109.73,0.0126,49.8886
2025-07-24T06:14:56.122472,XRP-USDT,3.0809,3.081,7.9,8.8
2025-07-24T06:14:56.279646,BTC-USDT,117739.13,117739.16,2.62534,3.08876
2025-07-24T06:14:56.312299,LTC-USDT,109.71,109.73,0.0126,49.8886
2025-07-24T06:14:56.348530,SOL-USDT,183.56,183.58,78.587,281.494
2025-07-24T06:14:56.618965,ETH-USDT,3569.12,3569.14,0.0096,0.0109
2025-07-24T06:14:56.664601,XRP-USDT,3.0809,3.081,4.3,8.8
2025-07-24T06:14:56.859860,BTC-USDT,117739.14,117739.17,2.624603,3.08876
2025-07-24T06:14:56.899274,LTC-USDT,109.71,109.73,0.0126,49.8886
2025-07-24T06:14:57.162722,BTC-USDT,117739.13,117739.17,2.62534,3.08876
2025-07-24T06:14:57.174016,ETH-USDT,3569.13,3569.15,0.0038,0.0066
2025-07-24T06:14:57.242543,SOL-USDT,183.56,183.58,78.587,281.494
2025-07-24T06:14:57.469706,BTC-USDT,117739.13,117739.17,2.62534,3.08876
2025-07-24T06:14:57.532297,LTC-USDT,109.71,109.73,0.0126,49.8886
2025-07-24T06:14:57.541424,ETH-USDT,3569.14,3569.16,0.0063,0.0106
2025-07-24T06:14:57.581487,XRP-USDT,3.0809,3.081,4.3,8.8
2025-07-24T06:14:57.767487,BTC-USDT,117739.13,117739.16,2.62534,3.088643
2025-07-24T06:14:57.810544,LTC-USDT,109.71,109.73,0.0126,49.8886
2025-07-24T06:14:57.843358,SOL-USDT,183.56,183.58,78.587,281.494
2025-07-24T06:14:57.864115,XRP-USDT,3.0809,3.0813,4.3,7049.5
2025-07-24T06:14:58.068548,BTC-USDT,117739.13,117739.17,2.62534,3.08876
2025-07-24T06:14:58.075602,ETH-USDT,3569.14,3569.16,0.0063,0.0106
2025-07-24T06:14:58.412673,BTC-USDT,117739.13,117739.17,2.62534,3.08876
2025-07-24T06:14:58.475321,SOL-USDT,183.56,183.58,78.587,281.494
2025-07-24T06:14:58.493897,XRP-USDT,3.0814,3.0815,3.8,5.9
2025-07-24T06:14:58.675922,BTC-USDT,117739.13,117739.17,2.62534,3.08876
2025-07-24T06:14:58.753111,LTC-USDT,109.71,109.73,0.0126,49.8886
2025-07-24T06:14:58.807985,SOL-USDT,183.58,183.59,157.799,118.569
2025-07-24T06:14:58.822856,XRP-USDT,3.0811,3.0812,9.2,10.1
2025-07-24T06:14:59.035297,BTC-USDT,117739.14,117739.18,2.624603,3.08876
2025-07-24T06:14:59.092189,XRP-USDT,3.0822,3.0823,7.6,3.7
2025-07-24T06:14:59.106827,LTC-USDT,109.71,109.73,0.0126,49.8886
2025-07-24T06:14:59.110052,ETH-USDT,3569.17,3569.19,0.0088,0.0033
2025-07-24T06:14:59.358045,SOL-USDT,183.58,183.59,157.799,117.48
2025-07-24T06:14:59.380468,XRP-USDT,3.0819,3.082,5.8,4.5
2025-07-24T06:14:59.570371,BTC-USDT,117739.14,117739.17,1.799834,6.164794
2025-07-24T06:14:59.617265,LTC-USDT,109.71,109.73,0.0126,49.8886
2025-07-24T06:14:59.683058,XRP-USDT,3.0817,3.0818,3.7,11.4
2025-07-24T06:14:59.884555,ETH-USDT,3569.17,3569.19,0.0088,0.0033
2025-07-24T06:14:59.921235,LTC-USDT,109.72,109.74,0.2474,0.1305
2025-07-24T06:14:59.968931,XRP-USDT,3.0817,3.0818,3.7,11.4
2025-07-24T06:15:00.174562,BTC-USDT,117739.14,117739.18,1.799834,6.164815
2025-07-24T06:15:00.240630,LTC-USDT,109.72,109.74,0.2474,0.1305
2025-07-24T06:15:00.276496,SOL-USDT,183.58,183.59,157.799,117.48
2025-07-24T06:15:00.295642,XRP-USDT,3.0819,3.0821,5.9,12.9
2025-07-24T06:15:00.491205,BTC-USDT,117739.14,117739.18,1.799834,6.164815
2025-07-24T06:15:00.499427,ETH-USDT,3569.13,3569.15,0.006,0.0087
2025-07-24T06:15:00.535431,LTC-USDT,109.72,109.74,0.2474,0.1305
2025-07-24T06:15:00.593996,SOL-USDT,183.63,183.65,157.799,118.569
2025-07-24T06:15:00.785773,BTC-USDT,117739.14,117739.18,1.799834,6.164815
2025-07-24T06:15:00.828943,ETH-USDT,3569.22,3569.24,0.0029,0.0093
2025-07-24T06:15:00.861891,LTC-USDT,109.72,109.74,0.2474,0.1305
2025-07-24T06:15:00.910442,SOL-USDT,183.66,183.67,157.799,118.569
2025-07-24T06:15:00.933942,XRP-USDT,3.0825,3.0826,9.9,5.3
2025-07-24T06:15:01.086688,BTC-USDT,117739.15,117739.19,1.799834,6.164756
2025-07-24T06:15:01.108214,ETH-USDT,3569.47,3569.49,0.0065,0.0032
2025-07-24T06:15:01.139096,LTC-USDT,109.74,109.76,8.3663,0.1073
2025-07-24T06:15:01.171456,SOL-USDT,183.67,183.68,157.255,118.569
2025-07-24T06:15:01.230679,XRP-USDT,3.0825,3.0828,12.4,9.6
2025-07-24T06:15:01.391143,BTC-USDT,117740.32,117740.36,1.799834,6.164024
2025-07-24T06:15:01.411716,ETH-USDT,3569.47,3569.49,0.0065,0.0032
2025-07-24T06:15:01.441076,LTC-USDT,109.74,109.76,8.3663,0.1073
2025-07-24T06:15:01.498701,SOL-USDT,183.66,183.67,157.799,118.025
2025-07-24T06:15:01.503798,XRP-USDT,3.0822,3.0823,8.6,5.3
2025-07-24T06:15:01.697806,BTC-USDT,117753.53,117753.56,1.799834,6.164753
2025-07-24T06:15:01.791853,ETH-USDT,3569.5,3569.52,0.0039,0.0036
2025-07-24T06:15:01.841714,XRP-USDT,3.0819,3.0821,3.5,4.8
2025-07-24T06:15:01.985669,BTC-USDT,117753.53,117753.56,1.799834,6.164753
2025-07-24T06:15:02.029694,ETH-USDT,3569.53,3569.55,0.007,0.0052
2025-07-24T06:15:02.066689,LTC-USDT,109.72,109.75,0.1774,25.3028
2025-07-24T06:15:02.119616,XRP-USDT,3.0808,3.0809,8.8,10.4
2025-07-24T06:15:02.136524,SOL-USDT,183.62,183.63,157.799,118.569
2025-07-24T06:15:02.299119,BTC-USDT,117754.54,117754.57,1.800615,6.164811
2025-07-24T06:15:02.307177,ETH-USDT,3569.43,3569.52,0.0062,0.0052
2025-07-24T06:15:02.590712,BTC-USDT,117754.54,117754.57,1.800615,6.164811
2025-07-24T06:15:02.619383,ETH-USDT,3569.37,3569.39,0.0112,0.0076
2025-07-24T06:15:02.651813,LTC-USDT,109.68,109.7,8.6529,0.2257
2025-07-24T06:15:02.725364,XRP-USDT,3.0804,3.0806,7.9,9.8
2025-07-24T06:15:02.906196,BTC-USDT,117762.48,117762.51,1.799834,6.164817
2025-07-24T06:15:03.036181,SOL-USDT,183.56,183.58,157.799,118.025
2025-07-24T06:15:03.063485,XRP-USDT,3.08,3.0801,11.3,6.3
2025-07-24T06:15:03.201358,BTC-USDT,117762.32,117762.36,1.799834,6.164759
2025-07-24T06:15:03.232919,ETH-USDT,3568.75,3568.77,0.0041,0.0031
2025-07-24T06:15:03.354193,XRP-USDT,3.08,3.0801,0.6,7065.7
2025-07-24T06:15:03.493373,BTC-USDT,117756.35,117756.39,1.799834,6.164775
2025-07-24T06:15:03.513837,ETH-USDT,3568.73,3568.75,0.0033,0.011
2025-07-24T06:15:03.530741,LTC-USDT,109.68,109.7,8.6529,0.2257
2025-07-24T06:15:03.592921,XRP-USDT,3.079,3.0791,1.6,12.8
2025-07-24T06:15:03.842463,BTC-USDT,117757.64,117757.67,1.799834,6.164776
2025-07-24T06:15:03.881127,ETH-USDT,3568.73,3568.76,0.0059,0.0058
2025-07-24T06:15:03.941220,SOL-USDT,183.56,183.58,157.799,118.025
2025-07-24T06:15:04.113943,BTC-USDT,117756.24,117756.27,1.799834,6.164826
2025-07-24T06:15:04.146690,ETH-USDT,3568.73,3568.76,0.0059,0.0058
2025-07-24T06:15:04.180218,XRP-USDT,3.0792,3.0793,1.6,8.5
2025-07-24T06:15:04.473016,BTC-USDT,117754.27,117754.3,1.800637,6.16482
2025-07-24T06:15:04.477660,ETH-USDT,3568.71,3568.73,0.004,0.0048
2025-07-24T06:15:04.481132,LTC-USDT,109.68,109.7,8.6529,0.2257
2025-07-24T06:15:04.506729,SOL-USDT,183.56,183.58,157.799,118.025
2025-07-24T06:15:04.548820,XRP-USDT,3.0787,3.0793,1.2,8.5
2025-07-24T06:15:04.693707,BTC-USDT,117754.29,117754.32,1.799834,6.164808
2025-07-24T06:15:04.999411,BTC-USDT,117754.29,117754.32,1.799834,6.164808
2025-07-24T06:15:05.017986,ETH-USDT,3568.71,3569.56,0.004,12.9101
2025-07-24T06:15:05.044307,LTC-USDT,109.7,109.71,0.2151,0.3255
2025-07-24T06:15:05.077404,SOL-USDT,183.56,183.58,157.799,118.025
2025-07-24T06:15:05.396791,XRP-USDT,3.0787,3.0793,1.2,8.5
2025-07-24T06:15:05.598591,BTC-USDT,117754.29,117754.32,1.799834,6.164024
2025-07-24T06:15:05.664791,ETH-USDT,3568.71,3569.56,0.004,12.9101
2025-07-24T06:15:05.667455,LTC-USDT,109.72,109.74,8.3663,0.286
2025-07-24T06:15:05.743468,XRP-USDT,3.0798,3.08,1.6,8.9
2025-07-24T06:15:05.908977,BTC-USDT,117754.88,117754.91,1.799834,6.1648
2025-07-24T06:15:05.970807,LTC-USDT,109.72,109.74,8.3663,0.286
2025-07-24T06:15:05.980771,SOL-USDT,183.59,183.6,157.799,118.569
2025-07-24T06:15:06.013588,XRP-USDT,3.0807,3.0811,1.6,13275.8
2025-07-24T06:15:06.228112,BTC-USDT,117754.88,117754.92,1.799834,6.164802
2025-07-24T06:15:06.229493,ETH-USDT,3568.93,3568.95,0.0056,0.0097
2025-07-24T06:15:06.306996,XRP-USDT,3.0811,3.0815,1.6,6.2
2025-07-24T06:15:06.510181,BTC-USDT,117754.88,117754.92,1.799834,6.164802
2025-07-24T06:15:06.541471,ETH-USDT,3568.95,3568.97,0.0101,0.0028
2025-07-24T06:15:06.611608,XRP-USDT,3.0811,3.0815,16.4,9.8
2025-07-24T06:15:06.805095,BTC-USDT,117755.56,117755.6,1.799834,6.164767
2025-07-24T06:15:06.824343,ETH-USDT,3569.48,3569.5,0.0074,0.0078
2025-07-24T06:15:06.848510,LTC-USDT,109.72,109.74,8.3663,0.286
2025-07-24T06:15:06.891723,SOL-USDT,183.59,183.6,157.799,118.569
2025-07-24T06:15:06.899050,XRP-USDT,3.0816,3.0817,1.6,9.1
2025-07-24T06:15:07.099513,BTC-USDT,117755.56,117755.6,1.799834,6.16464
2025-07-24T06:15:07.119699,ETH-USDT,3569.47,3569.49,0.009,0.0059
2025-07-24T06:15:07.426013,BTC-USDT,117756.06,117756.1,1.799834,6.16483
2025-07-24T06:15:07.488373,LTC-USDT,109.79,109.81,0.1956,0.0304
2025-07-24T06:15:07.532393,XRP-USDT,3.0816,3.0817,1.6,9.1
2025-07-24T06:15:07.709577,BTC-USDT,117756.06,117756.09,1.799834,6.164024
2025-07-24T06:15:07.727271,ETH-USDT,3569.48,3569.5,0.0041,0.0066
2025-07-24T06:15:07.792099,SOL-USDT,183.59,183.6,157.799,118.569
2025-07-24T06:15:07.810263,XRP-USDT,3.0816,3.0817,1.6,9.1
2025-07-24T06:15:08.104795,SOL-USDT,183.61,183.62,386.53,85.712
2025-07-24T06:15:08.123442,XRP-USDT,3.0817,3.0818,1.6,7.2
2025-07-24T06:15:08.324592,BTC-USDT,117756.07,117756.1,1.799834,6.16483
2025-07-24T06:15:08.340601,ETH-USDT,3569.61,3569.63,0.0091,0.0042
2025-07-24T06:15:08.372054,LTC-USDT,109.79,109.81,0.1956,0.0304
2025-07-24T06:15:08.426627,SOL-USDT,183.63,183.64,385.986,85.712
2025-07-24T06:15:08.440317,XRP-USDT,3.0828,3.0829,1.6,9.6
2025-07-24T06:15:08.649928,ETH-USDT,3569.87,3569.89,0.0106,0.0052
2025-07-24T06:15:08.699357,SOL-USDT,183.63,183.64,385.932,85.712
2025-07-24T06:15:08.908342,BTC-USDT,117756.4,117756.44,1.799834,6.164786
2025-07-24T06:15:08.921639,ETH-USDT,3569.8,3569.82,0.0042,0.006
2025-07-24T06:15:08.963428,LTC-USDT,109.79,109.81,0.1956,0.0304
2025-07-24T06:15:09.052378,XRP-USDT,3.0826,3.0828,1.6,12.8
2025-07-24T06:15:09.233223,BTC-USDT,117756.74,117756.78,1.799834,6.164795
2025-07-24T06:15:09.233296,ETH-USDT,3569.78,3569.8,0.0041,0.0086
2025-07-24T06:15:09.314823,SOL-USDT,183.63,183.64,385.932,85.712
2025-07-24T06:15:09.324949,XRP-USDT,3.0822,3.0823,1.6,4.9
2025-07-24T06:15:09.517135,BTC-USDT,117756.07,117756.11,1.799708,6.16475
2025-07-24T06:15:09.545682,ETH-USDT,3569.92,3569.94,0.0098,0.0078
2025-07-24T06:15:09.563305,LTC-USDT,109.79,109.81,0.1956,0.0304
2025-07-24T06:15:09.618436,XRP-USDT,3.0825,3.0826,1.6,7.4
2025-07-24T06:15:09.814532,BTC-USDT,117756.07,117756.1,4.735746,0.171194
2025-07-24T06:15:09.845409,ETH-USDT,3569.95,3569.97,0.0079,0.0046
2025-07-24T06:15:09.873291,LTC-USDT,109.81,109.82,0.136,0.0304
2025-07-24T06:15:09.917430,SOL-USDT,183.69,183.7,386.53,85.712
2025-07-24T06:15:10.116109,BTC-USDT,117757.57,117757.6,4.735768,0.171932
2025-07-24T06:15:10.132666,ETH-USDT,3570.21,3570.23,0.0104,0.0108
2025-07-24T06:15:10.215269,XRP-USDT,3.0828,3.083,16.6,0.6
2025-07-24T06:15:10.418980,BTC-USDT,117758.96,117758.99,4.735723,0.171987
2025-07-24T06:15:10.470617,ETH-USDT,3570.16,3570.17,0.0051,0.0061
2025-07-24T06:15:10.491076,LTC-USDT,109.81,109.84,40.5836,0.3042
2025-07-24T06:15:10.509782,XRP-USDT,3.0828,3.083,1.6,4.5
2025-07-24T06:15:10.717152,BTC-USDT,117763.43,117763.47,4.735777,0.171965
2025-07-24T06:15:10.740003,ETH-USDT,3570.5,3570.51,0.005,0.0045
2025-07-24T06:15:10.797671,SOL-USDT,183.69,183.7,386.53,85.712
2025-07-24T06:15:11.019211,BTC-USDT,117769.55,117769.58,4.735777,0.171979
2025-07-24T06:15:11.044475,ETH-USDT,3570.52,3570.54,0.0097,0.008
2025-07-24T06:15:11.069671,LTC-USDT,109.81,109.84,40.5836,0.3042
2025-07-24T06:15:11.111052,SOL-USDT,183.71,183.72,386.53,85.712
2025-07-24T06:15:11.137651,XRP-USDT,3.0829,3.083,5.4,0.6
2025-07-24T06:15:11.319272,BTC-USDT,117766.45,117766.48,4.735778,0.171194
2025-07-24T06:15:11.356516,ETH-USDT,3570.52,3570.54,0.0035,0.0069
2025-07-24T06:15:11.401132,SOL-USDT,183.71,183.72,386.498,85.712
2025-07-24T06:15:11.410751,XRP-USDT,3.0829,3.083,3.6,0.6
2025-07-24T06:15:11.625073,BTC-USDT,117769.8,117769.83,4.735711,0.171194
2025-07-24T06:15:11.699054,SOL-USDT,183.73,183.75,385.986,85.712
2025-07-24T06:15:11.724497,XRP-USDT,3.0842,3.0843,1.6,4.8
2025-07-24T06:15:11.968681,BTC-USDT,117770.94,117770.98,4.735712,0.171962
2025-07-24T06:15:11.998374,ETH-USDT,3570.52,3570.54,0.0035,0.0069
2025-07-24T06:15:12.049864,LTC-USDT,109.81,109.84,40.5836,0.3042
2025-07-24T06:15:12.069171,SOL-USDT,183.75,183.76,386.53,85.712
2025-07-24T06:15:12.088437,XRP-USDT,3.0838,3.0839,1.6,3.7
2025-07-24T06:15:12.223258,BTC-USDT,117770.95,117770.99,4.734977,0.171941
2025-07-24T06:15:12.250091,ETH-USDT,3570.56,3570.58,0.0088,0.0062
2025-07-24T06:15:12.277488,LTC-USDT,109.85,109.88,0.3411,0.191
2025-07-24T06:15:12.328986,XRP-USDT,3.0841,3.0842,1.6,9.2
2025-07-24T06:15:12.527138,BTC-USDT,117770.95,117770.99,4.734977,0.171941
2025-07-24T06:15:12.541451,ETH-USDT,3570.81,3570.83,0.0069,0.005
2025-07-24T06:15:12.571250,LTC-USDT,109.85,109.88,0.3411,0.191
2025-07-24T06:15:12.605422,SOL-USDT,183.77,183.78,386.53,85.712
2025-07-24T06:15:12.645952,XRP-USDT,3.0844,3.0845,1.6,11.3
2025-07-24T06:15:12.820271,BTC-USDT,117771.29,117771.33,4.735728,0.171987
2025-07-24T06:15:12.842102,ETH-USDT,3571.12,3571.14,0.0096,0.0066
2025-07-24T06:15:12.939165,LTC-USDT,109.85,109.88,0.3411,0.191
2025-07-24T06:15:12.981359,SOL-USDT,183.77,183.78,386.53,85.712
2025-07-24T06:15:13.124803,BTC-USDT,117772.34,117772.37,4.735758,0.171975
2025-07-24T06:15:13.152124,ETH-USDT,3571.21,3571.23,0.0048,0.0035
2025-07-24T06:15:13.183261,LTC-USDT,109.85,109.88,0.3411,0.191
2025-07-24T06:15:13.209437,SOL-USDT,183.78,183.8,385.986,85.764
2025-07-24T06:15:13.222172,XRP-USDT,3.0849,3.085,1.6,10.7
2025-07-24T06:15:13.454977,ETH-USDT,3571.21,3571.23,0.0048,0.0035
2025-07-24T06:15:13.496391,LTC-USDT,109.87,109.88,0.1367,0.002
2025-07-24T06:15:13.582344,SOL-USDT,183.78,183.8,772.516,0.052
2025-07-24T06:15:13.725375,BTC-USDT,117778.57,117778.6,4.735734,0.171976
2025-07-24T06:15:13.749126,ETH-USDT,3571.42,3571.44,0.0051,0.0053
2025-07-24T06:15:13.823895,SOL-USDT,183.78,183.8,772.516,0.052
2025-07-24T06:15:13.842599,XRP-USDT,3.0853,3.0854,1.6,4.6
2025-07-24T06:15:14.052615,ETH-USDT,3571.42,3571.43,0.0096,0.0037
2025-07-24T06:15:14.101520,LTC-USDT,109.87,109.88,40.5836,0.002
2025-07-24T06:15:14.349122,BTC-USDT,117778.57,117778.61,4.735734,0.171967
2025-07-24T06:15:14.363736,ETH-USDT,3571.87,3571.89,0.0071,0.0045
2025-07-24T06:15:14.462755,XRP-USDT,3.0853,3.0854,1.6,4.6
2025-07-24T06:15:14.719913,ETH-USDT,3571.9,3571.92,0.0029,0.0092
2025-07-24T06:15:14.755630,SOL-USDT,183.78,183.8,772.516,0.052
2025-07-24T06:15:14.971190,BTC-USDT,117780.89,117780.92,4.735724,0.171999
2025-07-24T06:15:14.992570,ETH-USDT,3571.89,3571.91,0.0061,0.0035
2025-07-24T06:15:15.025131,LTC-USDT,109.87,109.88,40.5836,0.002
2025-07-24T06:15:15.053616,SOL-USDT,183.78,183.8,772.516,0.052
2025-07-24T06:15:15.067567,XRP-USDT,3.0853,3.0854,1.6,4.6
2025-07-24T06:15:15.290778,BTC-USDT,117782.1,117782.13,4.735744,0.171818
2025-07-24T06:15:15.327564,ETH-USDT,3571.9,3571.92,0.0051,0.0104
2025-07-24T06:15:15.351491,LTC-USDT,109.87,109.88,0.2644,0.002
2025-07-24T06:15:15.570726,BTC-USDT,117791.04,117791.07,4.735752,0.171949
2025-07-24T06:15:15.587725,ETH-USDT,3571.9,3571.92,0.0056,0.0084
2025-07-24T06:15:15.681390,XRP-USDT,3.0857,3.0859,1.6,6.7
2025-07-24T06:15:15.973585,LTC-USDT,109.87,109.88,0.2644,0.002
2025-07-24T06:15:16.009763,SOL-USDT,183.78,183.8,772.516,0.052
2025-07-24T06:15:16.172054,BTC-USDT,117791.04,117791.07,4.735752,0.171949
2025-07-24T06:15:16.199164,ETH-USDT,3571.9,3571.92,0.0098,0.0087
2025-07-24T06:15:16.224430,LTC-USDT,109.87,109.88,0.2644,0.002
2025-07-24T06:15:16.279604,XRP-USDT,3.0853,3.0854,4.9,4.3
2025-07-24T06:15:16.498556,ETH-USDT,3571.95,3571.97,0.0046,0.0041
2025-07-24T06:15:16.499418,BTC-USDT,117791.04,117791.07,4.735752,0.171949
2025-07-24T06:15:16.522565,LTC-USDT,109.85,109.87,0.3146,0.3042
2025-07-24T06:15:16.586665,XRP-USDT,3.0842,3.0851,5.6,7.9
2025-07-24T06:15:16.766789,BTC-USDT,117791.04,117791.07,4.735752,0.171949
2025-07-24T06:15:16.791304,ETH-USDT,3571.81,3571.83,0.0109,0.0046
2025-07-24T06:15:16.817533,LTC-USDT,109.84,109.85,0.1686,0.0304
2025-07-24T06:15:16.854032,SOL-USDT,183.78,183.8,772.516,0.052
2025-07-24T06:15:16.875706,XRP-USDT,3.0845,3.0847,4.1,3.2
2025-07-24T06:15:17.071479,BTC-USDT,117791.04,117791.07,4.735752,0.171949
2025-07-24T06:15:17.092240,ETH-USDT,3571.81,3571.83,0.0109,0.0046
2025-07-24T06:15:17.179770,XRP-USDT,3.0841,3.0842,5.0,3.9
2025-07-24T06:15:17.406591,ETH-USDT,3571.73,3571.75,0.0093,0.0057
2025-07-24T06:15:17.416497,LTC-USDT,109.84,109.85,0.1686,0.0304
2025-07-24T06:15:17.679401,BTC-USDT,117791.18,117791.21,4.735768,0.171995
2025-07-24T06:15:17.700304,ETH-USDT,3571.77,3571.79,0.0069,0.003
2025-07-24T06:15:17.782741,SOL-USDT,183.78,183.79,155.735,104.475
2025-07-24T06:15:17.782789,XRP-USDT,3.0836,3.084,10.8,5908.4
2025-07-24T06:15:17.977314,BTC-USDT,117791.18,117791.22,4.735768,0.171964
2025-07-24T06:15:18.007309,ETH-USDT,3571.79,3571.81,0.0062,0.0093
2025-07-24T06:15:18.031139,LTC-USDT,109.84,109.85,0.1686,0.0304
2025-07-24T06:15:18.069492,SOL-USDT,183.78,183.79,155.735,104.475
2025-07-24T06:15:18.084326,XRP-USDT,3.0835,3.0836,6.6,9.5
2025-07-24T06:15:18.307598,ETH-USDT,3571.7,3571.72,0.0072,0.0104
2025-07-24T06:15:18.372612,XRP-USDT,3.0834,3.0835,10.5,6.0
2025-07-24T06:15:18.573439,BTC-USDT,117791.18,117791.21,4.735768,0.171195
2025-07-24T06:15:18.665890,SOL-USDT,183.78,183.79,155.735,104.475
2025-07-24T06:15:18.953358,BTC-USDT,117791.18,117791.22,4.735768,0.171964
2025-07-24T06:15:19.020981,LTC-USDT,109.85,109.86,0.3334,0.1448
2025-07-24T06:15:19.048207,ETH-USDT,3571.73,3571.75,0.01,0.0058
2025-07-24T06:15:19.054313,XRP-USDT,3.0825,3.0828,5.0,7.8
2025-07-24T06:15:19.198155,BTC-USDT,117791.18,117791.22,4.735768,0.171964
2025-07-24T06:15:19.244734,LTC-USDT,109.84,109.85,0.2696,0.0994
2025-07-24T06:15:19.297900,SOL-USDT,183.75,183.76,155.735,104.475
2025-07-24T06:15:19.479814,BTC-USDT,117791.07,117791.1,1.549666,3.325101
2025-07-24T06:15:19.511384,ETH-USDT,3571.45,3571.47,0.0057,0.0031
2025-07-24T06:15:19.544677,LTC-USDT,109.82,109.84,0.1549,14.845
2025-07-24T06:15:19.625312,XRP-USDT,3.0819,3.082,4.4,8.0
2025-07-24T06:15:19.786402,BTC-USDT,117791.01,117791.04,1.549672,3.325101
2025-07-24T06:15:19.809721,ETH-USDT,3571.29,3571.31,0.0044,0.0037
2025-07-24T06:15:19.834277,LTC-USDT,109.82,109.84,0.1549,14.845
2025-07-24T06:15:19.895923,SOL-USDT,183.73,183.75,155.735,103.931
2025-07-24T06:15:19.943596,XRP-USDT,3.0819,3.082,4.4,8.0
2025-07-24T06:15:20.085102,BTC-USDT,117789.34,117789.38,1.54887,3.325873
2025-07-24T06:15:20.143245,ETH-USDT,3571.24,3571.26,0.0111,0.0069
2025-07-24T06:15:20.222466,SOL-USDT,183.72,183.73,155.735,104.475
2025-07-24T06:15:20.222527,XRP-USDT,3.0812,3.0813,11.3,9.9
2025-07-24T06:15:20.394118,BTC-USDT,117785.66,117785.7,1.549622,3.325878
2025-07-24T06:15:20.429196,ETH-USDT,3571.11,3571.13,0.0107,0.0071
2025-07-24T06:15:20.431262,LTC-USDT,109.81,109.82,0.2707,0.1285
2025-07-24T06:15:20.493739,SOL-USDT,183.72,183.73,155.735,104.475
2025-07-24T06:15:20.497998,XRP-USDT,3.0812,3.0813,11.3,9.9
2025-07-24T06:15:20.682993,BTC-USDT,117783.32,117783.35,1.549634,3.325872
2025-07-24T06:15:20.713366,ETH-USDT,3571.05,3571.07,0.0056,0.0099
2025-07-24T06:15:20.776429,SOL-USDT,183.72,183.73,154.84,104.475
2025-07-24T06:15:20.987080,BTC-USDT,117781.55,117781.58,1.5496,3.325864
2025-07-24T06:15:21.007326,ETH-USDT,3571.03,3571.05,0.007,0.007
2025-07-24T06:15:21.073485,SOL-USDT,183.72,183.73,154.84,104.475
2025-07-24T06:15:21.294727,BTC-USDT,117780.83,117780.86,1.549601,3.325855
2025-07-24T06:15:21.314377,ETH-USDT,3571.0,3571.02,0.0051,0.0039
2025-07-24T06:15:21.336489,LTC-USDT,109.81,109.82,0.2707,0.1285
2025-07-24T06:15:21.388913,SOL-USDT,183.69,183.72,155.735,103.931
2025-07-24T06:15:21.394752,XRP-USDT,3.0814,3.0815,5.9,8.0
2025-07-24T06:15:21.597786,BTC-USDT,117780.64,117780.67,1.548869,3.3251
2025-07-24T06:15:21.699642,SOL-USDT,183.69,183.72,155.735,103.931
2025-07-24T06:15:21.744231,XRP-USDT,3.0815,3.0816,8.7,6.8
2025-07-24T06:15:21.751268,LTC-USDT,109.81,109.82,0.2707,0.1285
2025-07-24T06:15:21.895715,BTC-USDT,117780.64,117780.67,1.548869,3.3251
2025-07-24T06:15:21.915154,ETH-USDT,3571.05,3571.07,0.0097,0.0041
2025-07-24T06:15:21.948992,LTC-USDT,109.81,109.82,0.2707,0.1285
2025-07-24T06:15:21.973527,SOL-USDT,183.69,183.72,155.735,103.931
2025-07-24T06:15:21.992328,XRP-USDT,3.0817,3.0818,9.7,10.1
2025-07-24T06:15:22.206247,ETH-USDT,3571.02,3571.03,0.01,0.0077
2025-07-24T06:15:22.490327,BTC-USDT,117780.63,117780.66,1.549612,3.3251
2025-07-24T06:15:22.513407,ETH-USDT,3570.97,3570.99,0.0069,0.0047
2025-07-24T06:15:22.546135,LTC-USDT,109.81,109.82,0.2707,0.1285
2025-07-24T06:15:22.830156,BTC-USDT,117780.62,117780.66,1.549621,3.3251
2025-07-24T06:15:22.855830,ETH-USDT,3571.01,3571.03,0.0098,0.0032
2025-07-24T06:15:22.910864,SOL-USDT,183.69,183.72,155.735,103.931
2025-07-24T06:15:22.915145,XRP-USDT,3.0817,3.0818,9.7,10.1
2025-07-24T06:15:23.090058,BTC-USDT,117780.61,117780.65,1.549625,3.3251
2025-07-24T06:15:23.118265,ETH-USDT,3571.01,3571.03,0.0058,0.005
2025-07-24T06:15:23.395343,BTC-USDT,117780.62,117780.66,1.548869,3.3251
2025-07-24T06:15:23.420353,ETH-USDT,3571.06,3571.08,0.0106,0.0098
2025-07-24T06:15:23.455603,LTC-USDT,109.81,109.82,0.2707,0.1285
2025-07-24T06:15:23.477688,SOL-USDT,183.69,183.72,155.735,103.931
2025-07-24T06:15:23.501599,XRP-USDT,3.0817,3.0818,9.7,10.1
2025-07-24T06:15:23.704113,BTC-USDT,117780.64,117780.67,1.548869,3.3251
2025-07-24T06:15:23.738183,ETH-USDT,3571.28,3571.3,0.0078,0.0081
2025-07-24T06:15:23.792085,XRP-USDT,3.0818,3.082,7.4,3.9
2025-07-24T06:15:23.990039,BTC-USDT,117780.64,117780.67,1.548869,3.3251
2025-07-24T06:15:24.004823,ETH-USDT,3571.51,3571.53,0.0049,0.0086
2025-07-24T06:15:24.034940,LTC-USDT,109.81,109.82,0.2707,0.1285
2025-07-24T06:15:24.297616,BTC-USDT,117781.23,117781.26,1.548869,3.325849
2025-07-24T06:15:24.318392,ETH-USDT,3571.76,3571.78,0.0093,0.0107
2025-07-24T06:15:24.372573,SOL-USDT,183.69,183.72,155.735,99.033
2025-07-24T06:15:24.396525,XRP-USDT,3.0828,3.083,4.3,8.6
2025-07-24T06:15:24.606164,BTC-USDT,117783.69,117783.72,1.548869,3.325855
2025-07-24T06:15:24.758122,SOL-USDT,183.73,183.75,155.735,104.475
2025-07-24T06:15:24.758170,LTC-USDT,109.81,109.82,0.2707,0.1285
2025-07-24T06:15:24.758204,XRP-USDT,3.0834,3.0835,4.6,4.9
2025-07-24T06:15:24.903932,BTC-USDT,117785.35,117785.38,1.548869,3.32583
2025-07-24T06:15:24.919624,ETH-USDT,3571.99,3572.01,0.0056,0.0076
2025-07-24T06:15:24.950097,LTC-USDT,109.82,109.84,15.1649,0.1351
2025-07-24T06:15:25.010713,XRP-USDT,3.0838,3.0839,4.7,3.6
2025-07-24T06:15:25.215458,ETH-USDT,3572.02,3572.04,0.0095,0.0111
2025-07-24T06:15:25.289544,SOL-USDT,183.73,183.75,155.735,104.475
2025-07-24T06:15:25.300965,XRP-USDT,3.0832,3.0837,9.9,5948.6
2025-07-24T06:15:25.539256,BTC-USDT,117786.98,117787.01,1.54887,3.325828
2025-07-24T06:15:25.563168,ETH-USDT,3571.92,3571.94,0.0032,0.0061
2025-07-24T06:15:25.598063,LTC-USDT,109.82,109.84,15.1649,0.1351
2025-07-24T06:15:25.645529,XRP-USDT,3.0835,3.0839,1231.7,12.7
2025-07-24T06:15:25.835904,ETH-USDT,3571.86,3573.12,0.01,78.5219
2025-07-24T06:15:25.861186,LTC-USDT,109.82,109.84,15.1649,0.1351
2025-07-24T06:15:25.924249,SOL-USDT,183.73,183.75,155.735,104.475
2025-07-24T06:15:26.143556,BTC-USDT,117787.86,117787.89,1.54887,3.325848
2025-07-24T06:15:26.152637,ETH-USDT,3572.24,3572.26,0.0041,0.0076
2025-07-24T06:15:26.434952,BTC-USDT,117787.85,117787.88,1.54887,3.325101
2025-07-24T06:15:26.461235,ETH-USDT,3572.28,3572.3,0.0106,0.0065
2025-07-24T06:15:26.477199,LTC-USDT,109.82,109.84,15.1649,0.1351
2025-07-24T06:15:26.530157,XRP-USDT,3.0835,3.0839,1231.7,12.7
