timestamp,symbol,bid,ask,bid_vol,ask_vol
2025-07-24T15:28:38.808912,BTC-USDT,119008.44,119008.47,1.165594,9.715487
2025-07-24T15:28:38.915757,LTC-USDT,114.43,114.45,6.5384,0.3222
2025-07-24T15:28:38.966204,SOL-USDT,189.33,189.34,78.56,170.637
2025-07-24T15:28:38.981571,XRP-USDT,3.237,3.2375,8.7,24535.3
2025-07-24T15:28:39.177493,BTC-USDT,119008.45,119008.48,1.164812,9.715487
2025-07-24T15:28:39.200856,ETH-USDT,3741.9,3741.92,0.0083,0.0042
2025-07-24T15:28:39.479148,BTC-USDT,119007.82,119007.86,0.07277499999999999,12.414731
2025-07-24T15:28:39.573782,XRP-USDT,3.237,3.2375,8.7,24535.3
2025-07-24T15:28:39.797027,BTC-USDT,119007.36,119007.4,0.07271599999999999,12.415495
2025-07-24T15:28:39.810637,ETH-USDT,3741.68,3741.7,0.0102,0.0054
2025-07-24T15:28:39.821641,LTC-USDT,114.43,114.45,6.5384,0.3222
2025-07-24T15:28:39.875431,SOL-USDT,189.33,189.34,78.56,170.637
2025-07-24T15:28:40.085705,BTC-USDT,119007.36,119007.4,0.07271599999999999,12.415495
2025-07-24T15:28:40.147074,LTC-USDT,114.43,114.45,6.5384,0.3222
2025-07-24T15:28:40.178534,SOL-USDT,189.33,189.34,78.56,170.637
2025-07-24T15:28:40.192662,XRP-USDT,3.2368,3.237,3.4,8.7
2025-07-24T15:28:40.402285,ETH-USDT,3741.4,3741.42,0.0095,0.0031
2025-07-24T15:28:40.436982,LTC-USDT,114.41,114.43,22.3706,0.2584
2025-07-24T15:28:40.472424,SOL-USDT,189.31,189.32,163.673,513.164
2025-07-24T15:28:40.489968,XRP-USDT,3.2364,3.2366,7.8,3.6
2025-07-24T15:28:40.690758,BTC-USDT,119007.35,119007.39,0.07273199999999999,12.414731
2025-07-24T15:28:40.714322,ETH-USDT,3741.35,3741.37,0.0036,0.0091
2025-07-24T15:28:40.782810,SOL-USDT,189.28,189.29,163.673,513.164
2025-07-24T15:28:41.059481,ETH-USDT,3741.09,3741.11,0.0088,0.0081
2025-07-24T15:28:41.073808,LTC-USDT,114.41,114.43,22.3706,0.2584
2025-07-24T15:28:41.119450,SOL-USDT,189.28,189.29,163.673,513.164
2025-07-24T15:28:41.127221,XRP-USDT,3.2364,3.2366,7.8,3.6
2025-07-24T15:28:41.289931,BTC-USDT,119007.36,119007.4,0.071987,12.415495
2025-07-24T15:28:41.321338,ETH-USDT,3741.14,3741.16,0.0084,0.0096
2025-07-24T15:28:41.373034,SOL-USDT,189.28,189.29,163.673,513.164
2025-07-24T15:28:41.402272,XRP-USDT,3.236,3.2362,3.7,9.1
2025-07-24T15:28:41.585334,BTC-USDT,119007.36,119007.39,0.071987,12.414731
2025-07-24T15:28:41.604657,ETH-USDT,3741.09,3741.11,0.007,0.0069
2025-07-24T15:28:41.893861,BTC-USDT,119007.35,119007.38,0.07273199999999999,12.414731
2025-07-24T15:28:41.935011,LTC-USDT,114.41,114.43,22.3706,0.2584
2025-07-24T15:28:41.989118,SOL-USDT,189.28,189.29,163.673,513.164
2025-07-24T15:28:41.989159,XRP-USDT,3.2351,3.2357,12.0,5.7
2025-07-24T15:28:42.203814,BTC-USDT,119007.35,119007.38,0.07273199999999999,12.414731
2025-07-24T15:28:42.225512,ETH-USDT,3741.23,3741.25,0.0057,0.0031
2025-07-24T15:28:42.491108,BTC-USDT,119007.35,119007.38,0.07273199999999999,12.414731
2025-07-24T15:28:42.520899,ETH-USDT,3741.18,3741.2,0.0054,0.0063
2025-07-24T15:28:42.596767,XRP-USDT,3.2351,3.2357,12.0,5.7
2025-07-24T15:28:42.788407,BTC-USDT,119007.35,119007.38,0.07273199999999999,12.414731
2025-07-24T15:28:43.015100,ETH-USDT,3740.81,3740.83,0.0055,0.0088
2025-07-24T15:28:43.019018,LTC-USDT,114.4,114.42,0.2807,32.7784
2025-07-24T15:28:43.055206,XRP-USDT,3.2351,3.2357,12.0,5.7
2025-07-24T15:28:43.057637,ETH-USDT,3740.77,3740.79,0.0092,0.0093
2025-07-24T15:28:43.057681,SOL-USDT,189.28,189.29,163.673,513.164
2025-07-24T15:28:43.072155,BTC-USDT,118994.69,118994.72,0.07272999999999999,12.415455999999999
2025-07-24T15:28:43.081002,SOL-USDT,189.25,189.27,179.56300000000002,513.164
2025-07-24T15:28:43.127403,XRP-USDT,3.235,3.2352,11.4,6.8
2025-07-24T15:28:43.331096,BTC-USDT,118994.31,118994.35,0.071987,12.415496
2025-07-24T15:28:43.353678,ETH-USDT,3740.78,3740.8,0.0089,0.0047
2025-07-24T15:28:43.358970,LTC-USDT,114.39,114.4,0.2713,0.1177
2025-07-24T15:28:43.382261,XRP-USDT,3.235,3.2352,11.4,6.8
2025-07-24T15:28:43.382841,SOL-USDT,189.25,189.27,179.56300000000002,513.164
2025-07-24T15:28:43.676784,BTC-USDT,118993.42,118993.45,0.072752,12.415449
2025-07-24T15:28:43.935480,BTC-USDT,118993.56,118993.59,0.071987,12.415509
2025-07-24T15:28:44.005133,ETH-USDT,3740.73,3740.75,0.0102,0.0068
2025-07-24T15:28:44.005187,XRP-USDT,3.2348,3.2352,9972.699999999999,10.2
2025-07-24T15:28:44.017794,SOL-USDT,189.25,189.27,15.89,1025.8
2025-07-24T15:28:44.236860,BTC-USDT,118993.56,118993.59,0.071987,12.415509
2025-07-24T15:28:44.253125,ETH-USDT,3740.6,3740.62,0.0045,0.0026
2025-07-24T15:28:44.259421,LTC-USDT,114.39,114.4,0.2713,0.1177
2025-07-24T15:28:44.582060,BTC-USDT,118993.42,118993.45,0.072752,12.414731
2025-07-24T15:28:44.609987,ETH-USDT,3740.48,3740.5,0.0052,0.0079
2025-07-24T15:28:44.643214,LTC-USDT,114.39,114.4,0.2713,0.1177
2025-07-24T15:28:44.746912,XRP-USDT,3.2354,3.2355,3.6,3.6
2025-07-24T15:28:44.841083,BTC-USDT,118993.21,118993.24,0.072742,12.414731
2025-07-24T15:28:44.859875,ETH-USDT,3740.12,3740.14,0.0059,0.007
2025-07-24T15:28:44.873628,LTC-USDT,114.39,114.4,0.2713,0.1177
2025-07-24T15:28:44.917242,SOL-USDT,189.25,189.27,15.89,1715.434
2025-07-24T15:28:44.923498,XRP-USDT,3.2351,3.2353,10.2,1.0
2025-07-24T15:28:45.149219,BTC-USDT,118992.51,118992.54,0.072701,12.414731
2025-07-24T15:28:45.210641,SOL-USDT,189.25,189.27,15.89,2866.898
2025-07-24T15:28:45.465998,BTC-USDT,118991.22,118991.25,0.072764,12.415451
2025-07-24T15:28:45.487432,ETH-USDT,3739.93,3739.95,0.0054,0.0058
2025-07-24T15:28:45.706181,XRP-USDT,3.2347,3.2351,8.1,10.1
2025-07-24T15:28:45.764879,BTC-USDT,118991.21,118991.24,0.072745,12.414731
2025-07-24T15:28:45.784007,ETH-USDT,3739.97,3739.99,0.0036,0.007
2025-07-24T15:28:45.794496,LTC-USDT,114.39,114.4,0.2713,0.1177
2025-07-24T15:28:46.058795,BTC-USDT,118991.21,118991.24,0.072745,12.414731
2025-07-24T15:28:46.070720,ETH-USDT,3739.38,3739.4,0.0061,0.0039
2025-07-24T15:28:46.124555,SOL-USDT,189.25,189.27,15.89,2866.898
2025-07-24T15:28:46.143737,XRP-USDT,3.2344,3.2345,9.5,1.0
2025-07-24T15:28:46.418949,BTC-USDT,118991.19,118991.22,0.072736,12.414731
2025-07-24T15:28:46.447472,ETH-USDT,3739.35,3739.37,0.0027,0.0092
2025-07-24T15:28:46.496167,LTC-USDT,114.35,114.39,22.6235,26.3819
2025-07-24T15:28:46.576668,SOL-USDT,189.13,189.15,69.002,1354.013
2025-07-24T15:28:46.581853,XRP-USDT,3.2341,3.2342,7.7,1.0
2025-07-24T15:28:46.652592,BTC-USDT,118990.37,118990.4,0.072712,12.415465
2025-07-24T15:28:46.672582,ETH-USDT,3738.54,3739.81,0.0091,0.003
2025-07-24T15:28:46.700490,LTC-USDT,114.34,114.36,0.1402,0.1501
2025-07-24T15:28:46.716804,SOL-USDT,189.11,189.15,69.002,2707.498
2025-07-24T15:28:46.736598,XRP-USDT,3.2341,3.2342,7.7,1.0
2025-07-24T15:28:46.952443,BTC-USDT,118988.97,118989.0,0.072757,12.415477
2025-07-24T15:28:46.996826,ETH-USDT,3739.11,3739.13,0.0069,0.0063
2025-07-24T15:28:47.051279,SOL-USDT,189.11,189.15,69.002,2707.498
2025-07-24T15:28:47.261796,BTC-USDT,118989.28,118989.31,0.071987,12.415471
2025-07-24T15:28:47.314966,ETH-USDT,3738.82,3738.84,0.0056,0.0089
2025-07-24T15:28:47.389503,SOL-USDT,189.11,189.15,69.002,2707.498
2025-07-24T15:28:47.411893,XRP-USDT,3.2341,3.2342,11.2,1.0
2025-07-24T15:28:47.562919,BTC-USDT,118988.69,118988.72,0.071987,12.415471
2025-07-24T15:28:47.573797,ETH-USDT,3738.8,3738.82,0.0063,0.0055
2025-07-24T15:28:47.604460,LTC-USDT,114.34,114.36,0.1402,0.1501
2025-07-24T15:28:47.863482,ETH-USDT,3738.76,3738.79,0.0098,0.0081
2025-07-24T15:28:47.897038,LTC-USDT,114.34,114.36,0.1402,0.1501
2025-07-24T15:28:47.928349,SOL-USDT,189.08,189.13,69.002,4154.269
2025-07-24T15:28:48.165469,BTC-USDT,118988.37,118988.4,0.072755,12.414731
2025-07-24T15:28:48.187182,ETH-USDT,3738.63,3738.66,0.0097,0.0057
2025-07-24T15:28:48.261903,SOL-USDT,189.08,189.13,69.002,4154.269
2025-07-24T15:28:48.290960,XRP-USDT,3.2341,3.2342,11.2,1.0
2025-07-24T15:28:48.455404,BTC-USDT,118988.36,118988.39,0.072721,12.414731
2025-07-24T15:28:48.472917,ETH-USDT,3738.63,3738.65,0.0042,0.0035
2025-07-24T15:28:48.622731,XRP-USDT,3.2341,3.2342,11.2,1.0
2025-07-24T15:28:48.761563,BTC-USDT,118988.35,118988.39,0.072759,12.414731
2025-07-24T15:28:48.779688,ETH-USDT,3738.55,3738.57,0.0094,0.0077
2025-07-24T15:28:48.787255,LTC-USDT,114.34,114.36,0.1402,0.1501
2025-07-24T15:28:49.060295,BTC-USDT,118988.34,118988.37,0.072731,12.414731
2025-07-24T15:28:49.088137,ETH-USDT,3738.69,3738.71,0.0071,0.0102
2025-07-24T15:28:49.157936,SOL-USDT,189.08,189.13,69.002,4154.269
2025-07-24T15:28:49.181920,XRP-USDT,3.2346,3.2347,9.1,1.0
2025-07-24T15:28:49.381675,BTC-USDT,118988.35,118988.38,4.76573,4.469054
2025-07-24T15:28:49.381716,ETH-USDT,3738.58,3738.66,0.0077,0.0086
2025-07-24T15:28:49.394750,LTC-USDT,114.34,114.36,0.1402,0.1501
2025-07-24T15:28:49.659656,BTC-USDT,118988.36,118988.39,4.76573,4.469054
2025-07-24T15:28:49.676068,ETH-USDT,3738.6,3738.62,0.0072,0.0059
2025-07-24T15:28:49.976056,BTC-USDT,118988.24,118988.27,4.766527,4.469054
2025-07-24T15:28:50.091554,SOL-USDT,189.11,189.12,69.002,1353.485
2025-07-24T15:28:50.110806,XRP-USDT,3.2351,3.2352,5.2,1.0
2025-07-24T15:28:50.266099,BTC-USDT,118988.23,118988.26,4.7665,4.469054
2025-07-24T15:28:50.283975,ETH-USDT,3738.49,3738.51,0.0053,0.004
2025-07-24T15:28:50.298330,LTC-USDT,114.34,114.36,0.1402,0.1501
2025-07-24T15:28:50.330409,SOL-USDT,189.11,189.12,69.002,1353.485
2025-07-24T15:28:50.562803,BTC-USDT,118987.88,118987.92,4.766468,4.469054
2025-07-24T15:28:50.600362,LTC-USDT,114.34,114.36,0.1402,0.1501
2025-07-24T15:28:50.641649,SOL-USDT,189.13,189.14,68.474,1354.013
2025-07-24T15:28:50.655995,XRP-USDT,3.2351,3.2352,5.2,1.0
2025-07-24T15:28:50.896367,ETH-USDT,3739.03,3739.05,0.0096,0.0062
2025-07-24T15:28:50.947649,LTC-USDT,114.38,114.4,0.0164,45.3106
2025-07-24T15:28:50.989886,SOL-USDT,189.16,189.17,69.002,1354.013
2025-07-24T15:28:51.010833,XRP-USDT,3.236,3.2362,8.9,1.0
2025-07-24T15:28:51.168887,BTC-USDT,118988.01,118988.04,4.76573,4.469054
2025-07-24T15:28:51.210320,ETH-USDT,3739.03,3739.05,0.0096,0.0062
2025-07-24T15:28:51.233587,LTC-USDT,114.4,114.42,0.0164,45.284
2025-07-24T15:28:51.233891,SOL-USDT,189.17,189.18,68.474,1354.013
2025-07-24T15:28:51.470828,BTC-USDT,118987.99,118988.03,4.766521,4.469054
2025-07-24T15:28:51.483878,ETH-USDT,3739.4,3739.42,0.0093,0.003
2025-07-24T15:28:51.785367,BTC-USDT,118988.0,118988.03,4.76573,4.469054
2025-07-24T15:28:51.795501,ETH-USDT,3739.38,3739.7,0.0035,0.0051
2025-07-24T15:28:51.846372,LTC-USDT,114.41,114.43,0.1811,0.2213
2025-07-24T15:28:51.907282,SOL-USDT,189.24,189.25,69.002,1354.013
2025-07-24T15:28:51.912206,XRP-USDT,3.2366,3.2368,12.0,1.0
2025-07-24T15:28:52.086279,BTC-USDT,118995.62,118995.65,4.766522,4.469054
2025-07-24T15:28:52.113292,ETH-USDT,3740.61,3740.63,0.005,0.0065
2025-07-24T15:28:52.135623,LTC-USDT,114.43,114.45,0.0164,0.141
2025-07-24T15:28:52.403521,BTC-USDT,118997.3,118997.33,4.766449,4.469054
2025-07-24T15:28:52.440210,ETH-USDT,3741.27,3741.29,0.0048,0.0037
2025-07-24T15:28:52.467696,LTC-USDT,114.46,114.47,0.1647,82.6598
2025-07-24T15:28:52.530760,SOL-USDT,189.27,189.28,69.002,1354.013
2025-07-24T15:28:52.531198,XRP-USDT,3.2378,3.238,4.3,1.0
2025-07-24T15:28:52.664096,BTC-USDT,119011.79,119011.82,4.766488,4.469846
2025-07-24T15:28:52.691137,ETH-USDT,3741.27,3741.29,0.0094,0.0071
2025-07-24T15:28:52.979181,BTC-USDT,119024.86,119024.9,4.766491,4.469771
2025-07-24T15:28:52.995337,ETH-USDT,3741.74,3741.76,0.0073,0.0079
2025-07-24T15:28:53.014489,LTC-USDT,114.46,114.47,0.1647,82.6598
2025-07-24T15:28:53.075312,SOL-USDT,189.27,189.28,69.002,1354.013
2025-07-24T15:28:53.278473,BTC-USDT,119027.23,119027.26,4.766481,4.469842
2025-07-24T15:28:53.306432,ETH-USDT,3741.94,3741.96,0.0037,0.0076
2025-07-24T15:28:53.359156,XRP-USDT,3.238,3.2381,27974.3,3.3
2025-07-24T15:28:53.572454,BTC-USDT,119028.8,119028.83,4.766446,4.469778
2025-07-24T15:28:53.587253,ETH-USDT,3741.95,3741.97,0.0064,0.0033
2025-07-24T15:28:53.602345,LTC-USDT,114.46,114.47,0.1647,82.6598
2025-07-24T15:28:53.631840,SOL-USDT,189.29,189.3,68.474,1354.013
2025-07-24T15:28:53.655655,XRP-USDT,3.238,3.2381,27974.3,3.3
2025-07-24T15:28:53.911441,BTC-USDT,119029.5,119029.53,4.766524,4.469796
2025-07-24T15:28:53.911493,ETH-USDT,3741.95,3741.98,0.0106,0.0088
2025-07-24T15:28:53.970660,SOL-USDT,189.29,189.3,68.474,1354.013
2025-07-24T15:28:54.188788,BTC-USDT,119030.58,119030.61,4.766519,4.469786
2025-07-24T15:28:54.190025,ETH-USDT,3741.96,3741.98,0.0046,0.0086
2025-07-24T15:28:54.313995,SOL-USDT,189.27,189.28,69.002,1354.013
2025-07-24T15:28:54.317985,XRP-USDT,3.238,3.2381,27974.3,3.3
2025-07-24T15:28:54.465031,BTC-USDT,119030.57,119030.6,4.766507,4.469054
2025-07-24T15:28:54.479319,ETH-USDT,3741.9,3741.92,0.0061,0.0027
2025-07-24T15:28:54.503547,LTC-USDT,114.46,114.47,0.1647,82.6598
2025-07-24T15:28:54.554014,XRP-USDT,3.2378,3.238,5.5,1.0
2025-07-24T15:28:54.780587,BTC-USDT,119033.46,119033.5,4.766509,4.46985
2025-07-24T15:28:54.810459,ETH-USDT,3741.84,3741.86,0.0068,0.0029
2025-07-24T15:28:54.829024,LTC-USDT,114.46,114.47,0.1647,82.6598
2025-07-24T15:28:55.101210,BTC-USDT,119033.46,119033.5,4.766509,4.46985
2025-07-24T15:28:55.114713,ETH-USDT,3741.73,3741.75,0.0026,0.0067
2025-07-24T15:28:55.140783,LTC-USDT,114.45,114.46,0.0164,0.3393
2025-07-24T15:28:55.167800,SOL-USDT,189.27,189.28,69.002,1354.013
2025-07-24T15:28:55.195507,XRP-USDT,3.2374,3.2376,4.1,1.0
2025-07-24T15:28:55.372384,BTC-USDT,119033.46,119033.5,4.766509,4.46985
2025-07-24T15:28:55.387944,ETH-USDT,3741.58,3741.6,0.0055,0.0041
2025-07-24T15:28:55.461985,LTC-USDT,114.43,114.45,0.1811,0.3199
2025-07-24T15:28:55.511721,SOL-USDT,189.25,189.28,69.002,1353.485
2025-07-24T15:28:55.686456,BTC-USDT,119033.46,119033.49,4.766509,4.469054
2025-07-24T15:28:55.701929,ETH-USDT,3741.52,3741.54,0.0052,0.0037
2025-07-24T15:28:55.775934,XRP-USDT,3.2366,3.2368,1.3,4.1
2025-07-24T15:28:56.003667,BTC-USDT,119033.47,119033.5,4.76573,4.46985
2025-07-24T15:28:56.003717,ETH-USDT,3741.2,3741.22,0.0056,0.007
2025-07-24T15:28:56.026245,LTC-USDT,114.43,114.45,0.1811,0.3199
2025-07-24T15:28:56.266649,BTC-USDT,119033.47,119033.5,4.76573,4.469054
2025-07-24T15:28:56.303141,ETH-USDT,3741.2,3741.22,0.0066,0.0042
2025-07-24T15:28:56.364355,SOL-USDT,189.25,189.28,69.002,1353.485
2025-07-24T15:28:56.365576,XRP-USDT,3.2366,3.2368,1.3,4.1
2025-07-24T15:28:56.579300,BTC-USDT,119033.63,119033.67,4.766527,4.469807
2025-07-24T15:28:56.603639,ETH-USDT,3741.22,3741.24,0.0069,0.0091
2025-07-24T15:28:56.678573,XRP-USDT,3.2366,3.2368,1.3,4.1
2025-07-24T15:28:56.892693,BTC-USDT,119033.63,119033.66,4.766527,4.469054
2025-07-24T15:28:56.905264,ETH-USDT,3741.14,3741.16,0.0059,0.0049
2025-07-24T15:28:56.924828,LTC-USDT,114.43,114.45,0.1811,0.3199
2025-07-24T15:28:57.179517,BTC-USDT,119033.63,119033.66,4.766527,4.469054
2025-07-24T15:28:57.374813,ETH-USDT,3741.14,3741.16,0.0059,0.0049
2025-07-24T15:28:57.375252,LTC-USDT,114.43,114.45,0.1811,0.3199
2025-07-24T15:28:57.375477,SOL-USDT,189.21,189.27,88.894,1576.4
2025-07-24T15:28:57.376580,XRP-USDT,3.2368,3.237,1.3,6.2
2025-07-24T15:28:57.482095,BTC-USDT,119033.64,119033.67,4.76573,4.469807
2025-07-24T15:28:57.500253,ETH-USDT,3741.09,3741.11,0.0085,0.007
2025-07-24T15:28:57.521381,LTC-USDT,114.43,114.45,0.1811,0.3199
2025-07-24T15:28:57.576281,XRP-USDT,3.2368,3.237,1.3,6.2
2025-07-24T15:28:57.804564,ETH-USDT,3741.06,3741.09,0.0106,0.0046
2025-07-24T15:28:57.866173,SOL-USDT,189.21,189.27,88.894,1576.4
2025-07-24T15:28:58.090855,BTC-USDT,119033.64,119033.67,4.76573,4.469054
2025-07-24T15:28:58.108489,ETH-USDT,3741.02,3741.04,0.0028,0.0094
2025-07-24T15:28:58.386915,BTC-USDT,119033.63,119033.66,4.766527,4.469054
2025-07-24T15:28:58.404682,ETH-USDT,3741.02,3741.04,0.0049,0.0087
2025-07-24T15:28:58.463104,LTC-USDT,114.43,114.45,0.1811,0.3199
2025-07-24T15:28:58.502143,SOL-USDT,189.21,189.27,88.894,1576.4
2025-07-24T15:28:58.502185,XRP-USDT,3.2368,3.237,1.3,6.2
2025-07-24T15:28:58.724091,BTC-USDT,119033.29,119033.33,4.766488,4.469054
2025-07-24T15:28:58.747750,ETH-USDT,3741.49,3741.51,0.0101,0.0066
2025-07-24T15:28:58.830852,XRP-USDT,3.2369,3.2374,13.0,7.0
2025-07-24T15:28:58.986568,BTC-USDT,119033.29,119033.33,4.766488,4.469054
2025-07-24T15:28:59.021108,ETH-USDT,3741.6,3741.62,0.009,0.0106
2025-07-24T15:28:59.034589,LTC-USDT,114.43,114.45,0.1811,0.3199
2025-07-24T15:28:59.090530,SOL-USDT,189.21,189.27,88.894,1576.4
2025-07-24T15:28:59.288966,BTC-USDT,119033.28,119033.32,1.36507,7.966057
2025-07-24T15:28:59.413346,XRP-USDT,3.2369,3.2374,13.0,7.0
2025-07-24T15:28:59.611077,ETH-USDT,3741.6,3741.62,0.009,0.0106
2025-07-24T15:28:59.688800,XRP-USDT,3.2373,3.2377,13.0,7.8
2025-07-24T15:28:59.887588,BTC-USDT,119033.28,119033.32,1.364485,7.966057
2025-07-24T15:28:59.921414,LTC-USDT,114.43,114.45,0.1811,0.3199
2025-07-24T15:28:59.969913,SOL-USDT,189.21,189.27,88.894,1576.4
2025-07-24T15:29:00.210012,BTC-USDT,119033.29,119033.32,1.364342,7.966057
2025-07-24T15:29:00.317421,ETH-USDT,3741.59,3741.61,0.0029,0.0091
2025-07-24T15:29:00.510939,BTC-USDT,119033.29,119033.32,1.364342,7.966057
2025-07-24T15:29:00.551514,ETH-USDT,3741.54,3741.56,0.0049,0.0077
2025-07-24T15:29:00.610792,XRP-USDT,3.2373,3.2377,13.0,7.8
2025-07-24T15:29:00.799427,BTC-USDT,119027.64,119027.67,1.365101,7.965986
2025-07-24T15:29:00.818701,ETH-USDT,3741.05,3741.07,0.0097,0.0085
2025-07-24T15:29:00.856200,LTC-USDT,114.41,114.43,12.7552,0.2932
2025-07-24T15:29:00.917158,SOL-USDT,189.11,189.12,88.894,502.182
2025-07-24T15:29:00.938964,XRP-USDT,3.2345,3.2346,1.3,11.8
2025-07-24T15:29:01.111360,BTC-USDT,119026.93,119026.96,1.364342,7.966027
2025-07-24T15:29:01.141234,ETH-USDT,3740.75,3740.77,0.0092,0.0081
2025-07-24T15:29:01.239675,LTC-USDT,114.43,114.45,12.8553,0.285
2025-07-24T15:29:01.291596,XRP-USDT,3.2343,3.2344,1.3,9.4
2025-07-24T15:29:01.419891,BTC-USDT,119022.79,119022.83,1.365111,7.965997
2025-07-24T15:29:01.464664,LTC-USDT,114.4,114.42,0.2478,16.956
2025-07-24T15:29:01.491179,SOL-USDT,189.07,189.08,88.894,502.182
2025-07-24T15:29:01.713783,BTC-USDT,119018.01,119018.04,1.365126,7.966041
2025-07-24T15:29:01.730163,ETH-USDT,3740.6,3740.62,0.0089,0.0037
2025-07-24T15:29:01.758084,LTC-USDT,114.4,114.42,0.3516,16.956
2025-07-24T15:29:02.004407,BTC-USDT,119018.01,119018.04,1.365126,7.966041
2025-07-24T15:29:02.029108,ETH-USDT,3740.17,3740.19,0.0029,0.0031
2025-07-24T15:29:02.091741,LTC-USDT,114.41,114.42,0.2018,0.2739
2025-07-24T15:29:02.096805,SOL-USDT,189.09,189.1,88.894,502.182
2025-07-24T15:29:02.130230,XRP-USDT,3.2343,3.2346,1.3,5.8
2025-07-24T15:29:02.305930,BTC-USDT,119017.53,119017.56,1.365096,7.966038
2025-07-24T15:29:02.322450,ETH-USDT,3740.16,3740.18,0.0081,0.0035
2025-07-24T15:29:02.353902,LTC-USDT,114.41,114.42,0.2018,0.2739
2025-07-24T15:29:02.405438,XRP-USDT,3.2353,3.2354,1.3,10.4
2025-07-24T15:29:02.630576,ETH-USDT,3740.16,3740.18,0.0081,0.0035
2025-07-24T15:29:02.759434,SOL-USDT,189.11,189.12,88.894,502.182
2025-07-24T15:29:02.765810,XRP-USDT,3.2353,3.2354,1.3,10.4
2025-07-24T15:29:02.907709,BTC-USDT,119016.68,119016.71,1.365081,7.965992
2025-07-24T15:29:03.010662,SOL-USDT,189.13,189.14,88.366,502.182
2025-07-24T15:29:03.224264,BTC-USDT,119016.67,119016.7,1.365079,7.965265
2025-07-24T15:29:03.226241,ETH-USDT,3740.23,3740.25,0.0093,0.0089
2025-07-24T15:29:03.268471,LTC-USDT,114.41,114.42,0.2018,0.2739
2025-07-24T15:29:03.293913,SOL-USDT,189.13,189.14,88.366,502.182
2025-07-24T15:29:03.316724,XRP-USDT,3.2355,3.2357,1.3,9.4
2025-07-24T15:29:03.510053,BTC-USDT,119016.66,119016.7,1.365101,7.965265
2025-07-24T15:29:03.540027,ETH-USDT,3740.24,3740.26,0.0065,0.0088
2025-07-24T15:29:03.616271,XRP-USDT,3.2353,3.2354,1.3,3.5
2025-07-24T15:29:03.832494,ETH-USDT,3740.21,3740.23,0.0042,0.0072
2025-07-24T15:29:03.885368,SOL-USDT,189.13,189.14,88.366,502.182
2025-07-24T15:29:04.168643,BTC-USDT,119016.17,119016.2,1.365071,7.966048
2025-07-24T15:29:04.169167,ETH-USDT,3740.21,3740.23,0.0042,0.0072
2025-07-24T15:29:04.172026,LTC-USDT,114.41,114.42,0.2018,0.2739
2025-07-24T15:29:04.214949,XRP-USDT,3.2351,3.2353,9.1,3.4
2025-07-24T15:29:04.405151,BTC-USDT,119016.17,119016.21,1.365071,7.965992
2025-07-24T15:29:04.474983,ETH-USDT,3740.13,3740.16,0.0028,0.0047
2025-07-24T15:29:04.499091,LTC-USDT,114.41,114.42,0.2018,0.2739
2025-07-24T15:29:04.560543,SOL-USDT,189.13,189.14,88.366,502.182
2025-07-24T15:29:04.560585,XRP-USDT,3.2347,3.2349,10.3,3.3
2025-07-24T15:29:04.708938,BTC-USDT,119016.16,119016.2,1.365093,7.965265
2025-07-24T15:29:05.032002,BTC-USDT,119016.17,119016.2,1.364342,7.965265
2025-07-24T15:29:05.032921,ETH-USDT,3740.02,3740.05,0.0054,0.0079
2025-07-24T15:29:05.076401,LTC-USDT,114.4,114.42,0.2969,16.9749
2025-07-24T15:29:05.318499,BTC-USDT,119016.17,119016.2,1.364342,7.965265
2025-07-24T15:29:05.359229,LTC-USDT,114.4,114.42,0.2969,16.9749
2025-07-24T15:29:05.393347,SOL-USDT,189.09,189.1,88.894,502.182
2025-07-24T15:29:05.400428,XRP-USDT,3.2347,3.2349,10.3,3.3
2025-07-24T15:29:05.629164,ETH-USDT,3739.99,3740.01,0.0047,0.0056
2025-07-24T15:29:05.769109,XRP-USDT,3.2345,3.2346,11.1,4.0
2025-07-24T15:29:05.918838,BTC-USDT,119016.16,119016.19,1.365093,7.965265
2025-07-24T15:29:05.974431,LTC-USDT,114.4,114.42,0.2969,16.9749
2025-07-24T15:29:05.993886,SOL-USDT,189.09,189.1,88.894,502.182
2025-07-24T15:29:06.216197,BTC-USDT,119016.07,119016.1,1.365097,7.965265
2025-07-24T15:29:06.235059,ETH-USDT,3739.92,3739.95,0.0048,0.0084
2025-07-24T15:29:06.309558,SOL-USDT,189.09,189.1,88.894,502.182
2025-07-24T15:29:06.315382,XRP-USDT,3.2345,3.2346,11.1,4.0
2025-07-24T15:29:06.514226,BTC-USDT,119016.07,119016.1,1.365097,7.965265
2025-07-24T15:29:06.560594,LTC-USDT,114.4,114.42,0.2969,16.9749
2025-07-24T15:29:06.839090,ETH-USDT,3739.92,3739.95,0.0061,0.0094
2025-07-24T15:29:06.896088,SOL-USDT,189.09,189.1,88.894,502.182
2025-07-24T15:29:07.123691,BTC-USDT,119016.06,119016.09,1.365111,7.965265
2025-07-24T15:29:07.139923,ETH-USDT,3739.92,3739.95,0.0061,0.0094
2025-07-24T15:29:07.204400,SOL-USDT,189.09,189.1,88.894,502.182
2025-07-24T15:29:07.218117,XRP-USDT,3.2343,3.2344,6.5,9.8
2025-07-24T15:29:07.416437,BTC-USDT,119016.06,119016.1,1.365111,7.965265
2025-07-24T15:29:07.446515,ETH-USDT,3739.9,3739.93,0.0079,0.0103
2025-07-24T15:29:07.461335,LTC-USDT,114.4,114.42,0.2969,16.9749
2025-07-24T15:29:07.719703,BTC-USDT,119015.77,119015.8,1.365134,7.965993
2025-07-24T15:29:07.736673,ETH-USDT,3739.9,3739.92,0.0066,0.0049
2025-07-24T15:29:07.799584,LTC-USDT,114.41,114.42,0.3262,0.2798
2025-07-24T15:29:07.858435,XRP-USDT,3.2343,3.2344,6.5,9.8
2025-07-24T15:29:08.041164,ETH-USDT,3739.9,3739.92,0.0066,0.0049
2025-07-24T15:29:08.099048,SOL-USDT,189.09,189.1,88.894,502.182
2025-07-24T15:29:08.321917,BTC-USDT,119015.76,119015.79,1.365124,7.965265
2025-07-24T15:29:08.387201,ETH-USDT,3739.9,3739.92,0.0042,0.0034
2025-07-24T15:29:08.404831,XRP-USDT,3.2343,3.2344,6.5,9.8
2025-07-24T15:29:08.621765,BTC-USDT,119015.66,119015.69,1.365087,7.965265
2025-07-24T15:29:08.657382,ETH-USDT,3739.89,3739.91,0.007,0.0064
2025-07-24T15:29:08.662027,LTC-USDT,114.41,114.42,0.3262,0.2798
2025-07-24T15:29:08.932563,BTC-USDT,119015.66,119015.69,1.365087,7.965265
2025-07-24T15:29:08.956485,ETH-USDT,3739.89,3739.91,0.0042,0.0033
2025-07-24T15:29:09.104421,SOL-USDT,189.09,189.1,88.894,502.182
2025-07-24T15:29:09.241248,ETH-USDT,3739.89,3740.84,0.0068,55.5728
2025-07-24T15:29:09.291147,SOL-USDT,189.09,189.1,88.894,502.182
2025-07-24T15:29:09.316861,XRP-USDT,3.2337,3.2339,5.0,5.5
2025-07-24T15:29:09.529862,BTC-USDT,119015.66,119015.7,0.173037,11.906744
2025-07-24T15:29:09.550376,ETH-USDT,3739.72,3739.74,0.0043,0.0075
2025-07-24T15:29:09.570797,LTC-USDT,114.39,114.42,23.0066,25.91
2025-07-24T15:29:09.589839,SOL-USDT,189.07,189.08,243.27,68.299
2025-07-24T15:29:09.615452,XRP-USDT,3.2336,3.2338,5.1,11.0
2025-07-24T15:29:09.856103,ETH-USDT,3739.48,3739.51,0.0081,0.0073
2025-07-24T15:29:09.871949,LTC-USDT,114.39,114.4,0.2799,0.2076
2025-07-24T15:29:09.915792,SOL-USDT,189.05,189.08,243.27,414.355
2025-07-24T15:29:10.133771,BTC-USDT,119015.66,119015.69,0.173037,11.906744
2025-07-24T15:29:10.153420,ETH-USDT,3739.48,3739.51,0.0081,0.0073
2025-07-24T15:29:10.216095,SOL-USDT,189.05,189.08,243.27,414.355
2025-07-24T15:29:10.233218,XRP-USDT,3.2335,3.2337,6.9,10.0
2025-07-24T15:29:10.430303,BTC-USDT,119015.66,119015.69,0.173037,11.906744
2025-07-24T15:29:10.447384,ETH-USDT,3739.4,3739.42,0.0036,0.0078
2025-07-24T15:29:10.731015,BTC-USDT,119015.66,119015.69,0.173037,11.906744
2025-07-24T15:29:10.783154,ETH-USDT,3739.22,3739.24,0.0061,0.004
2025-07-24T15:29:10.807847,LTC-USDT,114.39,114.4,0.2799,0.2076
2025-07-24T15:29:10.845716,SOL-USDT,189.05,189.08,243.27,414.355
2025-07-24T15:29:10.859894,XRP-USDT,3.2334,3.2335,6.4,7.5
2025-07-24T15:29:11.053349,BTC-USDT,119015.66,119015.7,0.173037,11.906744
2025-07-24T15:29:11.064224,ETH-USDT,3738.45,3738.83,0.0036,0.0072
2025-07-24T15:29:11.329874,BTC-USDT,119015.66,119015.69,0.173037,11.906744
2025-07-24T15:29:11.360950,ETH-USDT,3738.45,3738.83,0.0062,0.0072
2025-07-24T15:29:11.391570,LTC-USDT,114.35,114.37,23.2139,0.0983
2025-07-24T15:29:11.441229,SOL-USDT,189.0,189.02,243.27,68.827
2025-07-24T15:29:11.665678,ETH-USDT,3738.45,3738.83,0.0027,0.0072
2025-07-24T15:29:11.740042,XRP-USDT,3.2334,3.2335,6.4,7.5
2025-07-24T15:29:11.939558,BTC-USDT,119015.66,119015.69,0.173037,11.906744
2025-07-24T15:29:11.959647,ETH-USDT,3738.8,3738.82,0.0059,0.0065
2025-07-24T15:29:12.242965,BTC-USDT,119015.66,119015.69,0.173037,11.906744
2025-07-24T15:29:12.251789,ETH-USDT,3738.79,3738.82,0.0094,0.0057
2025-07-24T15:29:12.263856,LTC-USDT,114.35,114.37,23.2139,0.0983
2025-07-24T15:29:12.299950,SOL-USDT,189.0,189.02,243.27,68.827
2025-07-24T15:29:12.331359,XRP-USDT,3.2334,3.2335,6.4,7.5
2025-07-24T15:29:12.559145,ETH-USDT,3738.8,3738.82,0.0062,0.0033
2025-07-24T15:29:12.833055,BTC-USDT,119015.66,119015.69,0.173037,11.906744
2025-07-24T15:29:12.860879,ETH-USDT,3738.79,3738.81,0.0083,0.0043
2025-07-24T15:29:13.131421,BTC-USDT,119015.66,119015.7,0.173037,11.906744
2025-07-24T15:29:13.150704,ETH-USDT,3738.8,3738.83,0.0075,0.0146
2025-07-24T15:29:13.174258,LTC-USDT,114.35,114.37,23.2139,0.0983
2025-07-24T15:29:13.217867,SOL-USDT,189.0,189.02,243.27,68.827
2025-07-24T15:29:13.244262,XRP-USDT,3.2334,3.2335,6.4,7.5
2025-07-24T15:29:13.439925,BTC-USDT,119015.67,119015.7,0.172292,11.906744
2025-07-24T15:29:13.461801,ETH-USDT,3738.8,3738.82,0.0042,0.0097
2025-07-24T15:29:13.544149,XRP-USDT,3.2334,3.2335,6.4,7.5
2025-07-24T15:29:13.752126,ETH-USDT,3738.74,3738.76,0.0066,0.0102
2025-07-24T15:29:13.872737,SOL-USDT,189.0,189.02,243.27,68.827
2025-07-24T15:29:14.048526,BTC-USDT,119015.67,119015.7,0.172292,11.906744
2025-07-24T15:29:14.082030,LTC-USDT,114.35,114.37,23.2139,0.0983
2025-07-24T15:29:14.347676,BTC-USDT,119015.65,119015.69,0.173088,11.906744
2025-07-24T15:29:14.363745,ETH-USDT,3738.78,3738.8,0.0055,0.0083
2025-07-24T15:29:14.447860,XRP-USDT,3.2332,3.2334,5.5,3.6
2025-07-24T15:29:14.650903,BTC-USDT,119015.65,119015.69,0.173088,11.906744
2025-07-24T15:29:14.726423,SOL-USDT,189.0,189.02,243.27,68.827
2025-07-24T15:29:14.743212,XRP-USDT,3.233,3.2331,5.9,10.7
2025-07-24T15:29:14.945855,BTC-USDT,119015.65,119015.68,0.173088,11.906744
2025-07-24T15:29:14.971244,ETH-USDT,3738.76,3738.78,0.004,0.0058
2025-07-24T15:29:15.006198,LTC-USDT,114.35,114.37,23.2139,0.0983
2025-07-24T15:29:15.027643,SOL-USDT,188.96,188.98,243.27,68.827
2025-07-24T15:29:15.254309,BTC-USDT,119015.65,119015.69,0.173088,11.906744
2025-07-24T15:29:15.268470,ETH-USDT,3738.74,3738.76,0.004,0.0083
2025-07-24T15:29:15.379955,SOL-USDT,188.94,188.95,243.27,68.827
2025-07-24T15:29:15.395562,XRP-USDT,3.233,3.2332,0.6,26991.2
2025-07-24T15:29:15.548225,BTC-USDT,119015.64,119015.67,0.173066,11.906744
2025-07-24T15:29:15.562591,ETH-USDT,3738.68,3738.7,0.0043,0.0068
2025-07-24T15:29:15.630815,XRP-USDT,3.233,3.2332,0.6,26991.2
2025-07-24T15:29:15.861577,BTC-USDT,119015.46,119015.49,0.173052,11.906744
2025-07-24T15:29:15.887578,LTC-USDT,114.35,114.37,23.2139,0.0983
2025-07-24T15:29:15.924844,SOL-USDT,188.94,188.95,243.27,68.827
2025-07-24T15:29:16.154959,BTC-USDT,119015.47,119015.51,0.172292,11.906744
2025-07-24T15:29:16.186162,ETH-USDT,3738.64,3738.66,0.0102,0.0054
2025-07-24T15:29:16.273083,SOL-USDT,188.94,188.95,243.27,68.827
2025-07-24T15:29:16.273124,XRP-USDT,3.2324,3.2325,9.8,6.9
2025-07-24T15:29:16.499350,BTC-USDT,119015.47,119015.51,0.172292,11.906744
2025-07-24T15:29:16.544400,XRP-USDT,3.2325,3.2329,10358.0,4.3
2025-07-24T15:29:16.769723,BTC-USDT,119015.47,119015.51,0.172292,11.906744
2025-07-24T15:29:16.801294,ETH-USDT,3738.61,3738.64,0.0067,0.0098
2025-07-24T15:29:16.801339,LTC-USDT,114.38,114.4,0.1896,0.3187
2025-07-24T15:29:16.875743,SOL-USDT,188.96,188.98,243.27,68.827
2025-07-24T15:29:17.116557,BTC-USDT,119015.2,119015.24,0.173009,11.906744
2025-07-24T15:29:17.146661,ETH-USDT,3738.7,3738.72,0.0028,0.008
2025-07-24T15:29:17.186711,SOL-USDT,188.99,189.0,243.27,68.827
2025-07-24T15:29:17.408930,ETH-USDT,3738.75,3738.77,0.0079,0.0078
2025-07-24T15:29:17.465772,SOL-USDT,188.99,189.0,243.27,68.827
2025-07-24T15:29:17.480182,XRP-USDT,3.2325,3.2329,10358.0,4.3
2025-07-24T15:29:17.683843,BTC-USDT,119015.07,119015.11,0.173084,11.906744
2025-07-24T15:29:17.704542,ETH-USDT,3738.82,3738.83,0.0055,0.0072
2025-07-24T15:29:17.724431,LTC-USDT,114.38,114.4,0.1896,0.3187
2025-07-24T15:29:17.779309,XRP-USDT,3.2325,3.2329,10358.0,4.3
2025-07-24T15:29:18.004758,BTC-USDT,119015.08,119015.11,0.172292,11.906744
2025-07-24T15:29:18.009337,ETH-USDT,3738.79,3738.81,0.006,0.0076
2025-07-24T15:29:18.099856,XRP-USDT,3.2324,3.2326,7.9,4.1
2025-07-24T15:29:18.294264,BTC-USDT,119015.08,119015.11,0.172292,11.906744
2025-07-24T15:29:18.457671,SOL-USDT,188.91,188.92,17.607,244.01
2025-07-24T15:29:18.595972,BTC-USDT,119015.08,119015.12,0.172292,11.906744
2025-07-24T15:29:18.620240,ETH-USDT,3738.76,3738.78,0.0095,0.0056
2025-07-24T15:29:18.630851,LTC-USDT,114.38,114.4,0.1896,0.3187
2025-07-24T15:29:18.664424,SOL-USDT,188.93,188.94,17.607,244.01
2025-07-24T15:29:18.681406,XRP-USDT,3.2324,3.2326,7.9,4.1
2025-07-24T15:29:18.892540,BTC-USDT,119015.08,119015.11,0.172292,11.906744
2025-07-24T15:29:18.975047,SOL-USDT,188.93,188.94,17.607,244.01
2025-07-24T15:29:19.195005,BTC-USDT,119015.08,119015.11,0.172292,11.906744
2025-07-24T15:29:19.215415,ETH-USDT,3738.76,3738.79,0.0048,0.0033
2025-07-24T15:29:19.283785,SOL-USDT,188.93,188.94,17.607,244.01
2025-07-24T15:29:19.515475,ETH-USDT,3738.78,3738.8,0.0033,0.0103
2025-07-24T15:29:19.538658,LTC-USDT,114.38,114.4,0.1896,0.3187
2025-07-24T15:29:19.599418,XRP-USDT,3.2328,3.2329,10.9,9.2
2025-07-24T15:29:19.795910,BTC-USDT,119015.08,119015.11,0.224726,10.342661
2025-07-24T15:29:19.814123,ETH-USDT,3738.79,3738.81,0.0062,0.0044
2025-07-24T15:29:19.888555,XRP-USDT,3.2324,3.2325,10.1,8.9
2025-07-24T15:29:20.160756,ETH-USDT,3738.8,3738.82,0.0044,0.005
2025-07-24T15:29:20.223584,SOL-USDT,188.93,188.94,17.607,244.01
2025-07-24T15:29:20.397197,BTC-USDT,119015.07,119015.1,0.225518,10.342661
2025-07-24T15:29:20.421058,ETH-USDT,3738.76,3738.79,0.0052,0.008
2025-07-24T15:29:20.482179,LTC-USDT,114.38,114.4,0.1896,0.3187
2025-07-24T15:29:20.517021,SOL-USDT,188.93,188.94,17.607,244.01
2025-07-24T15:29:20.525741,XRP-USDT,3.2324,3.2325,10.1,8.9
2025-07-24T15:29:20.705964,BTC-USDT,119015.07,119015.1,0.225518,10.342661
2025-07-24T15:29:20.723748,ETH-USDT,3737.93,3738.79,23.9473,0.0076
2025-07-24T15:29:21.004279,BTC-USDT,119015.07,119015.1,0.225518,10.342661
2025-07-24T15:29:21.025930,ETH-USDT,3738.82,3738.83,0.0032,0.0072
2025-07-24T15:29:21.121497,SOL-USDT,188.98,188.99,17.078,244.01
2025-07-24T15:29:21.121537,XRP-USDT,3.2326,3.2331,10358.0,6.6
2025-07-24T15:29:21.300750,BTC-USDT,119014.5,119014.54,0.225523,10.342661
2025-07-24T15:29:21.421918,LTC-USDT,114.38,114.4,0.1896,0.3187
2025-07-24T15:29:21.421970,SOL-USDT,188.98,188.99,17.078,244.01
2025-07-24T15:29:21.601378,BTC-USDT,119014.5,119014.54,0.225523,10.342661
2025-07-24T15:29:21.626878,ETH-USDT,3738.45,3738.83,0.0052,0.0072
2025-07-24T15:29:21.703300,XRP-USDT,3.2326,3.2331,10358.0,6.6
2025-07-24T15:29:21.923110,ETH-USDT,3738.45,3738.83,0.0048,0.0072
2025-07-24T15:29:21.991721,SOL-USDT,188.97,188.98,17.607,243.481
2025-07-24T15:29:22.212920,BTC-USDT,119014.5,119014.53,0.225523,10.342661
2025-07-24T15:29:22.223243,ETH-USDT,3738.45,3738.83,0.0075,0.0072
2025-07-24T15:29:22.244133,LTC-USDT,114.38,114.4,0.1896,0.3187
2025-07-24T15:29:22.289206,SOL-USDT,188.97,188.98,17.607,243.481
2025-07-24T15:29:22.607794,XRP-USDT,3.2326,3.2331,10358.0,6.6
2025-07-24T15:29:22.802230,BTC-USDT,119014.49,119014.52,0.225444,10.342661
2025-07-24T15:29:22.839705,ETH-USDT,3738.82,3738.83,0.0066,0.0072
2025-07-24T15:29:22.901310,SOL-USDT,188.97,188.98,17.607,243.481
2025-07-24T15:29:22.916967,XRP-USDT,3.2324,3.2326,10.0,10.8
2025-07-24T15:29:23.176830,BTC-USDT,119014.48,119014.51,0.225445,10.342661
2025-07-24T15:29:23.176875,ETH-USDT,3738.45,3738.83,0.0032,0.0072
2025-07-24T15:29:23.196078,LTC-USDT,114.38,114.4,0.1896,0.3187
2025-07-24T15:29:23.409685,BTC-USDT,119014.48,119014.52,0.225445,10.342661
2025-07-24T15:29:23.448211,ETH-USDT,3738.45,3738.83,0.0036,0.0072
2025-07-24T15:29:23.724017,BTC-USDT,119014.41,119014.44,0.225486,10.342661
2025-07-24T15:29:23.739484,ETH-USDT,3738.74,3738.76,0.0101,0.0092
2025-07-24T15:29:23.794235,SOL-USDT,188.97,188.98,17.607,243.481
2025-07-24T15:29:23.815857,XRP-USDT,3.2324,3.2326,10.0,10.8
2025-07-24T15:29:24.016858,BTC-USDT,119014.33,119014.36,0.225462,10.342661
2025-07-24T15:29:24.044476,ETH-USDT,3738.74,3738.76,0.0101,0.0092
2025-07-24T15:29:24.083030,LTC-USDT,114.37,114.39,0.1213,0.3187
2025-07-24T15:29:24.138523,SOL-USDT,188.94,188.96,17.607,244.01
2025-07-24T15:29:24.313947,BTC-USDT,119014.34,119014.38,0.224726,10.342661
2025-07-24T15:29:24.409793,ETH-USDT,3736.98,3737.94,24.5068,0.0059
2025-07-24T15:29:24.421318,LTC-USDT,114.35,114.37,60.4278,0.0289
2025-07-24T15:29:24.446715,SOL-USDT,188.94,188.96,17.607,244.01
2025-07-24T15:29:24.466062,XRP-USDT,3.232,3.2321,6.3,8.5
2025-07-24T15:29:24.622984,BTC-USDT,119003.0,119003.03,0.225511,10.342661
2025-07-24T15:29:24.746569,ETH-USDT,3737.4,3737.42,0.0055,0.0053
2025-07-24T15:29:24.746868,LTC-USDT,114.37,114.39,0.099,0.3187
2025-07-24T15:29:24.748841,SOL-USDT,189.04,189.05,17.079,244.01
2025-07-24T15:29:24.748882,XRP-USDT,3.232,3.2321,6.3,8.5
2025-07-24T15:29:24.948790,ETH-USDT,3738.04,3738.07,0.0081,0.006
2025-07-24T15:29:25.009418,XRP-USDT,3.2326,3.2327,9.5,7.6
2025-07-24T15:29:25.210470,BTC-USDT,119002.88,119002.91,0.225492,10.342661
2025-07-24T15:29:25.228597,ETH-USDT,3738.15,3738.17,0.0069,0.0074
2025-07-24T15:29:25.288230,SOL-USDT,189.04,189.05,17.079,244.01
2025-07-24T15:29:25.296828,XRP-USDT,3.2326,3.2327,9.5,7.6
2025-07-24T15:29:25.514983,BTC-USDT,119004.08,119004.11,0.225491,10.342661
2025-07-24T15:29:25.541403,ETH-USDT,3738.06,3738.07,0.0086,0.0071
2025-07-24T15:29:25.547572,LTC-USDT,114.37,114.39,0.099,0.3187
2025-07-24T15:29:25.622222,XRP-USDT,3.2326,3.2327,9.5,7.6
2025-07-24T15:29:25.810285,BTC-USDT,119002.87,119002.9,0.225506,10.342661
2025-07-24T15:29:25.830020,ETH-USDT,3738.23,3738.25,0.0036,0.0105
2025-07-24T15:29:25.898382,SOL-USDT,189.05,189.06,17.607,244.01
2025-07-24T15:29:26.120066,BTC-USDT,119003.99,119004.02,0.225442,10.342661
2025-07-24T15:29:26.243198,XRP-USDT,3.2329,3.2331,10.3,8.3
2025-07-24T15:29:26.432004,ETH-USDT,3738.07,3738.09,0.0069,0.0099
2025-07-24T15:29:26.495105,LTC-USDT,114.37,114.39,0.099,0.3187
2025-07-24T15:29:26.516357,SOL-USDT,189.05,189.06,17.607,244.01
2025-07-24T15:29:26.724817,BTC-USDT,119002.78,119002.81,0.225519,10.343429
2025-07-24T15:29:26.836185,SOL-USDT,189.07,189.08,17.079,244.01
2025-07-24T15:29:27.013798,BTC-USDT,119002.77,119002.81,0.225448,10.343429
2025-07-24T15:29:27.028146,ETH-USDT,3738.08,3738.09,0.0077,0.0034
2025-07-24T15:29:27.069427,LTC-USDT,114.38,114.4,0.1799,0.0289
2025-07-24T15:29:27.109501,XRP-USDT,3.2329,3.2331,10.3,8.3
2025-07-24T15:29:27.318993,BTC-USDT,119002.78,119002.81,0.224726,10.343429
2025-07-24T15:29:27.338847,ETH-USDT,3738.25,3738.27,0.0029,0.0093
2025-07-24T15:29:27.470349,SOL-USDT,189.08,189.09,17.607,244.01
2025-07-24T15:29:27.621232,BTC-USDT,119002.78,119002.81,0.224726,10.343429
2025-07-24T15:29:27.665259,ETH-USDT,3738.11,3738.13,0.0066,0.0073
2025-07-24T15:29:27.730528,SOL-USDT,189.12,189.13,17.607,244.01
2025-07-24T15:29:27.742726,XRP-USDT,3.2329,3.2331,10.3,8.3
2025-07-24T15:29:27.921358,BTC-USDT,119002.77,119002.81,0.225448,10.343429
2025-07-24T15:29:27.941135,ETH-USDT,3738.24,3738.25,0.0106,0.0086
2025-07-24T15:29:27.955176,LTC-USDT,114.38,114.4,0.1799,0.0289
2025-07-24T15:29:27.999019,SOL-USDT,189.12,189.13,17.607,244.01
2025-07-24T15:29:28.216504,BTC-USDT,119002.78,119002.81,0.224726,10.343429
2025-07-24T15:29:28.321388,SOL-USDT,189.15,189.16,62.217,102.18
2025-07-24T15:29:28.336875,XRP-USDT,3.2329,3.2331,10.3,8.3
2025-07-24T15:29:28.556575,ETH-USDT,3738.24,3738.25,0.0106,0.0086
2025-07-24T15:29:28.624104,XRP-USDT,3.2332,3.2334,8.0,4.5
2025-07-24T15:29:28.829386,BTC-USDT,119002.22,119002.25,0.225463,10.342661
2025-07-24T15:29:28.841910,LTC-USDT,114.38,114.4,0.1799,0.0289
2025-07-24T15:29:28.900427,XRP-USDT,3.2336,3.2338,7.4,9.0
2025-07-24T15:29:29.114978,BTC-USDT,119002.22,119002.25,0.225463,10.342661
2025-07-24T15:29:29.131728,ETH-USDT,3738.32,3738.34,0.0084,0.0098
2025-07-24T15:29:29.231336,SOL-USDT,189.15,189.16,62.217,102.18
2025-07-24T15:29:29.420511,BTC-USDT,119002.21,119002.25,2.477126,7.099874
2025-07-24T15:29:29.443341,ETH-USDT,3738.32,3738.34,0.009,0.008
2025-07-24T15:29:29.725910,BTC-USDT,119002.22,119002.25,2.476355,7.099874
2025-07-24T15:29:29.735827,ETH-USDT,3738.32,3738.34,0.006,0.0104
2025-07-24T15:29:29.749715,LTC-USDT,114.38,114.4,0.1799,0.0289
2025-07-24T15:29:29.806670,XRP-USDT,3.2336,3.2338,7.4,9.0
2025-07-24T15:29:30.019490,BTC-USDT,119002.22,119002.25,2.476355,7.099874
2025-07-24T15:29:30.045520,ETH-USDT,3738.32,3738.34,0.006,0.0104
2025-07-24T15:29:30.119545,SOL-USDT,189.15,189.16,62.217,102.18
2025-07-24T15:29:30.334720,BTC-USDT,119002.21,119002.25,2.477126,7.099874
2025-07-24T15:29:30.351248,ETH-USDT,3738.25,3738.27,0.0105,0.0032
2025-07-24T15:29:30.493025,XRP-USDT,3.233,3.2331,5.0,8.9
2025-07-24T15:29:30.493080,SOL-USDT,189.15,189.16,62.217,102.18
2025-07-24T15:29:30.626993,BTC-USDT,119002.22,119002.25,2.476355,7.099874
2025-07-24T15:29:30.638915,ETH-USDT,3738.27,3738.29,0.0071,0.0094
2025-07-24T15:29:30.668362,LTC-USDT,114.38,114.4,0.1799,0.0289
2025-07-24T15:29:30.931299,BTC-USDT,119002.23,119002.26,2.476355,7.099812
2025-07-24T15:29:30.951845,ETH-USDT,3738.15,3738.17,0.0035,0.0093
2025-07-24T15:29:31.244283,BTC-USDT,119002.23,119002.26,2.476355,7.099812
2025-07-24T15:29:31.316466,SOL-USDT,189.17,189.18,61.689,102.18
2025-07-24T15:29:31.338270,XRP-USDT,3.233,3.2331,5.0,8.9
2025-07-24T15:29:31.527233,BTC-USDT,119002.35,119002.39,2.476355,7.099862
2025-07-24T15:29:31.547658,ETH-USDT,3738.15,3738.17,0.0035,0.0093
2025-07-24T15:29:31.566945,LTC-USDT,114.38,114.4,0.1799,0.0289
2025-07-24T15:29:31.632396,XRP-USDT,3.233,3.2331,5.0,8.9
2025-07-24T15:29:31.828594,BTC-USDT,119002.36,119002.39,2.476355,7.099862
2025-07-24T15:29:31.847888,ETH-USDT,3738.08,3738.1,0.0031,0.0093
2025-07-24T15:29:32.138771,BTC-USDT,119002.34,119002.38,2.476355,7.099088
2025-07-24T15:29:32.159401,ETH-USDT,3738.08,3738.1,0.0031,0.0065
2025-07-24T15:29:32.258763,SOL-USDT,189.17,189.18,61.689,102.18
2025-07-24T15:29:32.258805,XRP-USDT,3.2326,3.2327,7.9,4.1
2025-07-24T15:29:32.449408,ETH-USDT,3738.08,3738.1,0.0031,0.0065
2025-07-24T15:29:32.472875,LTC-USDT,114.38,114.4,0.1799,0.0289
2025-07-24T15:29:32.526388,XRP-USDT,3.2324,3.2326,7.5,11.4
2025-07-24T15:29:32.730931,BTC-USDT,119002.35,119002.38,2.476355,7.099088
2025-07-24T15:29:32.788719,ETH-USDT,3738.06,3738.08,0.0091,0.0053
2025-07-24T15:29:32.833579,SOL-USDT,189.17,189.18,61.689,102.18
2025-07-24T15:29:33.059186,ETH-USDT,3738.06,3738.08,0.0091,0.0053
2025-07-24T15:29:33.337647,BTC-USDT,119002.34,119002.37,2.476355,7.099088
2025-07-24T15:29:33.344207,ETH-USDT,3738.06,3738.08,0.0057,0.0063
2025-07-24T15:29:33.380560,LTC-USDT,114.38,114.4,0.1799,0.0289
2025-07-24T15:29:33.409716,SOL-USDT,189.19,189.2,62.217,102.18
2025-07-24T15:29:33.417915,XRP-USDT,3.2324,3.2326,7.5,11.4
2025-07-24T15:29:33.846677,LTC-USDT,114.39,114.42,0.239,0.1386
2025-07-24T15:29:33.847019,BTC-USDT,119002.34,119002.37,2.476355,7.099088
2025-07-24T15:29:33.847388,ETH-USDT,3738.19,3738.21,0.0037,0.0088
2025-07-24T15:29:33.848151,SOL-USDT,189.23,189.24,62.217,102.18
2025-07-24T15:29:33.848587,XRP-USDT,3.2324,3.2326,7.5,11.4
2025-07-24T15:29:33.947030,BTC-USDT,119002.33,119002.37,2.476355,7.099088
2025-07-24T15:29:33.964450,ETH-USDT,3738.77,3739.78,0.0045,16.4121
2025-07-24T15:29:34.049339,LTC-USDT,114.41,114.43,24.1496,0.0126
2025-07-24T15:29:34.051832,SOL-USDT,189.19,189.21,62.217,102.18
2025-07-24T15:29:34.073450,XRP-USDT,3.2331,3.2332,4.3,10.1
2025-07-24T15:29:34.241238,BTC-USDT,119002.33,119002.37,2.476355,7.099088
2025-07-24T15:29:34.292958,SOL-USDT,189.19,189.21,62.217,102.18
2025-07-24T15:29:34.310217,XRP-USDT,3.2331,3.2332,4.3,10.1
2025-07-24T15:29:34.541481,BTC-USDT,119002.33,119002.37,2.476355,7.099088
2025-07-24T15:29:34.556157,ETH-USDT,3738.8,3738.82,0.0094,0.0097
2025-07-24T15:29:34.830505,BTC-USDT,119002.34,119002.37,2.476355,7.099088
2025-07-24T15:29:34.853645,ETH-USDT,3738.98,3739.0,0.003,0.0027
2025-07-24T15:29:34.880820,LTC-USDT,114.41,114.43,24.1496,0.0126
2025-07-24T15:29:34.929963,SOL-USDT,189.19,189.21,62.217,102.18
2025-07-24T15:29:35.128701,BTC-USDT,119002.33,119002.37,2.476355,7.099088
2025-07-24T15:29:35.148533,ETH-USDT,3739.06,3739.08,0.003,0.0055
2025-07-24T15:29:35.193230,SOL-USDT,189.19,189.21,62.217,102.18
2025-07-24T15:29:35.209652,XRP-USDT,3.2331,3.2332,4.3,10.1
2025-07-24T15:29:35.445580,BTC-USDT,119002.33,119002.37,2.476355,7.099088
2025-07-24T15:29:35.453934,ETH-USDT,3739.02,3739.04,0.0072,0.0055
2025-07-24T15:29:35.543992,XRP-USDT,3.2331,3.2332,4.3,10.1
2025-07-24T15:29:35.737859,BTC-USDT,119002.36,119002.39,2.476355,7.099862
2025-07-24T15:29:35.833391,LTC-USDT,114.41,114.43,24.1496,0.0126
2025-07-24T15:29:36.043968,BTC-USDT,119002.35,119002.38,2.476355,7.099088
2025-07-24T15:29:36.063243,ETH-USDT,3738.89,3738.91,0.0087,0.0073
2025-07-24T15:29:36.148618,SOL-USDT,189.15,189.16,62.217,102.18
2025-07-24T15:29:36.148653,XRP-USDT,3.2328,3.2329,8.8,12.2
2025-07-24T15:29:36.342539,BTC-USDT,119002.33,119002.37,2.476355,7.099088
2025-07-24T15:29:36.387598,ETH-USDT,3738.78,3738.81,0.0059,0.0066
2025-07-24T15:29:36.529021,XRP-USDT,3.232,3.2321,13.2,12.2
2025-07-24T15:29:36.529150,SOL-USDT,189.13,189.15,61.689,102.18
2025-07-24T15:29:36.654123,BTC-USDT,119001.76,119001.79,2.477128,7.099885
2025-07-24T15:29:36.694793,ETH-USDT,3738.33,3738.35,0.0036,0.0067
2025-07-24T15:29:36.702791,LTC-USDT,114.39,114.4,0.1365,0.0126
2025-07-24T15:29:36.734524,XRP-USDT,3.232,3.2321,13.2,12.2
2025-07-24T15:29:36.936505,BTC-USDT,119001.75,119001.79,2.476355,7.099885
2025-07-24T15:29:36.958313,ETH-USDT,3738.58,3738.6,0.0104,0.0046
2025-07-24T15:29:37.014805,SOL-USDT,189.13,189.15,61.584,102.18
2025-07-24T15:29:37.244568,BTC-USDT,119001.76,119001.79,2.476355,7.099885
2025-07-24T15:29:37.266780,ETH-USDT,3738.13,3738.15,0.0056,0.0054
2025-07-24T15:29:37.342637,SOL-USDT,189.13,189.15,61.584,102.18
2025-07-24T15:29:37.353964,XRP-USDT,3.232,3.2321,13.2,12.2
2025-07-24T15:29:37.544680,BTC-USDT,119001.51,119001.54,2.477106,7.099088
2025-07-24T15:29:37.563892,ETH-USDT,3738.11,3738.13,0.0077,0.0046
2025-07-24T15:29:37.582448,LTC-USDT,114.39,114.4,0.1365,0.0126
2025-07-24T15:29:37.848675,BTC-USDT,119001.6,119001.63,2.476355,7.099088
2025-07-24T15:29:37.866947,ETH-USDT,3738.18,3738.2,0.0038,0.0091
2025-07-24T15:29:37.925516,SOL-USDT,189.13,189.15,61.584,102.18
2025-07-24T15:29:38.148638,BTC-USDT,119001.6,119001.63,2.476355,7.099088
2025-07-24T15:29:38.167745,ETH-USDT,3738.1,3738.12,0.0045,0.0043
2025-07-24T15:29:38.252048,XRP-USDT,3.232,3.2321,13.2,12.2
2025-07-24T15:29:38.444420,BTC-USDT,119001.42,119001.45,2.477069,7.099088
2025-07-24T15:29:38.479161,ETH-USDT,3738.3,3738.32,0.005,0.0082
2025-07-24T15:29:38.481746,LTC-USDT,114.39,114.4,0.1365,0.0126
2025-07-24T15:29:38.517117,SOL-USDT,189.15,189.16,100.914,186.42
2025-07-24T15:29:38.526392,XRP-USDT,3.232,3.2321,13.2,12.2
2025-07-24T15:29:38.741220,BTC-USDT,119001.43,119001.46,2.476355,7.099088
2025-07-24T15:29:38.754773,ETH-USDT,3738.1,3738.12,0.0091,0.0067
2025-07-24T15:29:38.844091,SOL-USDT,189.15,189.16,100.914,186.42
2025-07-24T15:29:39.100722,BTC-USDT,119001.43,119001.46,2.476355,7.099088
2025-07-24T15:29:39.101412,ETH-USDT,3738.1,3738.12,0.0091,0.0067
2025-07-24T15:29:39.180092,SOL-USDT,189.13,189.15,100.914,185.892
2025-07-24T15:29:39.204207,XRP-USDT,3.232,3.2321,13.2,12.2
2025-07-24T15:29:39.354693,BTC-USDT,119000.83,119000.86,0.567731,9.478732
2025-07-24T15:29:39.378089,ETH-USDT,3738.33,3738.35,0.0081,0.0092
2025-07-24T15:29:39.393123,LTC-USDT,114.39,114.4,0.1365,0.0126
2025-07-24T15:29:39.424093,SOL-USDT,189.11,189.12,100.914,186.42
2025-07-24T15:29:39.672076,BTC-USDT,119000.84,119000.87,0.567014,9.478731
2025-07-24T15:29:39.677492,ETH-USDT,3737.71,3737.73,0.0102,0.0055
2025-07-24T15:29:39.705876,LTC-USDT,114.37,114.39,0.3412,7.942
2025-07-24T15:29:39.759459,SOL-USDT,189.11,189.12,100.914,181.133
2025-07-24T15:29:39.781143,XRP-USDT,3.2313,3.2314,12.3,7.4
2025-07-24T15:29:39.956522,BTC-USDT,119000.82,119000.86,0.567736,9.478004
2025-07-24T15:29:40.000064,LTC-USDT,114.35,114.37,12.9569,0.1566
2025-07-24T15:29:40.027210,SOL-USDT,189.09,189.1,100.914,186.42
2025-07-24T15:29:40.047349,XRP-USDT,3.2306,3.2307,11.0,4.8
2025-07-24T15:29:40.253658,BTC-USDT,119000.83,119000.87,0.567014,9.478731
2025-07-24T15:29:40.274459,ETH-USDT,3737.27,3737.29,0.0078,0.0085
2025-07-24T15:29:40.320149,SOL-USDT,189.09,189.1,100.914,186.42
2025-07-24T15:29:40.322934,XRP-USDT,3.2306,3.2307,11.0,4.8
2025-07-24T15:29:40.548023,BTC-USDT,119000.75,119000.79,0.567779,9.478004
2025-07-24T15:29:40.568952,ETH-USDT,3737.2,3737.22,0.0095,0.0029
2025-07-24T15:29:40.638428,SOL-USDT,189.11,189.12,100.914,186.42
2025-07-24T15:29:40.864710,BTC-USDT,119000.75,119000.79,0.567779,9.478004
2025-07-24T15:29:40.879404,ETH-USDT,3737.8,3737.82,0.0046,0.004
2025-07-24T15:29:40.908032,LTC-USDT,114.35,114.37,12.9569,0.1566
2025-07-24T15:29:40.950316,SOL-USDT,189.11,189.12,100.914,186.42
2025-07-24T15:29:40.971820,XRP-USDT,3.2313,3.2314,8.1,6.0
2025-07-24T15:29:41.155902,BTC-USDT,119000.76,119000.8,0.567014,9.478004
2025-07-24T15:29:41.175506,ETH-USDT,3737.8,3737.82,0.0096,0.0083
2025-07-24T15:29:41.210446,LTC-USDT,114.38,114.4,0.2071,8.138
2025-07-24T15:29:41.243883,SOL-USDT,189.16,189.17,100.914,186.42
2025-07-24T15:29:41.259783,XRP-USDT,3.2317,3.2319,5.4,5.9
2025-07-24T15:29:41.466575,ETH-USDT,3738.0,3738.01,0.0093,0.0091
2025-07-24T15:29:41.534309,XRP-USDT,3.2317,3.2319,5.4,5.9
