timestamp,symbol,bid,ask,bid_vol,ask_vol
2025-07-24T15:28:38.957236,BTC-USDT,118976.0,118976.1,0.2149,16.2012
2025-07-24T15:28:38.957406,ETH-USDT,3741.25,3741.26,19.47,11.33
2025-07-24T15:28:38.957446,SOL-USDT,189.337,189.338,166.5,135.0
2025-07-24T15:28:38.957486,LTC-USDT,114.47,114.5,418.6,109.2
2025-07-24T15:28:38.957524,XRP-USDT,3.2363,3.2364,228.0,25825.0
2025-07-24T15:28:38.959696,BTC-USDT,118976.0,118976.1,0.2149,16.2012
2025-07-24T15:28:38.966046,LTC-USDT,114.47,114.5,418.6,109.2
2025-07-24T15:28:39.006734,ETH-USDT,3741.25,3741.26,19.47,11.33
2025-07-24T15:28:39.008965,SOL-USDT,189.337,189.338,166.5,135.0
2025-07-24T15:28:39.024653,XRP-USDT,3.2363,3.2364,228.0,25825.0
2025-07-24T15:28:39.060223,BTC-USDT,118976.0,118976.1,0.2149,16.2005
2025-07-24T15:28:39.065808,LTC-USDT,114.47,114.5,418.6,56.9
2025-07-24T15:28:39.105032,ETH-USDT,3741.25,3741.26,19.47,14.92
2025-07-24T15:28:39.161022,BTC-USDT,118976.0,118976.1,0.2149,16.2005
2025-07-24T15:28:39.161065,SOL-USDT,189.337,189.338,74.1,187.1
2025-07-24T15:28:39.170251,LTC-USDT,114.47,114.5,418.6,83.3
2025-07-24T15:28:39.174758,XRP-USDT,3.2359,3.236,2215.0,33313.0
2025-07-24T15:28:39.204406,ETH-USDT,3741.25,3741.26,19.47,15.27
2025-07-24T15:28:39.260133,BTC-USDT,118976.0,118976.1,0.2149,16.2005
2025-07-24T15:28:39.302312,LTC-USDT,114.47,114.5,189.7,83.3
2025-07-24T15:28:39.308031,ETH-USDT,3741.25,3741.26,0.01,45.27
2025-07-24T15:28:39.310542,SOL-USDT,189.337,189.338,28.4,183.7
2025-07-24T15:28:39.330087,XRP-USDT,3.2359,3.236,86.0,29604.0
2025-07-24T15:28:39.404016,ETH-USDT,3741.25,3741.26,8.37,45.27
2025-07-24T15:28:39.414487,LTC-USDT,114.47,114.49,189.7,10.0
2025-07-24T15:28:39.456914,SOL-USDT,189.322,189.334,25.5,44.8
2025-07-24T15:28:39.461863,BTC-USDT,118976.0,118976.1,0.2133,16.2005
2025-07-24T15:28:39.474479,XRP-USDT,3.2355,3.2356,2077.0,38615.0
2025-07-24T15:28:39.502833,ETH-USDT,3741.25,3741.26,8.37,46.4
2025-07-24T15:28:39.521148,LTC-USDT,114.47,114.49,189.7,29.6
2025-07-24T15:28:39.605416,ETH-USDT,3741.25,3741.26,8.38,61.47
2025-07-24T15:28:39.607104,SOL-USDT,189.321,189.322,82.7,147.4
2025-07-24T15:28:39.625961,XRP-USDT,3.2355,3.2356,4446.0,42554.0
2025-07-24T15:28:39.668038,BTC-USDT,118976.0,118976.1,0.1533,16.2005
2025-07-24T15:28:39.668682,LTC-USDT,114.47,114.49,176.4,40.2
2025-07-24T15:28:39.704851,ETH-USDT,3741.25,3741.26,0.01,120.4
2025-07-24T15:28:39.757057,SOL-USDT,189.312,189.313,20.6,103.4
2025-07-24T15:28:39.769224,LTC-USDT,114.47,114.49,176.4,17.8
2025-07-24T15:28:39.774868,XRP-USDT,3.2355,3.2356,4446.0,48356.0
2025-07-24T15:28:39.806290,ETH-USDT,3741.11,3741.12,0.64,151.63
2025-07-24T15:28:39.870866,LTC-USDT,114.48,114.49,12.8,24.1
2025-07-24T15:28:39.908193,ETH-USDT,3741.11,3741.12,3.37,231.54
2025-07-24T15:28:39.908235,SOL-USDT,189.3,189.301,65.3,219.5
2025-07-24T15:28:39.924828,XRP-USDT,3.2352,3.2353,1548.0,400.0
2025-07-24T15:28:39.974721,LTC-USDT,114.48,114.49,12.8,64.8
2025-07-24T15:28:40.004324,ETH-USDT,3741.11,3741.12,3.37,171.57
2025-07-24T15:28:40.059783,SOL-USDT,189.3,189.301,42.4,357.1
2025-07-24T15:28:40.067156,BTC-USDT,118976.0,118976.1,0.1533,16.2018
2025-07-24T15:28:40.075340,XRP-USDT,3.2351,3.2352,23.0,9771.0
2025-07-24T15:28:40.082903,LTC-USDT,114.46,114.49,0.9,39.7
2025-07-24T15:28:40.107235,ETH-USDT,3741.11,3741.12,3.37,160.09
2025-07-24T15:28:40.167871,BTC-USDT,118976.0,118976.1,0.1533,16.1728
2025-07-24T15:28:40.184744,LTC-USDT,114.46,114.47,0.9,3.4
2025-07-24T15:28:40.206286,ETH-USDT,3741.11,3741.12,0.64,267.89
2025-07-24T15:28:40.210141,SOL-USDT,189.293,189.294,0.5,44.8
2025-07-24T15:28:40.232109,XRP-USDT,3.2351,3.2352,4595.0,13295.0
2025-07-24T15:28:40.268887,BTC-USDT,118976.0,118976.1,0.1533,16.1728
2025-07-24T15:28:40.288849,LTC-USDT,114.46,114.47,0.9,6.0
2025-07-24T15:28:40.333509,ETH-USDT,3741.11,3741.12,0.64,287.58
2025-07-24T15:28:40.357751,SOL-USDT,189.293,189.294,62.2,236.8
2025-07-24T15:28:40.374764,BTC-USDT,118976.0,118976.1,0.1533,16.1728
2025-07-24T15:28:40.375820,XRP-USDT,3.2351,3.2352,5130.0,12044.0
2025-07-24T15:28:40.398830,LTC-USDT,114.46,114.47,0.9,6.0
2025-07-24T15:28:40.408837,ETH-USDT,3741.11,3741.12,0.65,207.5
2025-07-24T15:28:40.504391,LTC-USDT,114.46,114.47,0.9,6.0
2025-07-24T15:28:40.507712,SOL-USDT,189.293,189.294,69.7,21.5
2025-07-24T15:28:40.508413,ETH-USDT,3741.11,3741.12,0.66,189.27
2025-07-24T15:28:40.525203,XRP-USDT,3.2351,3.2352,5130.0,5470.0
2025-07-24T15:28:40.606946,ETH-USDT,3741.11,3741.12,0.66,249.37
2025-07-24T15:28:40.623788,LTC-USDT,114.46,114.47,0.9,6.0
2025-07-24T15:28:40.658430,SOL-USDT,189.293,189.294,69.7,21.5
2025-07-24T15:28:40.676841,XRP-USDT,3.2351,3.2352,774.0,9627.0
2025-07-24T15:28:40.709751,ETH-USDT,3741.11,3741.12,0.66,257.09
2025-07-24T15:28:40.768258,BTC-USDT,118976.0,118976.1,0.2385,16.1728
2025-07-24T15:28:40.808256,SOL-USDT,189.293,189.294,275.8,21.5
2025-07-24T15:28:40.809865,ETH-USDT,3741.11,3741.12,0.65,275.4
2025-07-24T15:28:40.825111,XRP-USDT,3.2351,3.2352,5130.0,8159.0
2025-07-24T15:28:40.896227,LTC-USDT,114.46,114.47,0.9,6.0
2025-07-24T15:28:40.913312,ETH-USDT,3741.11,3741.12,0.65,289.61
2025-07-24T15:28:40.957187,SOL-USDT,189.293,189.294,69.2,21.5
2025-07-24T15:28:40.969856,BTC-USDT,118976.0,118976.1,0.1533,16.1728
2025-07-24T15:28:40.977391,XRP-USDT,3.2351,3.2352,472.0,7956.0
2025-07-24T15:28:41.010135,ETH-USDT,3740.52,3740.53,0.02,0.19
2025-07-24T15:28:41.023664,LTC-USDT,114.46,114.47,0.9,6.0
2025-07-24T15:28:41.107276,SOL-USDT,189.293,189.294,0.1,297.3
2025-07-24T15:28:41.110773,ETH-USDT,3740.52,3740.53,3.09,150.86
2025-07-24T15:28:41.122685,LTC-USDT,114.46,114.47,0.9,6.0
2025-07-24T15:28:41.125689,XRP-USDT,3.2346,3.2348,2435.0,800.0
2025-07-24T15:28:41.211848,ETH-USDT,3740.52,3740.53,26.84,81.71
2025-07-24T15:28:41.226331,LTC-USDT,114.46,114.47,0.9,6.0
2025-07-24T15:28:41.260300,SOL-USDT,189.293,189.294,0.1,350.1
2025-07-24T15:28:41.275794,XRP-USDT,3.2346,3.2347,2079.0,12263.0
2025-07-24T15:28:41.310264,ETH-USDT,3740.52,3740.53,26.84,81.72
2025-07-24T15:28:41.372026,BTC-USDT,118976.0,118976.1,0.1533,16.1728
2025-07-24T15:28:41.409084,SOL-USDT,189.293,189.294,16.0,350.1
2025-07-24T15:28:41.412272,ETH-USDT,3740.52,3740.53,32.81,81.37
2025-07-24T15:28:41.425800,XRP-USDT,3.2346,3.2347,4729.0,12409.0
2025-07-24T15:28:41.427158,LTC-USDT,114.46,114.47,0.9,12.6
2025-07-24T15:28:41.474649,BTC-USDT,118976.0,118976.1,0.1533,16.1728
2025-07-24T15:28:41.552163,LTC-USDT,114.46,114.47,0.9,25.4
2025-07-24T15:28:41.560007,SOL-USDT,189.293,189.294,0.1,345.3
2025-07-24T15:28:41.575900,XRP-USDT,3.2346,3.2347,2758.0,20935.0
2025-07-24T15:28:41.677506,LTC-USDT,114.46,114.47,0.9,25.4
2025-07-24T15:28:41.709761,SOL-USDT,189.293,189.294,0.1,345.3
2025-07-24T15:28:41.713928,ETH-USDT,3740.52,3740.53,2.84,97.75
2025-07-24T15:28:41.725430,XRP-USDT,3.2342,3.2345,1752.0,19657.0
2025-07-24T15:28:41.785159,LTC-USDT,114.46,114.47,0.9,25.4
2025-07-24T15:28:41.814765,ETH-USDT,3740.52,3740.53,33.78,97.75
2025-07-24T15:28:41.862498,SOL-USDT,189.273,189.274,81.2,238.7
2025-07-24T15:28:41.873369,BTC-USDT,118973.1,118973.2,0.5213,0.4229
2025-07-24T15:28:41.876406,XRP-USDT,3.2342,3.2343,493.0,43123.0
2025-07-24T15:28:41.915907,ETH-USDT,3740.52,3740.53,33.78,97.75
2025-07-24T15:28:41.924900,LTC-USDT,114.46,114.47,0.9,25.4
2025-07-24T15:28:41.972412,BTC-USDT,118973.1,118973.2,0.5461,33.673
2025-07-24T15:28:42.008124,SOL-USDT,189.273,189.274,126.9,296.8
2025-07-24T15:28:42.015980,ETH-USDT,3740.27,3740.28,10.53,14.37
2025-07-24T15:28:42.027871,XRP-USDT,3.2342,3.2343,517.0,20733.0
2025-07-24T15:28:42.028010,LTC-USDT,114.46,114.47,13.7,12.6
2025-07-24T15:28:42.073770,BTC-USDT,118973.1,118973.2,0.2076,33.9584
2025-07-24T15:28:42.113702,ETH-USDT,3740.15,3740.16,6.38,20.57
2025-07-24T15:28:42.135190,LTC-USDT,114.46,114.47,13.7,12.6
2025-07-24T15:28:42.159698,SOL-USDT,189.273,189.274,97.3,203.9
2025-07-24T15:28:42.179457,BTC-USDT,118973.1,118973.2,0.8377,34.4974
2025-07-24T15:28:42.179501,XRP-USDT,3.234,3.2342,23.0,24.0
2025-07-24T15:28:42.214636,ETH-USDT,3740.15,3740.16,147.0,45.29
2025-07-24T15:28:42.272705,BTC-USDT,118973.1,118973.2,2.5508,34.5254
2025-07-24T15:28:42.274519,LTC-USDT,114.46,114.47,13.7,12.6
2025-07-24T15:28:42.309883,SOL-USDT,189.273,189.274,53.3,193.7
2025-07-24T15:28:42.323188,ETH-USDT,3740.15,3740.16,147.01,40.32
2025-07-24T15:28:42.326476,XRP-USDT,3.2336,3.2338,5764.0,2760.0
2025-07-24T15:28:42.373107,BTC-USDT,118973.0,118973.1,0.0001,2.0745
2025-07-24T15:28:42.374766,LTC-USDT,114.46,114.47,13.7,12.6
2025-07-24T15:28:42.424225,ETH-USDT,3740.15,3740.16,107.56,44.01
2025-07-24T15:28:42.460826,SOL-USDT,189.273,189.274,6.3,389.5
2025-07-24T15:28:42.474812,BTC-USDT,118972.9,118973.0,0.0001,11.9886
2025-07-24T15:28:42.476449,LTC-USDT,114.46,114.47,13.7,27.4
2025-07-24T15:28:42.476567,XRP-USDT,3.2338,3.2339,398.0,162.0
2025-07-24T15:28:42.525012,ETH-USDT,3740.15,3740.16,63.66,66.11
2025-07-24T15:28:42.573575,BTC-USDT,118972.9,118973.0,0.0001,24.6513
2025-07-24T15:28:42.578367,LTC-USDT,114.46,114.47,0.9,79.7
2025-07-24T15:28:42.610426,SOL-USDT,189.244,189.245,79.1,44.8
2025-07-24T15:28:42.623700,ETH-USDT,3740.15,3740.16,66.84,33.5
2025-07-24T15:28:42.626112,XRP-USDT,3.2338,3.2339,847.0,17458.0
2025-07-24T15:28:42.677214,BTC-USDT,118972.9,118973.0,0.0005,24.6517
2025-07-24T15:28:42.696037,LTC-USDT,114.46,114.47,0.9,92.5
2025-07-24T15:28:42.727370,ETH-USDT,3740.15,3740.16,66.84,31.26
2025-07-24T15:28:42.764109,SOL-USDT,189.244,189.245,130.1,56.0
2025-07-24T15:28:42.773986,BTC-USDT,118972.9,118973.0,0.0005,24.6517
2025-07-24T15:28:42.776768,XRP-USDT,3.2338,3.2339,449.0,36565.0
2025-07-24T15:28:42.826006,LTC-USDT,114.46,114.47,0.9,92.5
2025-07-24T15:28:42.826756,ETH-USDT,3740.15,3740.16,54.78,30.24
2025-07-24T15:28:42.910303,SOL-USDT,189.244,189.245,130.1,70.0
2025-07-24T15:28:42.926012,LTC-USDT,114.46,114.47,0.9,92.5
2025-07-24T15:28:42.926648,XRP-USDT,3.2338,3.2339,551.0,82520.0
2025-07-24T15:28:42.927064,ETH-USDT,3740.15,3740.16,11.88,24.87
2025-07-24T15:28:42.975025,BTC-USDT,118972.9,118973.0,0.0081,24.1477
2025-07-24T15:28:43.027168,ETH-USDT,3740.15,3740.16,31.79,5.46
2025-07-24T15:28:43.030733,LTC-USDT,114.46,114.47,0.9,40.2
2025-07-24T15:28:43.063000,SOL-USDT,189.244,189.245,357.7,0.1
2025-07-24T15:28:43.076456,BTC-USDT,118972.9,118973.0,0.0081,22.3154
2025-07-24T15:28:43.077067,XRP-USDT,3.2335,3.2336,23.0,3680.0
2025-07-24T15:28:43.129664,ETH-USDT,3740.32,3740.38,2.78,5.34
2025-07-24T15:28:43.149150,LTC-USDT,114.46,114.47,13.7,27.4
2025-07-24T15:28:43.176759,BTC-USDT,118972.9,118973.0,0.0081,25.2557
2025-07-24T15:28:43.213063,SOL-USDT,189.244,189.245,127.3,82.3
2025-07-24T15:28:43.227346,ETH-USDT,3740.32,3740.33,5.56,72.22
2025-07-24T15:28:43.227398,XRP-USDT,3.2335,3.2336,222.0,4007.0
2025-07-24T15:28:43.258267,LTC-USDT,114.46,114.47,13.7,64.9
2025-07-24T15:28:43.276952,BTC-USDT,118972.9,118973.0,0.0081,25.2557
2025-07-24T15:28:43.331132,ETH-USDT,3740.32,3740.33,0.01,115.36
2025-07-24T15:28:43.365488,SOL-USDT,189.244,189.245,69.0,144.8
2025-07-24T15:28:43.365659,LTC-USDT,114.46,114.47,0.9,33.9
2025-07-24T15:28:43.380597,XRP-USDT,3.2335,3.2336,2260.0,4433.0
2025-07-24T15:28:43.381067,BTC-USDT,118972.9,118973.0,0.0081,25.4022
2025-07-24T15:28:43.429336,ETH-USDT,3740.32,3740.33,0.01,70.08
2025-07-24T15:28:43.477852,LTC-USDT,114.46,114.47,13.7,73.4
2025-07-24T15:28:43.478368,BTC-USDT,118972.9,118973.0,0.0081,22.4224
2025-07-24T15:28:43.511954,SOL-USDT,189.232,189.244,79.1,65.0
2025-07-24T15:28:43.527190,XRP-USDT,3.2338,3.2341,4103.0,322.0
2025-07-24T15:28:43.529511,ETH-USDT,3740.32,3740.33,0.01,96.32
2025-07-24T15:28:43.601891,LTC-USDT,114.46,114.47,13.7,21.1
2025-07-24T15:28:43.628164,ETH-USDT,3740.32,3740.33,0.01,77.96
2025-07-24T15:28:43.660135,SOL-USDT,189.232,189.233,82.6,45.9
2025-07-24T15:28:43.677524,XRP-USDT,3.2341,3.2343,1237.0,23.0
2025-07-24T15:28:43.678248,BTC-USDT,118966.4,118966.5,5.7591,17.4196
2025-07-24T15:28:43.728328,LTC-USDT,114.46,114.47,0.9,86.2
2025-07-24T15:28:43.730353,ETH-USDT,3740.0,3740.01,0.04,19.16
2025-07-24T15:28:43.778249,BTC-USDT,118966.4,118966.5,5.5004,26.9663
2025-07-24T15:28:43.810573,SOL-USDT,189.232,189.233,77.9,238.9
2025-07-24T15:28:43.827386,XRP-USDT,3.2342,3.2343,8270.0,501.0
2025-07-24T15:28:43.830030,ETH-USDT,3740.0,3740.01,5.6,61.32
2025-07-24T15:28:43.841351,LTC-USDT,114.46,114.47,0.9,101.0
2025-07-24T15:28:43.882890,BTC-USDT,118966.4,118966.5,5.5004,26.9663
2025-07-24T15:28:43.933136,ETH-USDT,3740.0,3740.01,9.13,61.32
2025-07-24T15:28:43.953033,LTC-USDT,114.46,114.47,0.9,101.0
2025-07-24T15:28:43.961017,SOL-USDT,189.232,189.233,120.1,239.0
2025-07-24T15:28:43.977674,XRP-USDT,3.2342,3.2343,9603.0,589.0
2025-07-24T15:28:43.980726,BTC-USDT,118966.4,118966.5,5.5004,26.9663
2025-07-24T15:28:44.031574,ETH-USDT,3740.0,3740.01,16.48,60.11
2025-07-24T15:28:44.068586,LTC-USDT,114.46,114.47,0.9,101.0
2025-07-24T15:28:44.081769,BTC-USDT,118966.4,118966.5,6.0349,26.9663
2025-07-24T15:28:44.110971,SOL-USDT,189.232,189.233,379.7,0.1
2025-07-24T15:28:44.127718,XRP-USDT,3.2344,3.2346,398.0,5605.0
2025-07-24T15:28:44.136524,ETH-USDT,3740.0,3740.01,52.18,31.96
2025-07-24T15:28:44.176567,LTC-USDT,114.46,114.47,0.9,40.2
2025-07-24T15:28:44.183673,BTC-USDT,118966.4,118966.5,6.0349,29.1502
2025-07-24T15:28:44.233705,ETH-USDT,3740.0,3740.01,17.29,31.96
2025-07-24T15:28:44.262792,SOL-USDT,189.232,189.233,379.1,0.1
2025-07-24T15:28:44.276294,LTC-USDT,114.46,114.47,13.7,35.9
2025-07-24T15:28:44.276528,XRP-USDT,3.2346,3.2348,3756.0,38.0
2025-07-24T15:28:44.282458,BTC-USDT,118966.4,118966.5,6.0349,29.1502
2025-07-24T15:28:44.331530,ETH-USDT,3740.0,3740.01,16.49,48.34
2025-07-24T15:28:44.382697,BTC-USDT,118966.4,118966.5,5.5004,29.1502
2025-07-24T15:28:44.392928,LTC-USDT,114.46,114.47,13.7,21.1
2025-07-24T15:28:44.410404,SOL-USDT,189.232,189.233,361.1,10.3
2025-07-24T15:28:44.427632,XRP-USDT,3.2347,3.2348,982.0,5765.0
2025-07-24T15:28:44.433175,ETH-USDT,3740.0,3740.01,0.05,110.16
2025-07-24T15:28:44.494182,BTC-USDT,118966.4,118966.5,0.008,29.7222
2025-07-24T15:28:44.495823,LTC-USDT,114.46,114.47,13.7,93.4
2025-07-24T15:28:44.532433,ETH-USDT,3739.5,3739.58,6.89,111.87
2025-07-24T15:28:44.567768,SOL-USDT,189.232,189.233,13.9,129.7
2025-07-24T15:28:44.582723,XRP-USDT,3.2341,3.2343,23.0,604.0
2025-07-24T15:28:44.590235,BTC-USDT,118966.4,118966.5,0.008,35.4201
2025-07-24T15:28:44.609703,LTC-USDT,114.44,114.45,7.7,5.1
2025-07-24T15:28:44.632251,ETH-USDT,3739.5,3739.51,11.16,70.24
2025-07-24T15:28:44.685140,BTC-USDT,118966.4,118966.5,0.008,35.4201
2025-07-24T15:28:44.710729,SOL-USDT,189.201,189.202,8.1,72.0
2025-07-24T15:28:44.722740,LTC-USDT,114.44,114.46,10.3,76.5
2025-07-24T15:28:44.730134,XRP-USDT,3.2339,3.234,8288.0,4471.0
2025-07-24T15:28:44.736649,ETH-USDT,3739.5,3739.51,25.12,128.19
2025-07-24T15:28:44.784557,BTC-USDT,118966.4,118966.5,0.008,35.4201
2025-07-24T15:28:44.831302,LTC-USDT,114.44,114.45,7.7,2.6
2025-07-24T15:28:44.841950,ETH-USDT,3739.5,3739.51,5.89,128.19
2025-07-24T15:28:44.866695,SOL-USDT,189.202,189.213,5.8,4.1
2025-07-24T15:28:44.880291,XRP-USDT,3.2335,3.2338,23.0,1127.0
2025-07-24T15:28:44.888318,BTC-USDT,118966.4,118966.5,0.0111,35.4201
2025-07-24T15:28:44.940064,ETH-USDT,3739.5,3739.51,5.89,188.36
2025-07-24T15:28:44.945741,LTC-USDT,114.44,114.45,7.7,30.8
2025-07-24T15:28:44.985167,BTC-USDT,118966.4,118966.5,0.0111,35.4201
2025-07-24T15:28:45.010762,SOL-USDT,189.174,189.202,0.5,12.2
2025-07-24T15:28:45.027680,XRP-USDT,3.2335,3.2336,336.0,17513.0
2025-07-24T15:28:45.039486,ETH-USDT,3739.5,3739.51,8.37,188.36
2025-07-24T15:28:45.058126,LTC-USDT,114.44,114.45,7.7,30.8
2025-07-24T15:28:45.084487,BTC-USDT,118966.4,118966.5,0.0111,35.2736
2025-07-24T15:28:45.135392,ETH-USDT,3739.5,3739.51,8.38,188.35
2025-07-24T15:28:45.161392,SOL-USDT,189.177,189.178,79.1,79.1
2025-07-24T15:28:45.167334,LTC-USDT,114.44,114.45,7.7,30.8
2025-07-24T15:28:45.184748,XRP-USDT,3.2335,3.2336,6033.0,26305.0
2025-07-24T15:28:45.190114,BTC-USDT,118966.4,118966.5,0.0111,34.9281
2025-07-24T15:28:45.238380,ETH-USDT,3739.5,3739.51,8.38,188.35
2025-07-24T15:28:45.286078,LTC-USDT,114.44,114.45,7.7,30.8
2025-07-24T15:28:45.286112,BTC-USDT,118966.4,118966.5,0.0111,34.9281
2025-07-24T15:28:45.316025,SOL-USDT,189.177,189.178,128.4,79.4
2025-07-24T15:28:45.331167,XRP-USDT,3.2335,3.2336,5105.0,17542.0
2025-07-24T15:28:45.339725,ETH-USDT,3739.5,3739.51,8.38,188.35
2025-07-24T15:28:45.379234,LTC-USDT,114.44,114.45,7.7,30.8
2025-07-24T15:28:45.384975,BTC-USDT,118966.4,118966.5,0.0111,34.9281
2025-07-24T15:28:45.438891,ETH-USDT,3739.0,3739.02,5.27,0.19
2025-07-24T15:28:45.462091,SOL-USDT,189.177,189.178,130.1,120.4
2025-07-24T15:28:45.479082,XRP-USDT,3.2331,3.2332,16.0,920.0
2025-07-24T15:28:45.481058,LTC-USDT,114.44,114.45,7.7,110.3
2025-07-24T15:28:45.486201,BTC-USDT,118966.4,118966.5,0.0111,37.4316
2025-07-24T15:28:45.541861,ETH-USDT,3739.0,3739.01,20.95,97.14
2025-07-24T15:28:45.602152,BTC-USDT,118966.4,118966.5,0.0111,37.5781
2025-07-24T15:28:45.606883,LTC-USDT,114.44,114.45,7.7,110.3
2025-07-24T15:28:45.611110,SOL-USDT,189.177,189.178,130.1,135.3
2025-07-24T15:28:45.628125,XRP-USDT,3.2331,3.2332,14994.0,1682.0
2025-07-24T15:28:45.641903,ETH-USDT,3739.0,3739.01,21.3,106.79
2025-07-24T15:28:45.684012,BTC-USDT,118966.4,118966.5,0.0111,37.9236
2025-07-24T15:28:45.716725,LTC-USDT,114.44,114.45,7.7,110.3
2025-07-24T15:28:45.740956,ETH-USDT,3739.0,3739.01,18.17,106.8
2025-07-24T15:28:45.763090,SOL-USDT,189.177,189.178,128.4,187.3
2025-07-24T15:28:45.779924,XRP-USDT,3.2335,3.2336,700.0,41032.0
2025-07-24T15:28:45.785088,BTC-USDT,118966.4,118966.5,0.0111,37.9236
2025-07-24T15:28:45.820449,LTC-USDT,114.4,114.43,794.8,5.1
2025-07-24T15:28:45.849800,ETH-USDT,3739.0,3739.01,4.98,180.19
2025-07-24T15:28:45.885372,BTC-USDT,118966.4,118966.5,0.004,37.9154
2025-07-24T15:28:45.915510,SOL-USDT,189.147,189.148,73.8,256.5
2025-07-24T15:28:45.922033,LTC-USDT,114.39,114.41,17.4,1.3
2025-07-24T15:28:45.929170,XRP-USDT,3.2332,3.2335,1270.0,5165.0
2025-07-24T15:28:45.941910,ETH-USDT,3739.0,3739.01,4.98,180.19
2025-07-24T15:28:45.984671,BTC-USDT,118964.2,118964.3,0.0067,2.0845
2025-07-24T15:28:46.031921,LTC-USDT,114.39,114.4,192.8,3.4
2025-07-24T15:28:46.042404,ETH-USDT,3739.0,3739.01,4.98,218.32
2025-07-24T15:28:46.071059,SOL-USDT,189.147,189.148,119.5,266.8
2025-07-24T15:28:46.082409,XRP-USDT,3.2331,3.2332,30.0,41507.0
2025-07-24T15:28:46.090829,BTC-USDT,118964.2,118964.3,0.0142,22.2847
2025-07-24T15:28:46.136031,LTC-USDT,114.39,114.41,192.8,51.1
2025-07-24T15:28:46.140343,ETH-USDT,3739.0,3739.01,3.93,218.31
2025-07-24T15:28:46.185623,BTC-USDT,118964.2,118964.3,0.0067,25.2265
2025-07-24T15:28:46.215055,SOL-USDT,189.131,189.132,79.1,105.9
2025-07-24T15:28:46.233579,XRP-USDT,3.2326,3.2328,23.0,1840.0
2025-07-24T15:28:46.243278,LTC-USDT,114.4,114.41,12.8,3.9
2025-07-24T15:28:46.248778,ETH-USDT,3738.28,3738.29,16.2,0.19
2025-07-24T15:28:46.288753,BTC-USDT,118964.2,118964.3,0.0067,25.2265
2025-07-24T15:28:46.341770,ETH-USDT,3738.28,3738.29,43.11,71.26
2025-07-24T15:28:46.343432,LTC-USDT,114.39,114.41,172.8,20.0
2025-07-24T15:28:46.364401,SOL-USDT,189.116,189.132,0.1,139.9
2025-07-24T15:28:46.378528,XRP-USDT,3.2324,3.2325,861.0,3333.0
2025-07-24T15:28:46.386244,BTC-USDT,118959.3,118959.4,0.5865,19.3295
2025-07-24T15:28:46.442234,ETH-USDT,3738.28,3738.29,46.29,68.48
2025-07-24T15:28:46.482276,LTC-USDT,114.38,114.4,5.1,3.4
2025-07-24T15:28:46.486486,BTC-USDT,118959.3,118959.4,0.594,36.0984
2025-07-24T15:28:46.510102,SOL-USDT,189.121,189.122,79.1,56.3
2025-07-24T15:28:46.529042,XRP-USDT,3.2324,3.2325,4636.0,11732.0
2025-07-24T15:28:46.546945,ETH-USDT,3738.28,3738.29,46.3,68.47
2025-07-24T15:28:46.587149,BTC-USDT,118959.3,118959.4,0.6036,36.0984
2025-07-24T15:28:46.633885,LTC-USDT,114.38,114.39,98.0,3.4
2025-07-24T15:28:46.643943,ETH-USDT,3738.28,3738.29,22.22,54.51
2025-07-24T15:28:46.664554,SOL-USDT,189.121,189.122,79.2,56.1
2025-07-24T15:28:46.679387,XRP-USDT,3.2324,3.2325,4655.0,8677.0
2025-07-24T15:28:46.688713,BTC-USDT,118959.3,118959.4,0.6036,36.0984
2025-07-24T15:28:46.752320,LTC-USDT,114.38,114.39,2.5,3.4
2025-07-24T15:28:46.786386,BTC-USDT,118959.3,118959.4,0.6036,36.0984
2025-07-24T15:28:46.812425,SOL-USDT,189.121,189.122,79.2,56.2
2025-07-24T15:28:46.829323,XRP-USDT,3.2326,3.2327,1380.0,7054.0
2025-07-24T15:28:46.857899,LTC-USDT,114.38,114.39,17.9,3.4
2025-07-24T15:28:46.886500,BTC-USDT,118959.3,118959.4,0.6112,34.9059
2025-07-24T15:28:46.948788,ETH-USDT,3738.28,3738.29,34.01,33.8
2025-07-24T15:28:46.955536,LTC-USDT,114.38,114.41,21.3,108.8
2025-07-24T15:28:46.963025,SOL-USDT,189.121,189.122,339.9,0.3
2025-07-24T15:28:46.979048,XRP-USDT,3.2326,3.2327,10823.0,449.0
2025-07-24T15:28:46.990518,BTC-USDT,118959.3,118959.4,0.6112,34.9059
2025-07-24T15:28:47.049272,ETH-USDT,3738.28,3738.29,6.47,37.37
2025-07-24T15:28:47.082770,LTC-USDT,114.38,114.41,21.3,54.2
2025-07-24T15:28:47.087284,BTC-USDT,118959.3,118959.4,0.6112,35.2284
2025-07-24T15:28:47.111499,SOL-USDT,189.109,189.117,0.3,14.8
2025-07-24T15:28:47.130725,XRP-USDT,3.2329,3.233,460.0,35127.0
2025-07-24T15:28:47.148845,ETH-USDT,3738.28,3738.29,2.83,35.76
2025-07-24T15:28:47.182899,LTC-USDT,114.38,114.41,18.7,87.7
2025-07-24T15:28:47.187879,BTC-USDT,118959.3,118959.4,0.6112,35.2284
2025-07-24T15:28:47.249298,ETH-USDT,3738.28,3738.29,0.35,35.76
2025-07-24T15:28:47.261640,SOL-USDT,189.109,189.11,0.3,427.6
2025-07-24T15:28:47.282576,XRP-USDT,3.2329,3.233,6619.0,3224.0
2025-07-24T15:28:47.282634,LTC-USDT,114.38,114.41,18.7,87.7
2025-07-24T15:28:47.288752,BTC-USDT,118959.3,118959.4,0.6964,35.2284
2025-07-24T15:28:47.350294,ETH-USDT,3738.28,3738.29,6.02,35.75
2025-07-24T15:28:47.383523,LTC-USDT,114.38,114.41,212.8,87.7
2025-07-24T15:28:47.388381,BTC-USDT,118959.3,118959.4,0.6112,35.2284
2025-07-24T15:28:47.412161,SOL-USDT,189.109,189.11,0.3,542.4
2025-07-24T15:28:47.431502,XRP-USDT,3.2329,3.233,6637.0,3218.0
2025-07-24T15:28:47.448880,ETH-USDT,3738.28,3738.29,13.37,51.74
2025-07-24T15:28:47.487043,LTC-USDT,114.38,114.4,301.2,1.7
2025-07-24T15:28:47.488357,BTC-USDT,118959.3,118959.4,0.5383,35.2284
2025-07-24T15:28:47.556712,ETH-USDT,3738.28,3738.29,13.36,38.33
2025-07-24T15:28:47.563155,SOL-USDT,189.109,189.11,0.3,542.4
2025-07-24T15:28:47.583631,XRP-USDT,3.2329,3.233,4533.0,3212.0
2025-07-24T15:28:47.589892,BTC-USDT,118959.3,118959.4,0.6235,35.2284
2025-07-24T15:28:47.600075,LTC-USDT,114.38,114.4,301.2,4.3
2025-07-24T15:28:47.673039,ETH-USDT,3738.28,3738.29,13.36,37.67
2025-07-24T15:28:47.688872,BTC-USDT,118959.3,118959.4,0.5383,35.2284
2025-07-24T15:28:47.696421,LTC-USDT,114.38,114.4,301.2,2.6
2025-07-24T15:28:47.712447,SOL-USDT,189.109,189.11,0.3,547.6
2025-07-24T15:28:47.735178,XRP-USDT,3.2329,3.233,4076.0,3771.0
2025-07-24T15:28:47.752954,ETH-USDT,3738.28,3738.29,13.36,37.67
2025-07-24T15:28:47.788971,BTC-USDT,118959.3,118959.4,0.6235,35.2284
2025-07-24T15:28:47.834439,LTC-USDT,114.39,114.4,12.8,2.6
2025-07-24T15:28:47.855479,ETH-USDT,3738.28,3738.29,13.36,37.67
2025-07-24T15:28:47.862514,SOL-USDT,189.109,189.11,0.4,541.8
2025-07-24T15:28:47.888868,BTC-USDT,118959.3,118959.4,0.5383,35.2284
2025-07-24T15:28:47.889491,XRP-USDT,3.2329,3.233,8391.0,6392.0
2025-07-24T15:28:47.937158,LTC-USDT,114.39,114.4,12.8,6.0
2025-07-24T15:28:47.954056,ETH-USDT,3738.28,3738.29,7.22,37.32
2025-07-24T15:28:47.994196,BTC-USDT,118959.3,118959.4,0.5383,34.9059
2025-07-24T15:28:48.015882,SOL-USDT,189.109,189.11,0.4,539.7
2025-07-24T15:28:48.045335,XRP-USDT,3.2329,3.233,9363.0,23.0
2025-07-24T15:28:48.047684,LTC-USDT,114.39,114.4,2.6,12.8
2025-07-24T15:28:48.063025,ETH-USDT,3738.28,3738.29,54.93,22.48
2025-07-24T15:28:48.088647,BTC-USDT,118959.3,118959.4,3.6233,34.9059
2025-07-24T15:28:48.153024,LTC-USDT,114.38,114.4,218.7,12.8
2025-07-24T15:28:48.153065,ETH-USDT,3738.28,3738.29,56.13,16.9
2025-07-24T15:28:48.162561,SOL-USDT,189.109,189.11,0.4,441.0
2025-07-24T15:28:48.193235,BTC-USDT,118959.3,118959.4,3.5573,34.9059
2025-07-24T15:28:48.202420,XRP-USDT,3.2332,3.2333,8733.0,25275.0
2025-07-24T15:28:48.258248,ETH-USDT,3738.28,3738.29,22.88,20.54
2025-07-24T15:28:48.282370,LTC-USDT,114.39,114.4,3.4,15.4
2025-07-24T15:28:48.288595,BTC-USDT,118959.3,118959.4,3.5573,34.9059
2025-07-24T15:28:48.315260,SOL-USDT,189.094,189.1,72.0,239.5
2025-07-24T15:28:48.351890,XRP-USDT,3.2332,3.2333,7228.0,22744.0
2025-07-24T15:28:48.359398,ETH-USDT,3738.28,3738.29,25.66,20.96
2025-07-24T15:28:48.391947,LTC-USDT,114.39,114.4,29.7,2.6
2025-07-24T15:28:48.456360,ETH-USDT,3738.28,3738.29,13.27,21.87
2025-07-24T15:28:48.463077,SOL-USDT,189.094,189.095,24.3,208.5
2025-07-24T15:28:48.489882,BTC-USDT,118959.3,118959.4,1.8258,34.9059
2025-07-24T15:28:48.499097,XRP-USDT,3.2332,3.2333,847.0,34105.0
2025-07-24T15:28:48.565575,ETH-USDT,3738.28,3738.29,13.27,21.59
2025-07-24T15:28:48.592072,BTC-USDT,118959.3,118959.4,2.385,34.9059
2025-07-24T15:28:48.613535,SOL-USDT,189.094,189.095,56.7,45.9
2025-07-24T15:28:48.652744,XRP-USDT,3.2332,3.2333,5407.0,23793.0
2025-07-24T15:28:48.662318,ETH-USDT,3738.28,3738.29,17.73,20.89
2025-07-24T15:28:48.686515,LTC-USDT,114.39,114.41,32.3,58.6
2025-07-24T15:28:48.762056,SOL-USDT,189.094,189.095,56.7,21.8
2025-07-24T15:28:48.763250,ETH-USDT,3738.28,3738.29,28.06,16.95
2025-07-24T15:28:48.800000,LTC-USDT,114.39,114.41,29.7,10.1
2025-07-24T15:28:48.804881,XRP-USDT,3.2332,3.2333,9839.0,2295.0
2025-07-24T15:28:48.863766,ETH-USDT,3738.28,3738.29,19.21,19.55
2025-07-24T15:28:48.907477,LTC-USDT,114.39,114.41,29.7,12.7
2025-07-24T15:28:48.913216,SOL-USDT,189.094,189.095,55.4,84.2
2025-07-24T15:28:48.959090,XRP-USDT,3.2332,3.2333,5475.0,6869.0
2025-07-24T15:28:48.961979,ETH-USDT,3738.28,3738.29,26.33,21.15
2025-07-24T15:28:48.991195,BTC-USDT,118959.3,118959.4,2.385,34.9059
2025-07-24T15:28:49.035094,LTC-USDT,114.39,114.41,29.7,21.2
2025-07-24T15:28:49.065623,SOL-USDT,189.094,189.095,54.2,84.2
2025-07-24T15:28:49.068153,ETH-USDT,3738.28,3738.29,26.34,22.1
2025-07-24T15:28:49.091640,BTC-USDT,118959.3,118959.4,2.385,34.9059
2025-07-24T15:28:49.113850,XRP-USDT,3.2332,3.2333,5493.0,6339.0
2025-07-24T15:28:49.136568,LTC-USDT,114.39,114.41,29.7,30.8
2025-07-24T15:28:49.167043,ETH-USDT,3738.28,3738.29,23.16,22.72
2025-07-24T15:28:49.191828,BTC-USDT,118959.3,118959.4,2.385,35.2284
2025-07-24T15:28:49.213072,SOL-USDT,189.094,189.096,54.2,5.4
2025-07-24T15:28:49.235948,LTC-USDT,114.39,114.41,32.3,30.8
2025-07-24T15:28:49.264940,XRP-USDT,3.2332,3.2333,5493.0,10047.0
2025-07-24T15:28:49.265583,ETH-USDT,3738.28,3738.29,27.54,21.26
2025-07-24T15:28:49.292404,BTC-USDT,118959.3,118959.4,2.3834,35.2284
2025-07-24T15:28:49.339463,LTC-USDT,114.39,114.41,32.3,30.8
2025-07-24T15:28:49.363479,SOL-USDT,189.095,189.096,337.3,5.4
2025-07-24T15:28:49.367419,ETH-USDT,3738.28,3738.29,41.16,20.48
2025-07-24T15:28:49.416053,XRP-USDT,3.2333,3.2334,3984.0,23.0
2025-07-24T15:28:49.439531,LTC-USDT,114.4,114.41,2.6,28.2
2025-07-24T15:28:49.468723,ETH-USDT,3738.28,3738.29,72.44,13.7
2025-07-24T15:28:49.493360,BTC-USDT,118959.3,118959.4,2.9224,31.3229
2025-07-24T15:28:49.512776,SOL-USDT,189.099,189.105,408.0,4.9
2025-07-24T15:28:49.554955,LTC-USDT,114.41,114.43,28.2,160.9
2025-07-24T15:28:49.567839,ETH-USDT,3738.28,3738.29,125.97,5.56
2025-07-24T15:28:49.567882,XRP-USDT,3.2338,3.2341,9970.0,92.0
2025-07-24T15:28:49.594424,BTC-USDT,118959.3,118959.4,4.0371,28.2194
2025-07-24T15:28:49.657145,LTC-USDT,114.41,114.43,31.6,22.3
2025-07-24T15:28:49.664261,SOL-USDT,189.109,189.124,87.0,10.2
2025-07-24T15:28:49.669856,ETH-USDT,3738.28,3738.29,26.23,33.02
2025-07-24T15:28:49.697258,BTC-USDT,118959.3,118959.4,3.4981,29.5366
2025-07-24T15:28:49.721927,XRP-USDT,3.234,3.2343,558.0,23896.0
2025-07-24T15:28:49.766563,LTC-USDT,114.41,114.43,31.6,39.5
2025-07-24T15:28:49.768439,ETH-USDT,3738.28,3738.29,39.53,33.02
2025-07-24T15:28:49.797504,BTC-USDT,118959.3,118959.4,3.4981,29.5366
2025-07-24T15:28:49.812977,SOL-USDT,189.123,189.124,108.3,10.3
2025-07-24T15:28:49.870944,ETH-USDT,3738.28,3738.29,43.36,17.68
2025-07-24T15:28:49.874399,LTC-USDT,114.41,114.42,31.6,6.4
2025-07-24T15:28:49.874705,XRP-USDT,3.234,3.2341,449.0,17529.0
2025-07-24T15:28:49.901949,BTC-USDT,118959.3,118959.4,3.4981,29.9366
2025-07-24T15:28:49.964640,SOL-USDT,189.123,189.124,154.0,15.0
2025-07-24T15:28:49.972359,ETH-USDT,3738.28,3738.29,51.72,17.34
2025-07-24T15:28:49.988781,LTC-USDT,114.41,114.42,31.6,12.4
2025-07-24T15:28:49.997936,BTC-USDT,118959.3,118959.4,3.4981,29.9366
2025-07-24T15:28:50.027329,XRP-USDT,3.234,3.2341,4603.0,23514.0
2025-07-24T15:28:50.073757,ETH-USDT,3738.28,3738.29,100.96,13.75
2025-07-24T15:28:50.092098,LTC-USDT,114.41,114.42,31.6,12.4
2025-07-24T15:28:50.097486,BTC-USDT,118959.3,118959.4,3.4981,29.9366
2025-07-24T15:28:50.115089,SOL-USDT,189.124,189.127,11.3,7.7
2025-07-24T15:28:50.173145,ETH-USDT,3738.28,3738.29,100.98,13.7
2025-07-24T15:28:50.176643,XRP-USDT,3.234,3.2341,4603.0,22847.0
2025-07-24T15:28:50.197112,BTC-USDT,118959.3,118959.4,3.4981,32.1208
2025-07-24T15:28:50.199931,LTC-USDT,114.41,114.42,31.6,9.0
2025-07-24T15:28:50.264177,SOL-USDT,189.124,189.125,11.3,53.3
2025-07-24T15:28:50.274904,ETH-USDT,3738.62,3738.71,19.16,18.75
2025-07-24T15:28:50.298544,BTC-USDT,118959.3,118959.4,4.0968,25.5677
2025-07-24T15:28:50.301332,LTC-USDT,114.41,114.43,47.0,0.9
2025-07-24T15:28:50.327962,XRP-USDT,3.2341,3.2343,21522.0,23.0
2025-07-24T15:28:50.375779,ETH-USDT,3739.0,3739.43,18.91,0.34
2025-07-24T15:28:50.403148,BTC-USDT,118959.3,118959.4,10.7449,14.6928
2025-07-24T15:28:50.403189,LTC-USDT,114.43,114.45,0.9,1.6
2025-07-24T15:28:50.426930,SOL-USDT,189.138,189.167,302.0,1428.3
2025-07-24T15:28:50.475518,ETH-USDT,3739.42,3739.43,106.8,44.04
2025-07-24T15:28:50.480033,XRP-USDT,3.2347,3.2348,6836.0,23.0
2025-07-24T15:28:50.498112,BTC-USDT,118959.3,118959.4,10.7449,12.0168
2025-07-24T15:28:50.510357,LTC-USDT,114.44,114.45,6.0,1.6
2025-07-24T15:28:50.573137,SOL-USDT,189.167,189.176,24.0,79.1
2025-07-24T15:28:50.580921,ETH-USDT,3739.42,3739.43,120.17,46.34
2025-07-24T15:28:50.599066,BTC-USDT,118959.3,118959.4,14.1056,12.0168
2025-07-24T15:28:50.629717,XRP-USDT,3.2351,3.2352,527.0,7792.0
2025-07-24T15:28:50.637475,LTC-USDT,114.44,114.46,16.0,13.3
2025-07-24T15:28:50.675789,ETH-USDT,3739.42,3739.43,120.16,35.94
2025-07-24T15:28:50.700718,BTC-USDT,118959.3,118959.4,11.8865,12.0168
2025-07-24T15:28:50.719937,SOL-USDT,189.183,189.184,299.4,19.7
2025-07-24T15:28:50.744876,LTC-USDT,114.45,114.46,6.0,13.3
2025-07-24T15:28:50.779683,ETH-USDT,3739.69,3739.7,20.78,18.75
2025-07-24T15:28:50.785754,XRP-USDT,3.2351,3.2352,976.0,26060.0
2025-07-24T15:28:50.800058,BTC-USDT,118959.3,118959.4,11.8865,12.0168
2025-07-24T15:28:50.840989,LTC-USDT,114.45,114.47,30.2,0.2
2025-07-24T15:28:50.863816,SOL-USDT,189.183,189.184,614.6,19.7
2025-07-24T15:28:50.878264,ETH-USDT,3739.69,3739.7,54.44,44.04
2025-07-24T15:28:50.902254,BTC-USDT,118959.3,118959.4,11.8865,12.0168
2025-07-24T15:28:50.936526,XRP-USDT,3.2348,3.2349,511.0,1356.0
2025-07-24T15:28:50.942633,LTC-USDT,114.46,114.47,6.0,0.2
2025-07-24T15:28:50.978641,ETH-USDT,3739.69,3739.7,60.41,45.67
2025-07-24T15:28:51.004551,BTC-USDT,118959.3,118959.4,11.8865,12.0168
2025-07-24T15:28:51.015378,SOL-USDT,189.183,189.184,542.5,30.0
2025-07-24T15:28:51.077852,ETH-USDT,3739.69,3739.7,74.04,45.67
2025-07-24T15:28:51.088112,LTC-USDT,114.46,114.47,16.0,0.2
2025-07-24T15:28:51.089009,XRP-USDT,3.2348,3.2349,10764.0,7229.0
2025-07-24T15:28:51.104598,BTC-USDT,118959.3,118959.4,11.8865,12.0168
2025-07-24T15:28:51.163895,SOL-USDT,189.183,189.184,542.5,19.8
2025-07-24T15:28:51.179458,ETH-USDT,3739.79,3739.81,4.79,0.02
2025-07-24T15:28:51.186788,LTC-USDT,114.46,114.48,28.8,0.4
2025-07-24T15:28:51.205293,BTC-USDT,118959.3,118959.4,13.1476,11.9561
2025-07-24T15:28:51.237407,XRP-USDT,3.2351,3.2352,36446.0,1855.0
2025-07-24T15:28:51.279827,ETH-USDT,3740.51,3740.52,0.35,0.21
2025-07-24T15:28:51.290443,LTC-USDT,114.47,114.48,6.0,0.4
2025-07-24T15:28:51.304271,BTC-USDT,118959.3,118959.4,11.8876,11.9561
2025-07-24T15:28:51.315946,SOL-USDT,189.188,189.202,33.1,4.9
2025-07-24T15:28:51.382781,ETH-USDT,3740.51,3740.52,119.77,45.04
2025-07-24T15:28:51.389795,XRP-USDT,3.2353,3.2354,1840.0,23.0
2025-07-24T15:28:51.400412,LTC-USDT,114.47,114.48,39.5,0.4
2025-07-24T15:28:51.412864,BTC-USDT,118963.9,118964.0,0.0001,0.002
2025-07-24T15:28:51.466708,SOL-USDT,189.214,189.224,70.0,0.3
2025-07-24T15:28:51.482401,ETH-USDT,3740.51,3740.52,71.44,50.86
2025-07-24T15:28:51.502756,LTC-USDT,114.47,114.49,39.5,3.3
2025-07-24T15:28:51.511633,BTC-USDT,118966.4,118966.5,0.1791,0.1
2025-07-24T15:28:51.539343,XRP-USDT,3.2354,3.2356,4240.0,23.0
2025-07-24T15:28:51.581971,ETH-USDT,3740.51,3740.52,85.83,0.21
2025-07-24T15:28:51.601804,LTC-USDT,114.48,114.51,6.0,0.1
2025-07-24T15:28:51.613164,BTC-USDT,118966.5,118968.1,0.4125,2.1842
2025-07-24T15:28:51.616843,SOL-USDT,189.224,189.238,6.0,25.5
2025-07-24T15:28:51.686893,ETH-USDT,3740.89,3740.9,103.85,0.02
2025-07-24T15:28:51.690265,XRP-USDT,3.2358,3.2359,2750.0,5605.0
2025-07-24T15:28:51.703184,LTC-USDT,114.5,114.52,3.4,0.8
2025-07-24T15:28:51.711497,BTC-USDT,118973.4,118976.1,4.9537,0.001
2025-07-24T15:28:51.765809,SOL-USDT,189.268,189.269,737.8,4.9
2025-07-24T15:28:51.783484,ETH-USDT,3741.49,3741.5,63.19,9.31
2025-07-24T15:28:51.811871,BTC-USDT,118976.0,118976.1,35.8418,0.001
2025-07-24T15:28:51.814552,LTC-USDT,114.51,114.52,6.0,0.8
2025-07-24T15:28:51.840743,XRP-USDT,3.2362,3.2365,1236.0,5631.0
2025-07-24T15:28:51.884044,ETH-USDT,3741.49,3741.5,100.89,8.14
2025-07-24T15:28:51.913715,BTC-USDT,118976.8,118976.9,9.6823,0.1763
2025-07-24T15:28:51.917530,SOL-USDT,189.276,189.291,52.4,1.2
2025-07-24T15:28:51.921545,LTC-USDT,114.51,114.53,16.0,0.1
2025-07-24T15:28:51.983759,ETH-USDT,3741.85,3741.99,0.81,18.76
2025-07-24T15:28:51.993255,XRP-USDT,3.2364,3.2367,19105.0,7.0
2025-07-24T15:28:52.012667,BTC-USDT,118976.8,118976.9,25.5892,0.1763
2025-07-24T15:28:52.025667,LTC-USDT,114.52,114.53,6.0,0.1
2025-07-24T15:28:52.068260,SOL-USDT,189.311,189.324,6.0,132.7
2025-07-24T15:28:52.083851,ETH-USDT,3741.98,3741.99,89.72,37.35
2025-07-24T15:28:52.112210,BTC-USDT,118976.8,118976.9,25.5902,0.1763
2025-07-24T15:28:52.128479,LTC-USDT,114.52,114.53,24.1,2.6
2025-07-24T15:28:52.144407,XRP-USDT,3.2367,3.2368,3368.0,26.0
2025-07-24T15:28:52.182564,ETH-USDT,3741.98,3741.99,63.53,49.65
2025-07-24T15:28:52.213408,BTC-USDT,118976.8,118976.9,25.5803,0.1783
2025-07-24T15:28:52.215207,SOL-USDT,189.323,189.324,234.9,178.1
2025-07-24T15:28:52.245431,LTC-USDT,114.52,114.53,36.9,15.4
2025-07-24T15:28:52.290398,ETH-USDT,3741.98,3741.99,31.36,115.7
2025-07-24T15:28:52.295752,XRP-USDT,3.2367,3.2368,7418.0,5063.0
2025-07-24T15:28:52.311795,BTC-USDT,118976.8,118976.9,25.5803,0.1783
2025-07-24T15:28:52.344142,LTC-USDT,114.52,114.53,13.4,15.4
2025-07-24T15:28:52.368571,SOL-USDT,189.295,189.297,34.4,7.0
2025-07-24T15:28:52.386625,ETH-USDT,3741.98,3741.99,8.77,43.05
2025-07-24T15:28:52.413137,BTC-USDT,118994.4,118994.5,0.1138,0.02
2025-07-24T15:28:52.447528,XRP-USDT,3.2367,3.2368,4505.0,115.0
2025-07-24T15:28:52.447552,LTC-USDT,114.52,114.54,16.2,0.7
2025-07-24T15:28:52.487215,ETH-USDT,3741.98,3741.99,8.77,32.07
2025-07-24T15:28:52.513749,BTC-USDT,118994.4,118994.5,36.8439,0.0002
2025-07-24T15:28:52.517053,SOL-USDT,189.291,189.292,237.8,5.8
2025-07-24T15:28:52.568105,LTC-USDT,114.52,114.53,6.0,12.8
2025-07-24T15:28:52.584980,ETH-USDT,3741.98,3741.99,8.77,54.6
2025-07-24T15:28:52.598994,XRP-USDT,3.2367,3.2368,4505.0,521.0
2025-07-24T15:28:52.612817,BTC-USDT,119008.1,119008.2,10.8706,8.5416
2025-07-24T15:28:52.667708,SOL-USDT,189.295,189.296,53.6,0.1
2025-07-24T15:28:52.675439,LTC-USDT,114.52,114.54,19.7,144.3
2025-07-24T15:28:52.693490,ETH-USDT,3741.98,3741.99,8.77,89.93
2025-07-24T15:28:52.712750,BTC-USDT,119008.1,119008.2,14.9665,14.5343
2025-07-24T15:28:52.751861,XRP-USDT,3.237,3.2372,1235.0,23.0
2025-07-24T15:28:52.784873,ETH-USDT,3741.98,3741.99,8.77,75.51
2025-07-24T15:28:52.794729,LTC-USDT,114.52,114.54,22.3,37.6
2025-07-24T15:28:52.818004,BTC-USDT,119008.1,119008.2,14.5512,15.4207
2025-07-24T15:28:52.818045,SOL-USDT,189.309,189.313,79.1,79.1
2025-07-24T15:28:52.885874,ETH-USDT,3741.98,3741.99,8.77,75.19
2025-07-24T15:28:52.897626,LTC-USDT,114.52,114.54,22.3,55.5
2025-07-24T15:28:52.903305,XRP-USDT,3.2371,3.2372,9484.0,4649.0
2025-07-24T15:28:52.914792,BTC-USDT,119008.1,119008.2,14.5512,21.6382
2025-07-24T15:28:52.966110,SOL-USDT,189.312,189.313,98.2,138.6
2025-07-24T15:28:52.987775,ETH-USDT,3741.98,3741.99,8.77,75.19
2025-07-24T15:28:53.014783,BTC-USDT,119008.1,119008.2,11.7541,21.6382
2025-07-24T15:28:53.045491,LTC-USDT,114.52,114.53,9.5,12.8
2025-07-24T15:28:53.071493,XRP-USDT,3.2371,3.2372,12054.0,6839.0
2025-07-24T15:28:53.085778,ETH-USDT,3741.98,3741.99,8.77,75.19
2025-07-24T15:28:53.115579,SOL-USDT,189.312,189.313,100.0,226.2
2025-07-24T15:28:53.115792,BTC-USDT,119008.1,119008.2,11.7541,21.3157
2025-07-24T15:28:53.159596,LTC-USDT,114.52,114.53,9.5,12.8
2025-07-24T15:28:53.185429,ETH-USDT,3741.98,3741.99,8.77,75.19
2025-07-24T15:28:53.209140,XRP-USDT,3.2371,3.2372,12054.0,6604.0
2025-07-24T15:28:53.262534,LTC-USDT,114.52,114.53,19.5,0.7
2025-07-24T15:28:53.265265,SOL-USDT,189.312,189.313,103.5,84.2
2025-07-24T15:28:53.316725,BTC-USDT,119008.1,119008.2,11.5835,21.3147
2025-07-24T15:28:53.361992,XRP-USDT,3.2371,3.2372,12054.0,6098.0
2025-07-24T15:28:53.369284,LTC-USDT,114.52,114.54,32.3,19.7
2025-07-24T15:28:53.399453,ETH-USDT,3741.98,3741.99,8.77,66.45
2025-07-24T15:28:53.416218,SOL-USDT,189.312,189.313,103.4,89.4
2025-07-24T15:28:53.419433,BTC-USDT,119008.1,119008.2,11.5835,21.3147
2025-07-24T15:28:53.495034,LTC-USDT,114.52,114.54,32.3,19.7
2025-07-24T15:28:53.512406,XRP-USDT,3.2371,3.2372,12054.0,6710.0
2025-07-24T15:28:53.565461,SOL-USDT,189.312,189.313,102.8,135.1
2025-07-24T15:28:53.591124,ETH-USDT,3741.48,3741.65,36.8,14.37
2025-07-24T15:28:53.620436,BTC-USDT,119008.1,119008.2,0.8521,21.3147
2025-07-24T15:28:53.637754,LTC-USDT,114.52,114.54,16.2,30.8
2025-07-24T15:28:53.667224,XRP-USDT,3.2371,3.2372,11582.0,7237.0
2025-07-24T15:28:53.692257,ETH-USDT,3741.48,3741.49,2.58,61.63
2025-07-24T15:28:53.719837,SOL-USDT,189.301,189.31,25.5,5.8
2025-07-24T15:28:53.722198,BTC-USDT,119008.1,119008.2,0.1075,24.5912
2025-07-24T15:28:53.745964,LTC-USDT,114.52,114.54,12.8,110.3
2025-07-24T15:28:53.791456,ETH-USDT,3741.09,3741.1,38.54,0.19
2025-07-24T15:28:53.816789,XRP-USDT,3.2366,3.2369,35140.0,1380.0
2025-07-24T15:28:53.817731,BTC-USDT,119008.1,119008.2,0.1086,27.7354
2025-07-24T15:28:53.846334,LTC-USDT,114.49,114.53,135.8,12.8
2025-07-24T15:28:53.869538,SOL-USDT,189.257,189.268,89.0,17.2
2025-07-24T15:28:53.893891,ETH-USDT,3740.91,3740.92,16.2,0.19
2025-07-24T15:28:53.918232,BTC-USDT,119008.1,119008.2,0.109,27.74
2025-07-24T15:28:53.962499,LTC-USDT,114.49,114.52,91.3,3.8
2025-07-24T15:28:53.968177,XRP-USDT,3.2366,3.2367,3595.0,16831.0
2025-07-24T15:28:53.991400,ETH-USDT,3740.91,3740.92,147.19,13.85
2025-07-24T15:28:54.016469,SOL-USDT,189.267,189.27,235.0,79.1
2025-07-24T15:28:54.018163,BTC-USDT,119008.1,119008.2,0.109,26.6325
2025-07-24T15:28:54.061942,LTC-USDT,114.49,114.52,91.3,13.7
2025-07-24T15:28:54.100241,ETH-USDT,3740.91,3740.92,128.44,22.0
2025-07-24T15:28:54.118707,BTC-USDT,119008.1,119008.2,0.109,24.2664
2025-07-24T15:28:54.132049,XRP-USDT,3.2366,3.2367,3156.0,16837.0
2025-07-24T15:28:54.171913,SOL-USDT,189.267,189.268,90.0,5.8
2025-07-24T15:28:54.171956,LTC-USDT,114.5,114.52,2.6,44.5
2025-07-24T15:28:54.197421,ETH-USDT,3740.91,3740.92,147.2,22.0
2025-07-24T15:28:54.218634,BTC-USDT,119008.1,119008.2,0.109,23.8709
2025-07-24T15:28:54.270926,LTC-USDT,114.51,114.52,12.8,44.5
2025-07-24T15:28:54.279282,XRP-USDT,3.2366,3.2367,15910.0,8392.0
2025-07-24T15:28:54.295645,ETH-USDT,3740.91,3740.92,147.2,22.0
2025-07-24T15:28:54.316344,SOL-USDT,189.267,189.268,125.5,5.8
2025-07-24T15:28:54.318677,BTC-USDT,119008.1,119008.2,0.0622,23.7783
2025-07-24T15:28:54.395659,ETH-USDT,3740.91,3740.92,146.22,21.99
2025-07-24T15:28:54.396887,LTC-USDT,114.51,114.52,10.0,25.2
2025-07-24T15:28:54.418831,BTC-USDT,119008.1,119008.2,0.0622,23.7044
2025-07-24T15:28:54.429103,XRP-USDT,3.2366,3.2367,9352.0,8484.0
2025-07-24T15:28:54.469518,SOL-USDT,189.28,189.281,261.0,162.5
2025-07-24T15:28:54.498818,LTC-USDT,114.51,114.52,22.8,6.4
2025-07-24T15:28:54.499156,ETH-USDT,3740.91,3740.92,149.01,21.99
2025-07-24T15:28:54.518879,BTC-USDT,119008.1,119008.2,0.0004,23.7044
2025-07-24T15:28:54.582938,XRP-USDT,3.2362,3.2364,879.0,1380.0
2025-07-24T15:28:54.597984,ETH-USDT,3740.91,3740.92,30.74,27.18
2025-07-24T15:28:54.615348,LTC-USDT,114.51,114.52,12.8,11.1
2025-07-24T15:28:54.620239,SOL-USDT,189.281,189.282,84.0,79.1
2025-07-24T15:28:54.622315,BTC-USDT,119008.1,119008.2,0.0004,24.622
2025-07-24T15:28:54.699109,ETH-USDT,3740.75,3740.91,20.03,24.9
2025-07-24T15:28:54.716978,LTC-USDT,114.49,114.52,180.0,23.9
2025-07-24T15:28:54.720243,BTC-USDT,119008.1,119008.2,0.0004,24.622
2025-07-24T15:28:54.730636,XRP-USDT,3.2362,3.2363,3457.0,36482.0
2025-07-24T15:28:54.769791,SOL-USDT,189.281,189.282,202.0,135.1
2025-07-24T15:28:54.803031,ETH-USDT,3740.75,3740.76,38.98,37.2
2025-07-24T15:28:54.823854,LTC-USDT,114.49,114.51,3.4,3.1
2025-07-24T15:28:54.823902,BTC-USDT,119008.1,119008.2,0.0004,24.622
2025-07-24T15:28:54.883361,XRP-USDT,3.2361,3.2362,23.0,9264.0
2025-07-24T15:28:54.903977,ETH-USDT,3740.75,3740.76,16.14,42.91
2025-07-24T15:28:54.918904,SOL-USDT,189.281,189.282,66.3,164.4
2025-07-24T15:28:54.923305,BTC-USDT,119008.1,119008.2,0.0004,27.5614
2025-07-24T15:28:54.923350,LTC-USDT,114.49,114.5,3.4,3.4
2025-07-24T15:28:55.001926,ETH-USDT,3740.75,3740.76,29.76,48.59
2025-07-24T15:28:55.019697,BTC-USDT,119008.1,119008.2,0.0004,27.5614
2025-07-24T15:28:55.030938,XRP-USDT,3.2358,3.2359,39.0,1564.0
2025-07-24T15:28:55.031963,LTC-USDT,114.49,114.5,3.4,24.5
2025-07-24T15:28:55.075454,SOL-USDT,189.251,189.268,2.1,5.8
2025-07-24T15:28:55.106112,ETH-USDT,3740.75,3740.76,8.91,42.26
2025-07-24T15:28:55.119094,BTC-USDT,119008.1,119008.2,0.062,20.1676
2025-07-24T15:28:55.144338,LTC-USDT,114.49,114.5,16.2,14.5
2025-07-24T15:28:55.184999,XRP-USDT,3.2358,3.2359,3051.0,22561.0
2025-07-24T15:28:55.212127,ETH-USDT,3740.75,3740.76,26.08,37.41
2025-07-24T15:28:55.226164,SOL-USDT,189.262,189.267,24.0,0.2
2025-07-24T15:28:55.226363,BTC-USDT,119008.1,119008.2,0.3595,19.8846
2025-07-24T15:28:55.253215,LTC-USDT,114.49,114.5,16.2,14.5
2025-07-24T15:28:55.310102,ETH-USDT,3740.75,3740.76,65.72,33.24
2025-07-24T15:28:55.319350,BTC-USDT,119008.1,119008.2,0.062,19.8846
2025-07-24T15:28:55.331171,XRP-USDT,3.2358,3.2359,3502.0,22893.0
2025-07-24T15:28:55.363641,LTC-USDT,114.49,114.5,16.2,14.5
2025-07-24T15:28:55.366408,SOL-USDT,189.266,189.267,54.8,109.8
2025-07-24T15:28:55.409882,ETH-USDT,3740.75,3740.76,64.55,36.83
2025-07-24T15:28:55.419456,BTC-USDT,119008.1,119008.2,0.0004,23.2396
2025-07-24T15:28:55.480682,XRP-USDT,3.2358,3.2359,2167.0,31725.0
2025-07-24T15:28:55.492402,LTC-USDT,114.49,114.5,16.2,14.5
2025-07-24T15:28:55.510464,ETH-USDT,3740.75,3740.76,64.55,40.01
2025-07-24T15:28:55.523694,SOL-USDT,189.263,189.264,0.1,29.8
2025-07-24T15:28:55.523878,BTC-USDT,119008.1,119008.2,0.0004,25.9616
2025-07-24T15:28:55.599798,LTC-USDT,114.49,114.5,16.2,14.5
2025-07-24T15:28:55.610174,ETH-USDT,3740.75,3740.76,51.7,40.01
2025-07-24T15:28:55.620900,BTC-USDT,119008.1,119008.2,0.0004,24.7381
2025-07-24T15:28:55.636476,XRP-USDT,3.2358,3.2359,45.0,48147.0
2025-07-24T15:28:55.669752,SOL-USDT,189.263,189.264,0.1,372.0
2025-07-24T15:28:55.702061,LTC-USDT,114.49,114.5,16.2,11.9
2025-07-24T15:28:55.709904,ETH-USDT,3740.75,3740.76,52.87,36.83
2025-07-24T15:28:55.720153,BTC-USDT,119008.1,119008.2,0.0004,24.7381
2025-07-24T15:28:55.782217,XRP-USDT,3.2358,3.2359,45.0,49366.0
2025-07-24T15:28:55.803376,LTC-USDT,114.49,114.51,16.2,149.5
2025-07-24T15:28:55.808716,ETH-USDT,3740.75,3740.76,52.87,36.83
2025-07-24T15:28:55.818132,SOL-USDT,189.254,189.264,79.1,449.5
2025-07-24T15:28:55.820519,BTC-USDT,119008.1,119008.2,0.0004,24.7381
2025-07-24T15:28:55.911855,ETH-USDT,3740.75,3740.76,52.87,36.83
2025-07-24T15:28:55.922673,LTC-USDT,114.49,114.51,16.2,113.6
2025-07-24T15:28:55.922844,BTC-USDT,119008.1,119008.2,0.0004,24.7295
2025-07-24T15:28:55.937303,XRP-USDT,3.2355,3.2356,5714.0,18337.0
2025-07-24T15:28:55.971903,SOL-USDT,189.254,189.255,79.0,552.2
2025-07-24T15:28:56.010018,ETH-USDT,3740.75,3740.76,71.73,36.83
2025-07-24T15:28:56.022111,BTC-USDT,119008.1,119008.2,0.0004,24.7295
2025-07-24T15:28:56.052799,LTC-USDT,114.49,114.51,16.2,90.5
2025-07-24T15:28:56.089573,XRP-USDT,3.2355,3.2356,1025.0,19090.0
2025-07-24T15:28:56.111100,ETH-USDT,3740.75,3740.76,51.07,36.83
2025-07-24T15:28:56.119647,SOL-USDT,189.254,189.255,79.1,700.9
2025-07-24T15:28:56.123131,BTC-USDT,119008.1,119008.2,0.0004,24.7292
2025-07-24T15:28:56.155578,LTC-USDT,114.49,114.51,16.2,104.6
2025-07-24T15:28:56.223476,BTC-USDT,119008.1,119008.2,0.0004,26.9132
2025-07-24T15:28:56.224848,ETH-USDT,3740.75,3740.76,51.07,37.18
2025-07-24T15:28:56.240824,XRP-USDT,3.2351,3.2353,5819.0,1256.0
2025-07-24T15:28:56.261547,LTC-USDT,114.49,114.51,16.2,104.6
2025-07-24T15:28:56.271822,SOL-USDT,189.254,189.255,79.1,700.9
2025-07-24T15:28:56.321639,BTC-USDT,119008.1,119008.2,0.0012,26.9132
2025-07-24T15:28:56.329845,ETH-USDT,3740.75,3740.76,52.24,37.18
2025-07-24T15:28:56.362244,LTC-USDT,114.49,114.51,18.8,104.6
2025-07-24T15:28:56.389553,XRP-USDT,3.2351,3.2352,2023.0,847.0
2025-07-24T15:28:56.418466,SOL-USDT,189.238,189.239,75.6,60.1
2025-07-24T15:28:56.422501,BTC-USDT,119008.1,119008.2,0.0012,25.1292
2025-07-24T15:28:56.429794,ETH-USDT,3740.75,3740.76,52.24,37.18
2025-07-24T15:28:56.463257,LTC-USDT,114.49,114.51,18.8,52.3
2025-07-24T15:28:56.524416,BTC-USDT,119008.1,119008.2,0.0864,25.1152
2025-07-24T15:28:56.529478,ETH-USDT,3740.75,3740.76,52.24,37.18
2025-07-24T15:28:56.539966,XRP-USDT,3.2356,3.2358,1236.0,1548.0
2025-07-24T15:28:56.572471,SOL-USDT,189.238,189.239,123.0,60.1
2025-07-24T15:28:56.599388,LTC-USDT,114.49,114.51,18.8,52.3
2025-07-24T15:28:56.645320,ETH-USDT,3740.75,3740.76,52.24,37.18
2025-07-24T15:28:56.650453,BTC-USDT,119008.1,119008.2,0.2987,25.1102
2025-07-24T15:28:56.690858,XRP-USDT,3.2358,3.236,449.0,913.0
2025-07-24T15:28:56.701865,LTC-USDT,114.49,114.51,18.8,52.3
2025-07-24T15:28:56.717747,SOL-USDT,189.238,189.239,121.0,40.3
2025-07-24T15:28:56.721087,BTC-USDT,119008.1,119008.2,0.0012,24.0241
2025-07-24T15:28:56.803711,LTC-USDT,114.49,114.51,16.2,79.5
2025-07-24T15:28:56.821034,BTC-USDT,119008.1,119008.2,0.0012,25.7096
2025-07-24T15:28:56.836248,ETH-USDT,3740.55,3740.75,14.63,16.72
2025-07-24T15:28:56.840129,XRP-USDT,3.2359,3.236,6.0,37081.0
2025-07-24T15:28:56.869041,SOL-USDT,189.228,189.229,16.1,204.4
2025-07-24T15:28:56.903008,LTC-USDT,114.49,114.51,16.2,131.8
2025-07-24T15:28:56.921171,BTC-USDT,119008.1,119008.2,0.0001,25.9161
2025-07-24T15:28:56.935986,ETH-USDT,3740.55,3740.56,12.01,20.3
2025-07-24T15:28:56.992769,XRP-USDT,3.2359,3.236,6.0,38507.0
2025-07-24T15:28:57.013717,LTC-USDT,114.49,114.51,16.2,131.8
2025-07-24T15:28:57.017888,SOL-USDT,189.201,189.202,79.1,23.0
2025-07-24T15:28:57.024998,BTC-USDT,119002.9,119003.2,0.033,6.3054
2025-07-24T15:28:57.035697,ETH-USDT,3740.55,3740.56,50.04,27.68
2025-07-24T15:28:57.112133,LTC-USDT,114.49,114.51,16.2,131.8
2025-07-24T15:28:57.124240,BTC-USDT,119002.6,119002.7,0.0076,0.01
2025-07-24T15:28:57.135122,ETH-USDT,3740.55,3740.56,58.28,28.52
2025-07-24T15:28:57.144260,XRP-USDT,3.2359,3.236,6.0,37530.0
2025-07-24T15:28:57.169682,SOL-USDT,189.201,189.202,133.0,23.3
2025-07-24T15:28:57.225649,BTC-USDT,119002.6,119002.7,5.3308,20.2957
2025-07-24T15:28:57.244021,ETH-USDT,3740.55,3740.56,60.53,28.52
2025-07-24T15:28:57.251991,LTC-USDT,114.49,114.51,16.2,131.8
2025-07-24T15:28:57.299682,XRP-USDT,3.2359,3.236,6.0,49112.0
2025-07-24T15:28:57.319524,SOL-USDT,189.201,189.202,133.0,23.3
2025-07-24T15:28:57.326328,BTC-USDT,119002.6,119002.7,5.5396,23.6553
2025-07-24T15:28:57.348471,ETH-USDT,3740.55,3740.56,59.53,28.09
2025-07-24T15:28:57.354598,LTC-USDT,114.49,114.51,16.2,131.8
2025-07-24T15:28:57.429550,BTC-USDT,119002.6,119002.7,5.7014,23.6553
2025-07-24T15:28:57.449024,ETH-USDT,3740.55,3740.56,83.2,21.32
2025-07-24T15:28:57.449199,XRP-USDT,3.2359,3.236,4.0,49112.0
2025-07-24T15:28:57.454826,LTC-USDT,114.49,114.51,16.2,131.8
2025-07-24T15:28:57.467917,SOL-USDT,189.201,189.202,146.7,23.3
2025-07-24T15:28:57.531790,BTC-USDT,119002.6,119002.7,5.7014,23.6453
2025-07-24T15:28:57.550332,ETH-USDT,3740.55,3740.56,100.86,20.71
2025-07-24T15:28:57.557216,LTC-USDT,114.49,114.51,16.2,131.8
2025-07-24T15:28:57.604379,XRP-USDT,3.2359,3.236,4.0,49112.0
2025-07-24T15:28:57.629331,SOL-USDT,189.201,189.202,218.7,23.3
2025-07-24T15:28:57.635133,BTC-USDT,119002.6,119002.7,6.3951,23.6453
2025-07-24T15:28:57.649711,ETH-USDT,3740.55,3740.56,100.88,20.71
2025-07-24T15:28:57.702151,LTC-USDT,114.49,114.51,16.2,131.8
2025-07-24T15:28:57.742271,BTC-USDT,119002.6,119002.7,5.8774,23.7035
2025-07-24T15:28:57.755542,ETH-USDT,3740.55,3740.56,99.38,20.71
2025-07-24T15:28:57.755582,XRP-USDT,3.2359,3.236,4.0,49112.0
2025-07-24T15:28:57.768401,SOL-USDT,189.201,189.202,431.5,6.1
2025-07-24T15:28:57.805199,LTC-USDT,114.49,114.51,16.2,79.5
2025-07-24T15:28:57.832811,BTC-USDT,119002.6,119002.7,6.3939,23.7035
2025-07-24T15:28:57.853090,ETH-USDT,3740.76,3741.06,34.36,18.75
2025-07-24T15:28:57.911785,XRP-USDT,3.2359,3.236,6545.0,7114.0
2025-07-24T15:28:57.916921,LTC-USDT,114.49,114.51,26.9,27.2
2025-07-24T15:28:57.924883,SOL-USDT,189.201,189.202,437.4,2.1
2025-07-24T15:28:57.940372,BTC-USDT,119002.6,119002.7,7.5092,20.964
2025-07-24T15:28:57.951928,ETH-USDT,3741.09,3741.38,9.58,18.75
2025-07-24T15:28:58.037160,BTC-USDT,119002.6,119002.7,5.9842,20.964
2025-07-24T15:28:58.039125,LTC-USDT,114.49,114.52,29.5,129.8
2025-07-24T15:28:58.052998,ETH-USDT,3741.37,3741.38,72.57,16.33
2025-07-24T15:28:58.059352,XRP-USDT,3.2359,3.236,8880.0,4927.0
2025-07-24T15:28:58.072072,SOL-USDT,189.223,189.224,308.1,5.8
2025-07-24T15:28:58.136869,BTC-USDT,119002.6,119002.7,5.9842,23.1675
2025-07-24T15:28:58.154515,LTC-USDT,114.49,114.51,18.8,22.3
2025-07-24T15:28:58.155730,ETH-USDT,3741.37,3741.38,57.76,31.79
2025-07-24T15:28:58.217233,XRP-USDT,3.2359,3.236,6660.0,4882.0
2025-07-24T15:28:58.218575,SOL-USDT,189.223,189.224,353.8,16.1
2025-07-24T15:28:58.241915,BTC-USDT,119002.6,119002.7,6.271,23.1675
2025-07-24T15:28:58.259016,ETH-USDT,3741.37,3741.38,57.76,33.86
2025-07-24T15:28:58.264244,LTC-USDT,114.49,114.51,26.2,32.3
2025-07-24T15:28:58.341323,BTC-USDT,119002.6,119002.7,6.2697,23.1675
2025-07-24T15:28:58.359790,ETH-USDT,3741.37,3741.38,30.74,52.61
2025-07-24T15:28:58.368917,SOL-USDT,189.223,189.224,142.9,23.3
2025-07-24T15:28:58.375041,XRP-USDT,3.2359,3.236,6660.0,4933.0
2025-07-24T15:28:58.404435,LTC-USDT,114.49,114.51,16.2,52.8
2025-07-24T15:28:58.440922,BTC-USDT,119002.6,119002.7,5.7546,23.087
2025-07-24T15:28:58.457800,ETH-USDT,3741.37,3741.38,5.33,71.42
2025-07-24T15:28:58.505219,LTC-USDT,114.49,114.51,16.2,52.8
2025-07-24T15:28:58.522069,SOL-USDT,189.223,189.224,142.9,190.3
2025-07-24T15:28:58.526132,XRP-USDT,3.2359,3.236,3995.0,5331.0
2025-07-24T15:28:58.540405,BTC-USDT,119002.6,119002.7,0.6072,23.087
2025-07-24T15:28:58.560105,ETH-USDT,3741.37,3741.38,5.33,75.07
2025-07-24T15:28:58.604733,LTC-USDT,114.49,114.51,16.2,52.8
2025-07-24T15:28:58.640573,BTC-USDT,119002.6,119002.7,2.8137,23.8215
2025-07-24T15:28:58.668676,SOL-USDT,189.223,189.224,183.6,402.1
2025-07-24T15:28:58.675054,XRP-USDT,3.2359,3.236,3338.0,5331.0
2025-07-24T15:28:58.706799,LTC-USDT,114.49,114.51,16.2,96.6
2025-07-24T15:28:58.740667,BTC-USDT,119002.6,119002.7,2.8061,24.885
2025-07-24T15:28:58.762514,ETH-USDT,3741.37,3741.38,5.33,75.07
2025-07-24T15:28:58.813822,LTC-USDT,114.49,114.51,16.2,32.3
2025-07-24T15:28:58.819751,SOL-USDT,189.223,189.224,184.3,197.5
2025-07-24T15:28:58.826785,XRP-USDT,3.2359,3.236,4846.0,7704.0
2025-07-24T15:28:58.857397,ETH-USDT,3741.37,3741.38,5.33,73.9
2025-07-24T15:28:58.943931,BTC-USDT,119002.6,119002.7,3.3208,24.885
2025-07-24T15:28:58.956670,LTC-USDT,114.49,114.51,18.8,34.3
2025-07-24T15:28:58.958838,ETH-USDT,3741.37,3741.38,5.33,73.9
2025-07-24T15:28:58.972127,SOL-USDT,189.223,189.224,182.4,85.0
2025-07-24T15:28:58.976934,XRP-USDT,3.2359,3.236,6741.0,857.0
2025-07-24T15:28:59.041350,BTC-USDT,119002.6,119002.7,3.3209,23.7975
2025-07-24T15:28:59.060133,LTC-USDT,114.49,114.51,18.8,34.3
2025-07-24T15:28:59.060733,ETH-USDT,3741.37,3741.38,5.33,73.9
2025-07-24T15:28:59.122629,SOL-USDT,189.223,189.224,244.2,77.2
2025-07-24T15:28:59.128772,XRP-USDT,3.2363,3.2364,11344.0,2354.0
2025-07-24T15:28:59.141581,BTC-USDT,119002.6,119002.7,3.6184,21.805
2025-07-24T15:28:59.159373,ETH-USDT,3741.37,3741.38,13.03,54.86
2025-07-24T15:28:59.176867,LTC-USDT,114.49,114.51,16.2,31.7
2025-07-24T15:28:59.241075,BTC-USDT,119002.6,119002.7,3.626,21.805
2025-07-24T15:28:59.261061,ETH-USDT,3741.37,3741.38,13.03,54.86
2025-07-24T15:28:59.269722,SOL-USDT,189.223,189.224,180.5,77.3
2025-07-24T15:28:59.278718,XRP-USDT,3.2363,3.2364,13967.0,2354.0
2025-07-24T15:28:59.309201,LTC-USDT,114.5,114.51,2.6,31.7
2025-07-24T15:28:59.341124,BTC-USDT,119002.6,119002.7,3.626,21.805
2025-07-24T15:28:59.361293,ETH-USDT,3741.37,3741.38,11.04,91.69
2025-07-24T15:28:59.409804,LTC-USDT,114.5,114.52,15.4,241.3
2025-07-24T15:28:59.421762,SOL-USDT,189.223,189.224,180.5,77.3
2025-07-24T15:28:59.430816,XRP-USDT,3.2363,3.2364,12630.0,284.0
2025-07-24T15:28:59.442270,BTC-USDT,119002.6,119002.7,3.1112,21.805
2025-07-24T15:28:59.464642,ETH-USDT,3741.37,3741.38,10.24,91.69
2025-07-24T15:28:59.518766,LTC-USDT,114.5,114.52,12.8,153.1
2025-07-24T15:28:59.541818,BTC-USDT,119002.6,119002.7,2.8137,22.627
2025-07-24T15:28:59.566507,ETH-USDT,3741.37,3741.38,5.33,91.69
2025-07-24T15:28:59.571472,SOL-USDT,189.223,189.224,180.5,87.5
2025-07-24T15:28:59.581398,XRP-USDT,3.2363,3.2364,10330.0,4202.0
2025-07-24T15:28:59.631847,LTC-USDT,114.5,114.52,12.8,153.1
2025-07-24T15:28:59.644031,BTC-USDT,119002.6,119002.7,2.8137,22.763
2025-07-24T15:28:59.664271,ETH-USDT,3741.03,3741.04,0.89,4.79
2025-07-24T15:28:59.719848,SOL-USDT,189.222,189.223,0.3,29.8
2025-07-24T15:28:59.736388,XRP-USDT,3.2363,3.2364,3951.0,8500.0
2025-07-24T15:28:59.744576,BTC-USDT,119002.6,119002.7,0.0138,25.1525
2025-07-24T15:28:59.757586,LTC-USDT,114.48,114.51,265.8,36.7
2025-07-24T15:28:59.763332,ETH-USDT,3740.66,3740.67,22.03,65.17
2025-07-24T15:28:59.843352,BTC-USDT,119002.6,119002.7,0.0138,26.4025
2025-07-24T15:28:59.857623,LTC-USDT,114.49,114.51,2.6,91.6
2025-07-24T15:28:59.865359,ETH-USDT,3740.66,3740.67,30.55,60.97
2025-07-24T15:28:59.868969,SOL-USDT,189.204,189.205,25.5,23.0
2025-07-24T15:28:59.886096,XRP-USDT,3.2363,3.2364,3819.0,8102.0
2025-07-24T15:28:59.944000,BTC-USDT,119002.6,119002.7,0.0138,26.3941
2025-07-24T15:28:59.960201,LTC-USDT,114.49,114.51,12.6,91.6
2025-07-24T15:28:59.967872,ETH-USDT,3740.66,3740.67,51.6,61.31
2025-07-24T15:29:00.019583,SOL-USDT,189.201,189.202,84.3,103.9
2025-07-24T15:29:00.036340,XRP-USDT,3.2363,3.2364,3374.0,8102.0
2025-07-24T15:29:00.062342,LTC-USDT,114.49,114.51,12.6,91.6
2025-07-24T15:29:00.065750,ETH-USDT,3740.66,3740.67,25.61,61.31
2025-07-24T15:29:00.144955,BTC-USDT,119002.6,119002.7,0.0138,27.1403
2025-07-24T15:29:00.159320,LTC-USDT,114.48,114.51,169.6,91.6
2025-07-24T15:29:00.164327,ETH-USDT,3740.66,3740.67,4.88,61.32
2025-07-24T15:29:00.174234,SOL-USDT,189.201,189.202,130.3,159.8
2025-07-24T15:29:00.187230,XRP-USDT,3.236,3.2361,3848.0,2880.0
2025-07-24T15:29:00.243991,BTC-USDT,119002.5,119002.6,0.0001,11.6668
2025-07-24T15:29:00.259771,LTC-USDT,114.48,114.49,165.6,3.4
2025-07-24T15:29:00.264647,ETH-USDT,3740.56,3740.57,0.5,2.79
2025-07-24T15:29:00.326554,SOL-USDT,189.154,189.188,79.1,17.2
2025-07-24T15:29:00.340026,XRP-USDT,3.2354,3.2357,23.0,8604.0
2025-07-24T15:29:00.345016,BTC-USDT,119002.4,119002.5,0.0001,10.9653
2025-07-24T15:29:00.361184,LTC-USDT,114.46,114.49,422.3,26.4
2025-07-24T15:29:00.363984,ETH-USDT,3740.56,3740.57,0.5,87.31
2025-07-24T15:29:00.443681,BTC-USDT,118999.3,118999.4,0.0001,11.7196
2025-07-24T15:29:00.461133,LTC-USDT,114.46,114.49,425.7,54.7
2025-07-24T15:29:00.471769,ETH-USDT,3740.56,3740.57,0.5,128.04
2025-07-24T15:29:00.471976,SOL-USDT,189.154,189.155,83.1,193.0
2025-07-24T15:29:00.488000,XRP-USDT,3.235,3.2351,336.0,10510.0
2025-07-24T15:29:00.544379,BTC-USDT,118999.2,118999.4,0.0001,41.9462
2025-07-24T15:29:00.566423,ETH-USDT,3739.88,3740.13,1.21,4.79
2025-07-24T15:29:00.575081,LTC-USDT,114.47,114.49,12.8,36.1
2025-07-24T15:29:00.622942,SOL-USDT,189.124,189.143,11.4,56.8
2025-07-24T15:29:00.640316,XRP-USDT,3.2342,3.2344,161.0,19062.0
2025-07-24T15:29:00.654496,BTC-USDT,118982.6,118985.5,0.033,0.1768
2025-07-24T15:29:00.682167,ETH-USDT,3739.56,3739.85,19.46,10.75
2025-07-24T15:29:00.682209,LTC-USDT,114.47,114.48,12.8,3.4
2025-07-24T15:29:00.744019,BTC-USDT,118978.5,118978.6,3.5197,0.5636
2025-07-24T15:29:00.767979,ETH-USDT,3739.38,3739.53,31.25,14.37
2025-07-24T15:29:00.774829,SOL-USDT,189.081,189.091,41.3,5.8
2025-07-24T15:29:00.783559,LTC-USDT,114.47,114.48,12.8,16.0
2025-07-24T15:29:00.786946,XRP-USDT,3.2333,3.2338,787.0,37209.0
2025-07-24T15:29:00.843139,BTC-USDT,118978.5,118978.6,6.1926,27.2174
2025-07-24T15:29:00.868007,ETH-USDT,3739.21,3739.38,16.2,9.58
2025-07-24T15:29:00.883121,LTC-USDT,114.44,114.45,69.8,5.1
2025-07-24T15:29:00.921717,SOL-USDT,189.062,189.063,12.0,119.7
2025-07-24T15:29:00.941958,XRP-USDT,3.2333,3.2334,126.0,35062.0
2025-07-24T15:29:00.947297,BTC-USDT,118978.5,118978.6,8.1163,23.819
2025-07-24T15:29:00.966132,ETH-USDT,3739.21,3739.22,46.07,38.58
2025-07-24T15:29:00.984304,LTC-USDT,114.44,114.45,30.1,2.6
2025-07-24T15:29:01.047579,BTC-USDT,118978.5,118978.6,8.1163,20.8754
2025-07-24T15:29:01.069330,ETH-USDT,3739.21,3739.22,52.39,53.58
2025-07-24T15:29:01.076545,SOL-USDT,189.062,189.063,12.0,303.4
2025-07-24T15:29:01.092298,XRP-USDT,3.2331,3.2332,3095.0,17732.0
2025-07-24T15:29:01.096001,LTC-USDT,114.44,114.45,26.1,2.6
2025-07-24T15:29:01.147344,BTC-USDT,118978.5,118978.6,11.4764,20.8754
2025-07-24T15:29:01.167815,ETH-USDT,3739.21,3739.22,33.02,52.83
2025-07-24T15:29:01.217540,LTC-USDT,114.44,114.45,36.1,2.6
2025-07-24T15:29:01.226272,SOL-USDT,189.062,189.063,12.0,309.1
2025-07-24T15:29:01.237921,XRP-USDT,3.2331,3.2332,2972.0,24419.0
2025-07-24T15:29:01.245925,BTC-USDT,118978.5,118978.6,8.1163,20.8754
2025-07-24T15:29:01.272953,ETH-USDT,3739.21,3739.22,74.52,40.01
2025-07-24T15:29:01.341454,LTC-USDT,114.44,114.45,36.1,2.6
2025-07-24T15:29:01.346967,BTC-USDT,118978.5,118978.6,12.2141,20.8754
2025-07-24T15:29:01.374764,SOL-USDT,189.062,189.063,108.8,92.5
2025-07-24T15:29:01.375699,ETH-USDT,3739.35,3739.63,4.79,18.75
2025-07-24T15:29:01.389426,XRP-USDT,3.2332,3.2337,3366.0,23.0
2025-07-24T15:29:01.446292,LTC-USDT,114.45,114.47,2.6,32.5
2025-07-24T15:29:01.447481,BTC-USDT,118978.5,118978.6,13.6712,8.1742
2025-07-24T15:29:01.472642,ETH-USDT,3739.72,3739.78,14.37,18.75
2025-07-24T15:29:01.527348,SOL-USDT,189.099,189.109,11.8,79.1
2025-07-24T15:29:01.537033,XRP-USDT,3.2338,3.2339,1237.0,445.0
2025-07-24T15:29:01.540314,LTC-USDT,114.46,114.48,3.4,28.4
2025-07-24T15:29:01.549167,BTC-USDT,118978.5,118978.6,15.7713,11.1185
2025-07-24T15:29:01.571178,ETH-USDT,3739.77,3739.78,101.64,26.89
2025-07-24T15:29:01.647743,BTC-USDT,118978.5,118978.6,15.7713,11.5594
2025-07-24T15:29:01.660748,LTC-USDT,114.46,114.48,3.4,50.7
2025-07-24T15:29:01.670555,SOL-USDT,189.117,189.121,8.1,19.7
2025-07-24T15:29:01.672760,ETH-USDT,3739.77,3739.78,113.8,31.68
2025-07-24T15:29:01.687354,XRP-USDT,3.2338,3.2339,7688.0,749.0
2025-07-24T15:29:01.747699,BTC-USDT,118978.5,118978.6,15.7713,11.3986
2025-07-24T15:29:01.763588,LTC-USDT,114.46,114.48,3.4,137.9
2025-07-24T15:29:01.774184,ETH-USDT,3739.77,3739.78,113.8,33.67
2025-07-24T15:29:01.825176,SOL-USDT,189.12,189.121,72.7,30.0
2025-07-24T15:29:01.837267,XRP-USDT,3.2338,3.2339,7481.0,457.0
2025-07-24T15:29:01.850922,BTC-USDT,118978.5,118978.6,15.7713,11.3986
2025-07-24T15:29:01.870368,LTC-USDT,114.46,114.48,3.4,137.9
2025-07-24T15:29:01.872750,ETH-USDT,3739.77,3739.78,115.98,33.67
2025-07-24T15:29:01.950725,BTC-USDT,118978.5,118978.6,18.2913,10.229
2025-07-24T15:29:01.973078,SOL-USDT,189.12,189.121,77.9,30.0
2025-07-24T15:29:01.978644,ETH-USDT,3739.77,3739.78,139.98,30.08
2025-07-24T15:29:01.979938,LTC-USDT,114.46,114.48,3.4,122.6
2025-07-24T15:29:01.987428,XRP-USDT,3.2338,3.2339,9334.0,6.0
2025-07-24T15:29:02.052252,BTC-USDT,118978.5,118978.6,15.7713,9.0166
2025-07-24T15:29:02.088205,ETH-USDT,3739.77,3739.78,139.98,26.9
2025-07-24T15:29:02.112805,LTC-USDT,114.46,114.48,3.4,122.6
2025-07-24T15:29:02.122632,SOL-USDT,189.12,189.121,77.9,30.0
2025-07-24T15:29:02.137080,XRP-USDT,3.2339,3.2343,1887.0,1362.0
2025-07-24T15:29:02.152950,BTC-USDT,118978.5,118978.6,15.7713,7.8228
2025-07-24T15:29:02.177672,ETH-USDT,3739.77,3739.78,138.59,26.9
2025-07-24T15:29:02.216224,LTC-USDT,114.46,114.48,3.4,132.6
2025-07-24T15:29:02.262646,BTC-USDT,118978.5,118978.6,15.7713,9.1934
2025-07-24T15:29:02.275769,SOL-USDT,189.12,189.121,77.9,19.8
2025-07-24T15:29:02.282892,ETH-USDT,3739.77,3739.78,111.02,26.9
2025-07-24T15:29:02.287829,XRP-USDT,3.2342,3.2343,9209.0,829.0
2025-07-24T15:29:02.339028,LTC-USDT,114.46,114.48,3.4,132.6
2025-07-24T15:29:02.362017,BTC-USDT,118978.5,118978.6,15.7655,8.9735
2025-07-24T15:29:02.378637,ETH-USDT,3739.77,3739.78,90.98,30.49
2025-07-24T15:29:02.423116,SOL-USDT,189.12,189.121,78.0,30.2
2025-07-24T15:29:02.437415,XRP-USDT,3.2342,3.2343,8288.0,9255.0
2025-07-24T15:29:02.453896,BTC-USDT,118978.5,118978.6,15.7649,8.7525
2025-07-24T15:29:02.460961,LTC-USDT,114.46,114.48,3.4,122.6
2025-07-24T15:29:02.477540,ETH-USDT,3739.77,3739.78,114.49,11.74
2025-07-24T15:29:02.561901,BTC-USDT,118978.5,118978.6,15.7649,9.1934
2025-07-24T15:29:02.562900,LTC-USDT,114.46,114.48,6.0,122.6
2025-07-24T15:29:02.572122,SOL-USDT,189.122,189.123,21.0,4.9
2025-07-24T15:29:02.578335,ETH-USDT,3739.77,3739.78,111.7,0.01
2025-07-24T15:29:02.587786,XRP-USDT,3.2342,3.2343,4709.0,1032.0
2025-07-24T15:29:02.663031,LTC-USDT,114.46,114.48,3.4,70.3
2025-07-24T15:29:02.664394,BTC-USDT,118978.5,118978.6,15.7649,9.1934
2025-07-24T15:29:02.680807,ETH-USDT,3739.88,3739.89,166.5,22.88
2025-07-24T15:29:02.726218,SOL-USDT,189.15,189.151,138.1,11.4
2025-07-24T15:29:02.737899,XRP-USDT,3.2342,3.2343,4709.0,1806.0
2025-07-24T15:29:02.764834,BTC-USDT,118978.5,118978.6,15.7649,9.1934
2025-07-24T15:29:02.765027,LTC-USDT,114.46,114.48,3.4,59.9
2025-07-24T15:29:02.781123,ETH-USDT,3739.88,3739.89,170.61,31.08
2025-07-24T15:29:02.864752,BTC-USDT,118978.5,118978.6,15.7649,9.1934
2025-07-24T15:29:02.875690,SOL-USDT,189.15,189.151,192.2,53.9
2025-07-24T15:29:02.879400,ETH-USDT,3739.88,3739.89,168.03,33.87
2025-07-24T15:29:02.881006,LTC-USDT,114.46,114.48,6.0,112.2
2025-07-24T15:29:02.888496,XRP-USDT,3.2342,3.2343,4738.0,3444.0
2025-07-24T15:29:02.965183,BTC-USDT,118978.5,118978.6,15.5636,9.1934
2025-07-24T15:29:02.981102,ETH-USDT,3739.88,3739.89,30.47,38.1
2025-07-24T15:29:02.981743,LTC-USDT,114.46,114.48,3.4,122.6
2025-07-24T15:29:03.022846,SOL-USDT,189.141,189.151,13.5,400.0
2025-07-24T15:29:03.038319,XRP-USDT,3.2342,3.2343,4738.0,4384.0
2025-07-24T15:29:03.066110,BTC-USDT,118978.5,118978.6,15.5636,10.1302
2025-07-24T15:29:03.083830,ETH-USDT,3739.88,3739.89,20.04,188.42
2025-07-24T15:29:03.084043,LTC-USDT,114.46,114.47,3.4,0.9
2025-07-24T15:29:03.165422,BTC-USDT,118978.5,118978.6,15.5636,10.1302
2025-07-24T15:29:03.172652,SOL-USDT,189.124,189.134,79.1,34.4
2025-07-24T15:29:03.182235,LTC-USDT,114.46,114.47,3.4,16.9
2025-07-24T15:29:03.185282,ETH-USDT,3739.88,3739.89,5.32,218.6
2025-07-24T15:29:03.187957,XRP-USDT,3.2339,3.2341,115.0,2682.0
2025-07-24T15:29:03.265554,BTC-USDT,118978.5,118978.6,12.2028,10.1302
2025-07-24T15:29:03.283675,ETH-USDT,3739.88,3739.89,5.36,244.23
2025-07-24T15:29:03.321391,SOL-USDT,189.124,189.125,82.7,246.6
2025-07-24T15:29:03.338070,XRP-USDT,3.2339,3.234,2122.0,43353.0
2025-07-24T15:29:03.365310,BTC-USDT,118978.5,118978.6,12.2028,10.1302
2025-07-24T15:29:03.385484,ETH-USDT,3739.88,3739.89,5.36,171.97
2025-07-24T15:29:03.416921,LTC-USDT,114.44,114.47,210.8,16.9
2025-07-24T15:29:03.467073,BTC-USDT,118978.5,118978.6,12.2028,9.8364
2025-07-24T15:29:03.471822,SOL-USDT,189.124,189.125,341.5,83.0
2025-07-24T15:29:03.485437,ETH-USDT,3739.88,3739.89,5.36,179.42
2025-07-24T15:29:03.488242,XRP-USDT,3.2339,3.234,3793.0,47510.0
2025-07-24T15:29:03.528500,LTC-USDT,114.44,114.47,115.4,16.9
2025-07-24T15:29:03.569063,BTC-USDT,118978.5,118978.6,8.7998,13.1966
2025-07-24T15:29:03.589689,ETH-USDT,3739.88,3739.89,0.04,197.92
2025-07-24T15:29:03.626244,SOL-USDT,189.124,189.125,128.4,49.6
2025-07-24T15:29:03.640827,XRP-USDT,3.2336,3.2339,787.0,951.0
2025-07-24T15:29:03.671091,BTC-USDT,118978.5,118978.6,12.1003,13.1966
2025-07-24T15:29:03.687924,ETH-USDT,3739.88,3739.89,0.04,181.84
2025-07-24T15:29:03.781597,SOL-USDT,189.124,189.125,130.0,4.0
2025-07-24T15:29:03.781677,BTC-USDT,118978.5,118978.6,12.3978,13.1966
2025-07-24T15:29:03.788324,XRP-USDT,3.2336,3.2337,2972.0,13892.0
2025-07-24T15:29:03.790962,ETH-USDT,3739.88,3739.89,0.04,182.1
2025-07-24T15:29:03.873377,BTC-USDT,118978.5,118978.6,12.3978,13.195
2025-07-24T15:29:03.891950,ETH-USDT,3739.88,3739.89,0.04,182.1
2025-07-24T15:29:03.928753,SOL-USDT,189.124,189.125,140.3,3.9
2025-07-24T15:29:03.941285,XRP-USDT,3.2336,3.2337,3556.0,5547.0
2025-07-24T15:29:03.966860,LTC-USDT,114.44,114.47,125.4,16.9
2025-07-24T15:29:03.973694,BTC-USDT,118978.5,118978.6,12.4536,12.0885
2025-07-24T15:29:04.006098,ETH-USDT,3739.88,3739.89,0.04,177.1
2025-07-24T15:29:04.065816,LTC-USDT,114.44,114.47,125.4,16.9
2025-07-24T15:29:04.071931,SOL-USDT,189.124,189.125,130.1,3.9
2025-07-24T15:29:04.076217,BTC-USDT,118978.5,118978.6,15.8137,9.8346
2025-07-24T15:29:04.088268,ETH-USDT,3739.88,3739.89,0.04,197.7
2025-07-24T15:29:04.088418,XRP-USDT,3.2336,3.2337,3556.0,12021.0
2025-07-24T15:29:04.168154,LTC-USDT,114.44,114.47,125.4,16.9
2025-07-24T15:29:04.176543,BTC-USDT,118978.5,118978.6,9.1054,9.8346
2025-07-24T15:29:04.191016,ETH-USDT,3739.21,3739.22,10.93,131.31
2025-07-24T15:29:04.230122,SOL-USDT,189.124,189.125,79.2,152.6
2025-07-24T15:29:04.244326,XRP-USDT,3.2335,3.2336,6155.0,5430.0
2025-07-24T15:29:04.276507,BTC-USDT,118978.5,118978.6,9.1384,13.1948
2025-07-24T15:29:04.289573,ETH-USDT,3739.21,3739.22,33.29,19.17
2025-07-24T15:29:04.297739,LTC-USDT,114.44,114.47,125.4,69.2
2025-07-24T15:29:04.373032,SOL-USDT,189.124,189.125,79.2,238.1
2025-07-24T15:29:04.377252,BTC-USDT,118978.5,118978.6,9.1054,9.8346
2025-07-24T15:29:04.388773,XRP-USDT,3.2335,3.2336,3550.0,23402.0
2025-07-24T15:29:04.391217,ETH-USDT,3739.21,3739.22,36.12,11.04
2025-07-24T15:29:04.415644,LTC-USDT,114.44,114.47,125.4,16.9
2025-07-24T15:29:04.476414,BTC-USDT,118978.5,118978.6,9.1054,13.1948
2025-07-24T15:29:04.492499,ETH-USDT,3739.21,3739.22,36.12,14.44
2025-07-24T15:29:04.516857,LTC-USDT,114.44,114.46,26.7,3.4
2025-07-24T15:29:04.523806,SOL-USDT,189.124,189.125,79.2,310.1
2025-07-24T15:29:04.538943,XRP-USDT,3.2335,3.2336,2577.0,28438.0
2025-07-24T15:29:04.577244,BTC-USDT,118978.5,118978.6,9.0724,13.1948
2025-07-24T15:29:04.589676,ETH-USDT,3739.21,3739.22,12.12,14.44
2025-07-24T15:29:04.649877,LTC-USDT,114.44,114.45,3.4,3.4
2025-07-24T15:29:04.674345,SOL-USDT,189.105,189.106,24.8,161.7
2025-07-24T15:29:04.682375,BTC-USDT,118978.5,118978.6,8.5181,16.5467
2025-07-24T15:29:04.688973,XRP-USDT,3.2335,3.2336,449.0,32699.0
2025-07-24T15:29:04.691171,ETH-USDT,3739.21,3739.22,12.08,14.8
2025-07-24T15:29:04.723366,LTC-USDT,114.44,114.45,16.2,16.0
2025-07-24T15:29:04.780490,BTC-USDT,118978.5,118978.6,8.5511,16.5467
2025-07-24T15:29:04.792186,ETH-USDT,3739.21,3739.22,12.12,14.79
2025-07-24T15:29:04.821788,SOL-USDT,189.097,189.098,79.1,19.2
2025-07-24T15:29:04.828349,LTC-USDT,114.44,114.46,16.2,63.6
2025-07-24T15:29:04.838748,XRP-USDT,3.2332,3.2333,3227.0,18357.0
2025-07-24T15:29:04.879035,BTC-USDT,118978.5,118978.6,8.5511,13.1865
2025-07-24T15:29:04.891996,ETH-USDT,3739.21,3739.22,49.71,7.01
2025-07-24T15:29:04.950067,LTC-USDT,114.45,114.47,16.2,12.6
2025-07-24T15:29:04.979453,SOL-USDT,189.097,189.098,352.4,2.1
2025-07-24T15:29:04.982026,BTC-USDT,118978.5,118978.6,8.5181,13.1865
2025-07-24T15:29:04.989018,XRP-USDT,3.2332,3.2333,3233.0,13291.0
2025-07-24T15:29:04.991444,ETH-USDT,3739.21,3739.22,49.71,4.22
2025-07-24T15:29:05.065359,LTC-USDT,114.45,114.47,28.8,96.6
2025-07-24T15:29:05.081738,BTC-USDT,118978.5,118978.6,8.2206,16.5467
2025-07-24T15:29:05.092707,ETH-USDT,3739.21,3739.22,49.12,4.21
2025-07-24T15:29:05.127860,SOL-USDT,189.097,189.098,130.7,47.9
2025-07-24T15:29:05.138754,XRP-USDT,3.2329,3.233,2335.0,2238.0
2025-07-24T15:29:05.176986,LTC-USDT,114.45,114.47,26.2,107.0
2025-07-24T15:29:05.182857,BTC-USDT,118978.5,118978.6,6.1517,16.5467
2025-07-24T15:29:05.193844,ETH-USDT,3739.21,3739.22,24.57,8.17
2025-07-24T15:29:05.277127,SOL-USDT,189.097,189.098,126.6,74.7
2025-07-24T15:29:05.284306,BTC-USDT,118978.5,118978.6,6.1847,16.5467
2025-07-24T15:29:05.289008,XRP-USDT,3.2329,3.233,3107.0,14150.0
2025-07-24T15:29:05.293748,ETH-USDT,3739.21,3739.22,24.61,8.16
2025-07-24T15:29:05.297398,LTC-USDT,114.45,114.47,26.2,107.0
2025-07-24T15:29:05.385750,BTC-USDT,118978.5,118978.6,6.1847,16.5467
2025-07-24T15:29:05.394803,ETH-USDT,3739.21,3739.22,24.61,7.81
2025-07-24T15:29:05.416012,LTC-USDT,114.45,114.47,26.2,107.0
2025-07-24T15:29:05.423145,SOL-USDT,189.097,189.098,341.6,2.1
2025-07-24T15:29:05.438525,XRP-USDT,3.2329,3.233,3556.0,4576.0
2025-07-24T15:29:05.493429,BTC-USDT,118978.5,118978.6,6.1847,16.5467
2025-07-24T15:29:05.576853,SOL-USDT,189.097,189.098,423.8,1.0
2025-07-24T15:29:05.588808,BTC-USDT,118978.5,118978.6,6.2177,16.5467
2025-07-24T15:29:05.590915,XRP-USDT,3.2329,3.233,3443.0,1313.0
2025-07-24T15:29:05.664715,LTC-USDT,114.45,114.47,28.8,107.0
2025-07-24T15:29:05.690937,BTC-USDT,118978.5,118978.6,5.7564,16.5467
2025-07-24T15:29:05.701397,ETH-USDT,3739.21,3739.22,24.61,4.22
2025-07-24T15:29:05.723897,SOL-USDT,189.097,189.098,341.6,1.0
2025-07-24T15:29:05.740543,XRP-USDT,3.2329,3.233,2994.0,896.0
2025-07-24T15:29:05.791015,BTC-USDT,118978.5,118978.6,5.7564,16.5317
2025-07-24T15:29:05.815766,LTC-USDT,114.45,114.47,28.8,107.0
2025-07-24T15:29:05.873417,SOL-USDT,189.097,189.098,130.1,26.0
2025-07-24T15:29:05.889565,XRP-USDT,3.2329,3.233,4438.0,455.0
2025-07-24T15:29:05.891371,BTC-USDT,118978.5,118978.6,5.7565,16.5317
2025-07-24T15:29:05.900771,ETH-USDT,3739.21,3739.22,48.61,4.22
2025-07-24T15:29:05.922845,LTC-USDT,114.45,114.47,28.8,107.0
2025-07-24T15:29:05.991152,BTC-USDT,118978.5,118978.6,5.7235,16.5317
2025-07-24T15:29:06.007455,ETH-USDT,3739.21,3739.22,48.61,4.22
2025-07-24T15:29:06.033330,SOL-USDT,189.097,189.098,341.6,11.2
2025-07-24T15:29:06.054709,XRP-USDT,3.2329,3.233,5307.0,498.0
2025-07-24T15:29:06.064901,LTC-USDT,114.45,114.47,28.8,54.7
2025-07-24T15:29:06.092860,BTC-USDT,118978.5,118978.6,5.6685,16.4498
2025-07-24T15:29:06.107059,ETH-USDT,3739.21,3739.22,48.61,6.21
2025-07-24T15:29:06.165714,LTC-USDT,114.45,114.47,28.8,107.0
2025-07-24T15:29:06.173449,SOL-USDT,189.097,189.098,341.6,11.2
2025-07-24T15:29:06.189156,XRP-USDT,3.2329,3.233,4438.0,1023.0
2025-07-24T15:29:06.193695,BTC-USDT,118978.5,118978.6,5.6685,16.4498
2025-07-24T15:29:06.209330,ETH-USDT,3739.21,3739.22,14.2,7.36
2025-07-24T15:29:06.294843,BTC-USDT,118978.5,118978.6,5.6279,16.4498
2025-07-24T15:29:06.311687,ETH-USDT,3739.21,3739.22,14.2,7.36
2025-07-24T15:29:06.327539,SOL-USDT,189.097,189.098,126.6,16.0
2025-07-24T15:29:06.343428,XRP-USDT,3.2329,3.233,4175.0,8533.0
2025-07-24T15:29:06.397266,BTC-USDT,118978.5,118978.6,5.6549,16.4498
2025-07-24T15:29:06.409515,ETH-USDT,3739.21,3739.22,57.21,6.73
2025-07-24T15:29:06.417907,LTC-USDT,114.45,114.46,16.0,5.5
2025-07-24T15:29:06.474753,SOL-USDT,189.097,189.098,202.1,16.0
2025-07-24T15:29:06.495739,XRP-USDT,3.2329,3.233,4175.0,7664.0
2025-07-24T15:29:06.498571,BTC-USDT,118978.5,118978.6,5.6219,16.4498
2025-07-24T15:29:06.510960,ETH-USDT,3739.21,3739.22,57.21,6.73
2025-07-24T15:29:06.520298,LTC-USDT,114.45,114.46,16.0,5.5
2025-07-24T15:29:06.599717,BTC-USDT,118978.5,118978.6,5.5889,16.4498
2025-07-24T15:29:06.613284,ETH-USDT,3739.21,3739.22,57.21,4.58
2025-07-24T15:29:06.626096,SOL-USDT,189.097,189.098,130.1,11.2
2025-07-24T15:29:06.640213,XRP-USDT,3.2329,3.233,4169.0,13898.0
2025-07-24T15:29:06.672055,LTC-USDT,114.45,114.46,16.0,5.5
2025-07-24T15:29:06.704159,BTC-USDT,118978.5,118978.6,5.6219,16.4498
2025-07-24T15:29:06.712290,ETH-USDT,3739.42,3739.43,114.98,19.9
2025-07-24T15:29:06.770675,LTC-USDT,114.45,114.46,16.0,5.5
2025-07-24T15:29:06.775841,SOL-USDT,189.097,189.098,130.1,11.2
2025-07-24T15:29:06.790492,XRP-USDT,3.2329,3.233,4175.0,7590.0
2025-07-24T15:29:06.805310,BTC-USDT,118978.5,118978.6,5.6549,16.4498
2025-07-24T15:29:06.814670,ETH-USDT,3739.42,3739.43,82.25,49.78
2025-07-24T15:29:06.905687,BTC-USDT,118978.5,118978.6,5.6219,16.4498
2025-07-24T15:29:06.914055,ETH-USDT,3739.42,3739.43,88.22,50.11
2025-07-24T15:29:06.925582,SOL-USDT,189.097,189.098,130.1,1.0
2025-07-24T15:29:06.947021,XRP-USDT,3.2329,3.233,4450.0,3542.0
2025-07-24T15:29:07.007265,BTC-USDT,118978.5,118978.6,5.6549,16.4498
2025-07-24T15:29:07.015832,ETH-USDT,3739.42,3739.43,88.22,51.81
2025-07-24T15:29:07.068060,LTC-USDT,114.45,114.46,16.0,5.5
2025-07-24T15:29:07.080355,SOL-USDT,189.097,189.098,130.1,11.2
2025-07-24T15:29:07.089894,XRP-USDT,3.2329,3.233,4450.0,3542.0
2025-07-24T15:29:07.127936,ETH-USDT,3739.42,3739.43,71.44,51.81
2025-07-24T15:29:07.171781,LTC-USDT,114.45,114.46,3.4,5.5
2025-07-24T15:29:07.223523,SOL-USDT,189.097,189.098,130.1,11.2
2025-07-24T15:29:07.228429,ETH-USDT,3739.42,3739.43,68.41,53.0
2025-07-24T15:29:07.240031,XRP-USDT,3.2329,3.233,4450.0,3940.0
2025-07-24T15:29:07.285912,LTC-USDT,114.45,114.46,3.4,8.1
2025-07-24T15:29:07.309946,BTC-USDT,118978.5,118978.6,5.6219,16.4498
2025-07-24T15:29:07.329513,ETH-USDT,3739.42,3739.43,68.41,52.64
2025-07-24T15:29:07.389929,XRP-USDT,3.2329,3.233,3754.0,25181.0
2025-07-24T15:29:07.407972,BTC-USDT,118978.5,118978.6,5.6549,16.3713
2025-07-24T15:29:07.417388,LTC-USDT,114.45,114.46,16.2,23.3
2025-07-24T15:29:07.509164,BTC-USDT,118978.5,118978.6,5.6219,16.3713
2025-07-24T15:29:07.521666,LTC-USDT,114.45,114.47,16.2,52.1
2025-07-24T15:29:07.524284,SOL-USDT,189.097,189.098,130.1,56.9
2025-07-24T15:29:07.540430,XRP-USDT,3.2329,3.233,4088.0,15013.0
2025-07-24T15:29:07.623776,LTC-USDT,114.45,114.47,18.8,180.3
2025-07-24T15:29:07.680196,SOL-USDT,189.097,189.098,130.1,11.2
2025-07-24T15:29:07.691742,XRP-USDT,3.2329,3.233,4088.0,14883.0
2025-07-24T15:29:07.711861,BTC-USDT,118978.5,118978.6,5.5889,16.3713
2025-07-24T15:29:07.737335,ETH-USDT,3739.42,3739.43,68.41,52.63
2025-07-24T15:29:07.769857,LTC-USDT,114.45,114.46,3.4,12.8
2025-07-24T15:29:07.812196,BTC-USDT,118978.5,118978.6,5.6549,16.3713
2025-07-24T15:29:07.831765,SOL-USDT,189.097,189.098,130.1,14.9
2025-07-24T15:29:07.841743,ETH-USDT,3739.42,3739.43,48.87,68.53
2025-07-24T15:29:07.841781,XRP-USDT,3.2329,3.233,4088.0,18885.0
2025-07-24T15:29:07.870054,LTC-USDT,114.45,114.46,3.4,15.4
2025-07-24T15:29:07.935981,ETH-USDT,3739.42,3739.43,48.87,55.78
2025-07-24T15:29:07.975955,LTC-USDT,114.45,114.46,3.4,35.1
2025-07-24T15:29:07.977733,SOL-USDT,189.103,189.104,5.0,72.5
2025-07-24T15:29:07.994746,XRP-USDT,3.2329,3.233,4088.0,19184.0
2025-07-24T15:29:08.015819,BTC-USDT,118978.5,118978.6,5.6879,16.3713
2025-07-24T15:29:08.035620,ETH-USDT,3739.42,3739.43,48.52,62.78
2025-07-24T15:29:08.079270,LTC-USDT,114.45,114.46,3.4,35.1
2025-07-24T15:29:08.116931,BTC-USDT,118978.5,118978.6,5.6879,16.3711
2025-07-24T15:29:08.128069,SOL-USDT,189.103,189.104,5.0,171.1
2025-07-24T15:29:08.135126,ETH-USDT,3739.42,3739.43,48.52,58.36
2025-07-24T15:29:08.144901,XRP-USDT,3.2329,3.233,4088.0,17292.0
2025-07-24T15:29:08.204945,LTC-USDT,114.45,114.46,3.4,35.1
2025-07-24T15:29:08.217017,BTC-USDT,118978.5,118978.6,5.6879,15.1947
2025-07-24T15:29:08.236825,ETH-USDT,3739.42,3739.43,48.87,37.97
2025-07-24T15:29:08.274357,SOL-USDT,189.098,189.099,111.4,30.0
2025-07-24T15:29:08.290539,XRP-USDT,3.2329,3.233,4088.0,3053.0
2025-07-24T15:29:08.307850,LTC-USDT,114.45,114.46,3.4,35.1
2025-07-24T15:29:08.320782,BTC-USDT,118978.5,118978.6,5.6219,18.5549
2025-07-24T15:29:08.338879,ETH-USDT,3739.42,3739.43,48.87,39.51
2025-07-24T15:29:08.413911,LTC-USDT,114.45,114.46,3.4,15.4
2025-07-24T15:29:08.420854,BTC-USDT,118978.5,118978.6,5.6295,18.5549
2025-07-24T15:29:08.423850,SOL-USDT,189.098,189.099,162.4,70.3
2025-07-24T15:29:08.441714,XRP-USDT,3.2329,3.233,3920.0,7523.0
2025-07-24T15:29:08.441735,ETH-USDT,3738.63,3739.43,27.93,36.73
2025-07-24T15:29:08.517587,LTC-USDT,114.44,114.46,10.0,67.7
2025-07-24T15:29:08.519904,BTC-USDT,118978.5,118978.6,5.6545,18.5549
2025-07-24T15:29:08.551599,ETH-USDT,3739.03,3739.35,2.7,2.67
2025-07-24T15:29:08.575105,SOL-USDT,189.098,189.099,114.4,188.0
2025-07-24T15:29:08.593102,XRP-USDT,3.2329,3.233,853.0,29433.0
2025-07-24T15:29:08.622003,BTC-USDT,118978.5,118978.6,5.6545,18.5549
2025-07-24T15:29:08.622524,LTC-USDT,114.44,114.45,10.0,3.4
2025-07-24T15:29:08.652331,ETH-USDT,3739.04,3739.1,3.59,2.67
2025-07-24T15:29:08.725036,LTC-USDT,114.43,114.45,282.1,6.0
2025-07-24T15:29:08.726968,BTC-USDT,118978.5,118978.6,5.6545,18.5549
2025-07-24T15:29:08.727018,SOL-USDT,189.098,189.099,110.9,233.9
2025-07-24T15:29:08.744662,XRP-USDT,3.2326,3.2328,13.0,33802.0
2025-07-24T15:29:08.755353,ETH-USDT,3738.71,3738.92,23.11,23.24
2025-07-24T15:29:08.823377,LTC-USDT,114.43,114.45,185.9,26.3
2025-07-24T15:29:08.826120,BTC-USDT,118978.5,118978.6,5.6905,18.5549
2025-07-24T15:29:08.854493,ETH-USDT,3738.71,3738.72,3.61,55.39
2025-07-24T15:29:08.876100,SOL-USDT,189.085,189.086,79.1,79.1
2025-07-24T15:29:08.890818,XRP-USDT,3.2326,3.2327,2410.0,29419.0
2025-07-24T15:29:08.929050,BTC-USDT,118978.5,118978.6,5.7235,18.5549
2025-07-24T15:29:08.932835,LTC-USDT,114.43,114.45,282.9,26.3
2025-07-24T15:29:08.957319,ETH-USDT,3738.71,3738.72,53.54,58.18
2025-07-24T15:29:09.030329,SOL-USDT,189.085,189.086,15.9,207.2
2025-07-24T15:29:09.035841,LTC-USDT,114.44,114.45,12.8,26.3
2025-07-24T15:29:09.041504,XRP-USDT,3.2326,3.2327,415.0,34753.0
2025-07-24T15:29:09.061299,ETH-USDT,3738.71,3738.72,34.33,66.33
2025-07-24T15:29:09.128922,BTC-USDT,118978.5,118978.6,5.6905,18.5549
2025-07-24T15:29:09.142965,LTC-USDT,114.44,114.45,12.8,17.0
2025-07-24T15:29:09.163783,ETH-USDT,3738.71,3738.72,3.23,29.74
2025-07-24T15:29:09.176678,SOL-USDT,189.062,189.074,12.0,42.0
2025-07-24T15:29:09.190508,XRP-USDT,3.2324,3.2325,1068.0,10601.0
2025-07-24T15:29:09.228882,BTC-USDT,118978.5,118978.6,5.6575,18.5549
2025-07-24T15:29:09.268761,ETH-USDT,3738.71,3738.72,8.4,29.74
2025-07-24T15:29:09.275852,LTC-USDT,114.44,114.45,12.8,17.0
2025-07-24T15:29:09.328992,SOL-USDT,189.062,189.063,27.9,246.5
2025-07-24T15:29:09.329494,BTC-USDT,118978.5,118978.6,5.6905,18.5549
2025-07-24T15:29:09.341127,XRP-USDT,3.2324,3.2325,287.0,26935.0
2025-07-24T15:29:09.360056,ETH-USDT,3738.71,3738.72,16.5,29.74
2025-07-24T15:29:09.461442,ETH-USDT,3738.71,3738.72,16.49,29.73
2025-07-24T15:29:09.480849,LTC-USDT,114.44,114.45,12.8,17.0
2025-07-24T15:29:09.481104,SOL-USDT,189.062,189.063,28.0,401.9
2025-07-24T15:29:09.491231,XRP-USDT,3.2324,3.2325,413.0,27297.0
2025-07-24T15:29:09.532625,BTC-USDT,118978.5,118978.6,5.7235,18.5549
2025-07-24T15:29:09.560311,ETH-USDT,3738.71,3738.72,1.62,91.37
2025-07-24T15:29:09.620422,LTC-USDT,114.44,114.45,12.8,96.5
2025-07-24T15:29:09.627887,SOL-USDT,189.062,189.063,27.9,464.3
2025-07-24T15:29:09.646738,BTC-USDT,118978.5,118978.6,5.6575,18.5549
2025-07-24T15:29:09.646810,XRP-USDT,3.2324,3.2325,6.0,29321.0
2025-07-24T15:29:09.661768,ETH-USDT,3738.71,3738.72,1.62,73.01
2025-07-24T15:29:09.722966,LTC-USDT,114.43,114.45,172.6,124.1
2025-07-24T15:29:09.733138,BTC-USDT,118978.5,118978.6,5.6905,15.1947
2025-07-24T15:29:09.762007,ETH-USDT,3738.71,3738.72,5.22,32.42
2025-07-24T15:29:09.776317,SOL-USDT,189.062,189.063,12.0,447.6
2025-07-24T15:29:09.792266,XRP-USDT,3.2323,3.2324,21212.0,17858.0
2025-07-24T15:29:09.835119,BTC-USDT,118978.5,118978.6,5.7235,18.5549
2025-07-24T15:29:09.836067,LTC-USDT,114.42,114.44,2.6,3.4
2025-07-24T15:29:09.861270,ETH-USDT,3738.71,3738.72,5.22,65.46
2025-07-24T15:29:09.925581,SOL-USDT,189.062,189.063,77.2,173.3
2025-07-24T15:29:09.936574,BTC-USDT,118978.5,118978.6,5.6905,18.5549
2025-07-24T15:29:09.936657,LTC-USDT,114.42,114.43,2.6,3.4
2025-07-24T15:29:09.941263,XRP-USDT,3.2323,3.2324,21661.0,15663.0
2025-07-24T15:29:09.962642,ETH-USDT,3738.71,3738.72,5.22,130.33
2025-07-24T15:29:10.035446,BTC-USDT,118978.5,118978.6,5.6905,18.5549
2025-07-24T15:29:10.064842,ETH-USDT,3738.71,3738.72,1.63,71.14
2025-07-24T15:29:10.071682,LTC-USDT,114.42,114.43,2.6,3.4
2025-07-24T15:29:10.082846,SOL-USDT,189.062,189.063,77.2,197.1
2025-07-24T15:29:10.093556,XRP-USDT,3.2323,3.2324,22645.0,15669.0
2025-07-24T15:29:10.163300,ETH-USDT,3738.71,3738.72,1.63,65.46
2025-07-24T15:29:10.170340,LTC-USDT,114.42,114.43,12.6,3.4
2025-07-24T15:29:10.227773,SOL-USDT,189.062,189.063,77.2,234.1
2025-07-24T15:29:10.239338,BTC-USDT,118978.5,118978.6,5.6905,18.5549
2025-07-24T15:29:10.250076,XRP-USDT,3.2323,3.2324,22645.0,14263.0
2025-07-24T15:29:10.263867,ETH-USDT,3738.71,3738.72,1.63,62.12
2025-07-24T15:29:10.273071,LTC-USDT,114.42,114.43,25.4,3.4
2025-07-24T15:29:10.338792,BTC-USDT,118978.5,118978.6,5.6245,18.5549
2025-07-24T15:29:10.363826,ETH-USDT,3738.71,3738.72,1.63,63.3
2025-07-24T15:29:10.372094,LTC-USDT,114.42,114.43,25.4,3.4
2025-07-24T15:29:10.375918,SOL-USDT,189.062,189.063,77.2,234.1
2025-07-24T15:29:10.392092,XRP-USDT,3.2323,3.2324,22645.0,13638.0
2025-07-24T15:29:10.445213,BTC-USDT,118978.5,118978.6,5.6245,18.5549
2025-07-24T15:29:10.464014,ETH-USDT,3738.71,3738.72,1.63,63.25
2025-07-24T15:29:10.471812,LTC-USDT,114.42,114.43,15.4,3.4
2025-07-24T15:29:10.526801,SOL-USDT,189.062,189.063,77.2,416.3
2025-07-24T15:29:10.541904,BTC-USDT,118978.5,118978.6,5.7171,15.1947
2025-07-24T15:29:10.541952,XRP-USDT,3.2323,3.2324,21648.0,17538.0
2025-07-24T15:29:10.565111,ETH-USDT,3738.71,3738.72,1.63,47.21
2025-07-24T15:29:10.572538,LTC-USDT,114.42,114.43,2.6,16.2
2025-07-24T15:29:10.641920,BTC-USDT,118978.5,118978.6,5.6815,18.5549
2025-07-24T15:29:10.663824,ETH-USDT,3738.27,3738.38,35.42,4.79
2025-07-24T15:29:10.675435,LTC-USDT,114.41,114.43,205.5,18.8
2025-07-24T15:29:10.676934,SOL-USDT,189.006,189.029,2.5,123.5
2025-07-24T15:29:10.691799,XRP-USDT,3.2323,3.2324,16260.0,17544.0
2025-07-24T15:29:10.743905,BTC-USDT,118978.5,118978.6,5.6905,18.5492
2025-07-24T15:29:10.764129,ETH-USDT,3738.27,3738.28,1.62,61.93
2025-07-24T15:29:10.774874,LTC-USDT,114.4,114.42,259.9,3.4
2025-07-24T15:29:10.829450,SOL-USDT,189.028,189.029,48.8,95.6
2025-07-24T15:29:10.842029,XRP-USDT,3.2323,3.2324,16260.0,17544.0
2025-07-24T15:29:10.845374,BTC-USDT,118978.5,118978.6,5.6245,18.5437
2025-07-24T15:29:10.866823,ETH-USDT,3738.27,3738.28,1.62,94.71
2025-07-24T15:29:10.875643,LTC-USDT,114.4,114.41,259.9,3.4
2025-07-24T15:29:10.945050,BTC-USDT,118978.5,118978.6,5.6905,18.5437
2025-07-24T15:29:10.965809,ETH-USDT,3738.27,3738.28,4.8,110.77
2025-07-24T15:29:10.976332,LTC-USDT,114.4,114.41,0.9,3.4
2025-07-24T15:29:10.978305,SOL-USDT,189.028,189.029,32.6,151.8
2025-07-24T15:29:10.991991,XRP-USDT,3.232,3.2324,2525.0,15473.0
2025-07-24T15:29:11.046524,BTC-USDT,118978.5,118978.6,5.6245,18.5437
2025-07-24T15:29:11.066193,ETH-USDT,3738.27,3738.28,1.57,110.77
2025-07-24T15:29:11.083699,LTC-USDT,114.4,114.41,3.5,11.0
2025-07-24T15:29:11.126058,SOL-USDT,189.006,189.008,2.5,60.0
2025-07-24T15:29:11.142271,XRP-USDT,3.232,3.2321,2272.0,17525.0
2025-07-24T15:29:11.148870,BTC-USDT,118978.5,118978.6,5.6575,18.5437
2025-07-24T15:29:11.165481,ETH-USDT,3738.27,3738.28,1.58,110.75
2025-07-24T15:29:11.208552,LTC-USDT,114.4,114.41,26.3,3.4
2025-07-24T15:29:11.265204,ETH-USDT,3738.27,3738.28,1.58,110.76
2025-07-24T15:29:11.277429,SOL-USDT,189.008,189.009,82.5,88.7
2025-07-24T15:29:11.292679,XRP-USDT,3.232,3.2321,2189.0,24756.0
2025-07-24T15:29:11.325551,LTC-USDT,114.4,114.41,26.3,3.4
2025-07-24T15:29:11.350994,BTC-USDT,118978.5,118978.6,5.6905,18.5437
2025-07-24T15:29:11.367867,ETH-USDT,3738.27,3738.28,5.14,110.76
2025-07-24T15:29:11.428522,SOL-USDT,189.008,189.009,130.0,102.8
2025-07-24T15:29:11.442496,XRP-USDT,3.232,3.2321,2404.0,44766.0
2025-07-24T15:29:11.450871,BTC-USDT,118978.5,118978.6,5.6575,18.5437
2025-07-24T15:29:11.567875,ETH-USDT,3738.27,3738.28,5.14,94.72
2025-07-24T15:29:11.577338,SOL-USDT,189.008,189.009,133.5,17.2
2025-07-24T15:29:11.592467,XRP-USDT,3.232,3.2321,2404.0,44766.0
2025-07-24T15:29:11.650582,BTC-USDT,118978.5,118978.6,5.6905,18.5437
2025-07-24T15:29:11.667075,ETH-USDT,3738.27,3738.28,5.14,77.02
2025-07-24T15:29:11.672724,LTC-USDT,114.4,114.42,39.7,48.5
2025-07-24T15:29:11.733697,SOL-USDT,189.008,189.009,143.7,17.2
2025-07-24T15:29:11.743468,XRP-USDT,3.232,3.2321,6753.0,15394.0
2025-07-24T15:29:11.767770,ETH-USDT,3738.27,3738.28,8.32,56.36
2025-07-24T15:29:11.772735,LTC-USDT,114.41,114.43,6.0,126.5
2025-07-24T15:29:11.871018,ETH-USDT,3738.27,3738.28,47.84,55.01
2025-07-24T15:29:11.878351,SOL-USDT,189.008,189.009,133.5,13.7
2025-07-24T15:29:11.882978,LTC-USDT,114.41,114.42,16.0,3.4
2025-07-24T15:29:11.892066,XRP-USDT,3.232,3.2321,7533.0,6479.0
2025-07-24T15:29:11.956850,BTC-USDT,118978.5,118978.6,5.6575,18.5437
2025-07-24T15:29:11.971844,ETH-USDT,3738.27,3738.28,21.85,38.25
2025-07-24T15:29:12.010290,LTC-USDT,114.41,114.42,16.0,16.2
2025-07-24T15:29:12.026738,SOL-USDT,189.008,189.009,133.5,13.7
2025-07-24T15:29:12.042495,XRP-USDT,3.232,3.2321,7533.0,4865.0
2025-07-24T15:29:12.056133,BTC-USDT,118978.5,118978.6,5.7235,18.5437
2025-07-24T15:29:12.073058,ETH-USDT,3738.27,3738.28,4.68,55.6
2025-07-24T15:29:12.121639,LTC-USDT,114.41,114.42,6.0,12.8
2025-07-24T15:29:12.158803,BTC-USDT,118978.5,118978.6,5.6499,18.5437
2025-07-24T15:29:12.177135,ETH-USDT,3738.27,3738.28,1.5,37.78
2025-07-24T15:29:12.177348,SOL-USDT,189.008,189.009,133.5,13.7
2025-07-24T15:29:12.192836,XRP-USDT,3.232,3.2321,7533.0,6147.0
2025-07-24T15:29:12.223902,LTC-USDT,114.41,114.42,6.0,12.8
2025-07-24T15:29:12.260919,BTC-USDT,118978.5,118978.6,5.5959,18.5437
2025-07-24T15:29:12.281492,ETH-USDT,3738.27,3738.28,5.09,37.43
2025-07-24T15:29:12.326004,LTC-USDT,114.41,114.42,6.0,12.8
2025-07-24T15:29:12.330188,SOL-USDT,189.008,189.009,143.7,17.2
2025-07-24T15:29:12.342861,XRP-USDT,3.232,3.2321,7533.0,5749.0
2025-07-24T15:29:12.385825,ETH-USDT,3738.27,3738.28,1.5,37.43
2025-07-24T15:29:12.423862,LTC-USDT,114.41,114.42,6.0,12.8
2025-07-24T15:29:12.482176,SOL-USDT,189.008,189.009,143.7,89.2
2025-07-24T15:29:12.491822,XRP-USDT,3.232,3.2321,7533.0,5749.0
2025-07-24T15:29:12.636058,SOL-USDT,189.008,189.009,146.0,0.4
2025-07-24T15:29:12.642941,XRP-USDT,3.232,3.2321,7533.0,10047.0
2025-07-24T15:29:12.648957,LTC-USDT,114.41,114.43,6.0,126.5
2025-07-24T15:29:12.664752,BTC-USDT,118978.5,118978.6,5.5959,18.5012
2025-07-24T15:29:12.681925,ETH-USDT,3738.27,3738.28,4.29,37.43
2025-07-24T15:29:12.765205,LTC-USDT,114.42,114.43,2.6,29.7
2025-07-24T15:29:12.777430,SOL-USDT,189.008,189.009,177.1,0.4
2025-07-24T15:29:12.793485,ETH-USDT,3738.27,3738.28,7.88,37.43
2025-07-24T15:29:12.793735,XRP-USDT,3.232,3.2321,7855.0,4779.0
2025-07-24T15:29:12.880071,LTC-USDT,114.42,114.43,2.6,10.0
2025-07-24T15:29:12.886722,ETH-USDT,3738.27,3738.28,39.24,54.43
2025-07-24T15:29:12.929977,SOL-USDT,189.008,189.009,146.0,13.7
2025-07-24T15:29:12.962974,XRP-USDT,3.232,3.2321,7533.0,5749.0
2025-07-24T15:29:12.985073,ETH-USDT,3738.27,3738.28,15.23,26.78
2025-07-24T15:29:13.030714,LTC-USDT,114.42,114.44,15.4,196.8
2025-07-24T15:29:13.065025,BTC-USDT,118978.5,118978.6,9.1223,11.7808
2025-07-24T15:29:13.085550,SOL-USDT,189.008,189.009,146.0,0.4
2025-07-24T15:29:13.085591,ETH-USDT,3738.27,3738.28,28.82,15.64
2025-07-24T15:29:13.093547,XRP-USDT,3.232,3.2321,7533.0,5663.0
2025-07-24T15:29:13.126599,LTC-USDT,114.42,114.44,22.8,100.0
2025-07-24T15:29:13.168502,BTC-USDT,118978.5,118978.6,5.6599,15.141
2025-07-24T15:29:13.186010,ETH-USDT,3738.27,3738.28,28.82,9.92
2025-07-24T15:29:13.228501,SOL-USDT,189.008,189.009,145.8,0.4
2025-07-24T15:29:13.230113,LTC-USDT,114.41,114.43,10.0,12.8
2025-07-24T15:29:13.245751,XRP-USDT,3.232,3.2321,11558.0,5663.0
2025-07-24T15:29:13.266028,BTC-USDT,118978.5,118978.6,5.9928,18.5012
2025-07-24T15:29:13.292555,ETH-USDT,3738.27,3738.28,28.82,10.09
2025-07-24T15:29:13.355236,LTC-USDT,114.41,114.42,10.0,3.4
2025-07-24T15:29:13.365481,BTC-USDT,118978.5,118978.6,5.9928,18.5012
2025-07-24T15:29:13.378332,SOL-USDT,189.008,189.009,135.6,13.7
2025-07-24T15:29:13.391791,ETH-USDT,3738.27,3738.28,28.82,10.09
2025-07-24T15:29:13.394453,XRP-USDT,3.232,3.2321,6554.0,19379.0
2025-07-24T15:29:13.452155,LTC-USDT,114.41,114.42,10.0,4.7
2025-07-24T15:29:13.465245,BTC-USDT,118978.5,118978.6,5.9268,18.5012
2025-07-24T15:29:13.488790,ETH-USDT,3738.27,3738.28,50.04,9.92
2025-07-24T15:29:13.529803,SOL-USDT,189.008,189.009,177.1,13.7
2025-07-24T15:29:13.545486,XRP-USDT,3.232,3.2321,7423.0,9873.0
2025-07-24T15:29:13.563164,LTC-USDT,114.41,114.42,10.0,10.7
2025-07-24T15:29:13.564903,BTC-USDT,118978.5,118978.6,5.7897,7.969
2025-07-24T15:29:13.589477,ETH-USDT,3738.27,3738.28,53.3,8.15
2025-07-24T15:29:13.670068,BTC-USDT,118978.5,118978.6,5.9121,8.0286
2025-07-24T15:29:13.671505,LTC-USDT,114.41,114.42,10.0,21.1
2025-07-24T15:29:13.700387,XRP-USDT,3.232,3.2321,7423.0,8289.0
2025-07-24T15:29:13.766140,BTC-USDT,118978.5,118978.6,5.8525,11.3888
2025-07-24T15:29:13.777725,LTC-USDT,114.41,114.42,10.0,21.1
2025-07-24T15:29:13.791418,ETH-USDT,3738.27,3738.28,76.13,8.15
2025-07-24T15:29:13.829844,SOL-USDT,189.008,189.009,145.9,0.4
2025-07-24T15:29:13.848438,XRP-USDT,3.232,3.2321,3523.0,24675.0
2025-07-24T15:29:13.866041,BTC-USDT,118978.5,118978.6,5.8253,8.0286
2025-07-24T15:29:13.878215,LTC-USDT,114.4,114.42,69.9,21.1
2025-07-24T15:29:13.895661,ETH-USDT,3738.27,3738.28,48.73,10.94
2025-07-24T15:29:13.967993,BTC-USDT,118978.5,118978.6,5.5963,11.586
2025-07-24T15:29:13.981916,SOL-USDT,189.008,189.009,32.6,69.6
2025-07-24T15:29:13.982051,LTC-USDT,114.4,114.41,10.9,3.4
2025-07-24T15:29:13.993130,ETH-USDT,3738.27,3738.28,18.27,15.35
2025-07-24T15:29:13.993580,XRP-USDT,3.2319,3.232,10.0,1797.0
2025-07-24T15:29:14.066032,BTC-USDT,118978.5,118978.6,5.5963,11.3888
2025-07-24T15:29:14.087194,LTC-USDT,114.4,114.41,10.9,3.4
2025-07-24T15:29:14.093735,ETH-USDT,3738.27,3738.28,18.27,14.92
2025-07-24T15:29:14.128816,SOL-USDT,189.008,189.009,80.0,161.9
2025-07-24T15:29:14.143917,XRP-USDT,3.2319,3.232,2799.0,17964.0
2025-07-24T15:29:14.166993,BTC-USDT,118978.5,118978.6,5.5633,9.2044
2025-07-24T15:29:14.194872,ETH-USDT,3738.27,3738.28,11.39,32.27
2025-07-24T15:29:14.220283,LTC-USDT,114.4,114.41,13.5,3.4
2025-07-24T15:29:14.267212,BTC-USDT,118978.5,118978.6,5.6293,11.5854
2025-07-24T15:29:14.278130,SOL-USDT,189.008,189.009,79.9,242.4
2025-07-24T15:29:14.292301,ETH-USDT,3738.27,3738.28,11.39,32.27
2025-07-24T15:29:14.292941,XRP-USDT,3.2319,3.232,32.0,23575.0
2025-07-24T15:29:14.329081,LTC-USDT,114.4,114.41,26.3,3.4
2025-07-24T15:29:14.379000,BTC-USDT,118978.5,118978.6,5.5963,8.2252
2025-07-24T15:29:14.431149,SOL-USDT,189.008,189.009,79.9,147.0
2025-07-24T15:29:14.444008,XRP-USDT,3.2315,3.2316,3693.0,3164.0
2025-07-24T15:29:14.459141,LTC-USDT,114.4,114.42,26.3,68.2
2025-07-24T15:29:14.466985,BTC-USDT,118978.5,118978.6,5.5963,11.5854
2025-07-24T15:29:14.493645,ETH-USDT,3738.27,3738.28,14.21,32.27
2025-07-24T15:29:14.565887,LTC-USDT,114.4,114.42,13.5,23.1
2025-07-24T15:29:14.578090,BTC-USDT,118978.5,118978.6,5.5963,11.5494
2025-07-24T15:29:14.585059,SOL-USDT,189.008,189.009,79.9,188.3
2025-07-24T15:29:14.598920,ETH-USDT,3738.19,3738.2,0.07,4.79
2025-07-24T15:29:14.602516,XRP-USDT,3.2315,3.2316,8153.0,1341.0
2025-07-24T15:29:14.679075,BTC-USDT,118978.5,118978.6,5.5512,11.5498
2025-07-24T15:29:14.679108,LTC-USDT,114.41,114.42,12.8,25.7
2025-07-24T15:29:14.693846,ETH-USDT,3738.19,3738.2,0.06,111.4
2025-07-24T15:29:14.743031,SOL-USDT,188.967,188.97,2.6,44.8
2025-07-24T15:29:14.758868,XRP-USDT,3.2315,3.2316,449.0,16684.0
2025-07-24T15:29:14.773275,BTC-USDT,118978.5,118978.6,5.5512,11.5498
2025-07-24T15:29:14.784146,LTC-USDT,114.41,114.42,12.8,6.0
2025-07-24T15:29:14.795273,ETH-USDT,3738.19,3738.2,0.06,109.79
2025-07-24T15:29:14.880291,LTC-USDT,114.41,114.42,12.8,6.0
2025-07-24T15:29:14.882734,SOL-USDT,188.927,188.928,87.8,84.3
2025-07-24T15:29:14.895251,ETH-USDT,3737.71,3737.72,60.49,0.4
2025-07-24T15:29:14.900788,XRP-USDT,3.2313,3.2314,6244.0,2617.0
2025-07-24T15:29:14.979666,LTC-USDT,114.41,114.42,12.8,6.0
2025-07-24T15:29:14.996467,ETH-USDT,3737.71,3737.72,76.66,117.57
2025-07-24T15:29:15.033250,SOL-USDT,188.927,188.93,37.2,79.1
2025-07-24T15:29:15.044132,XRP-USDT,3.2313,3.2314,2898.0,17986.0
2025-07-24T15:29:15.076066,BTC-USDT,118978.5,118978.6,5.5512,11.5498
2025-07-24T15:29:15.099726,LTC-USDT,114.41,114.42,12.8,16.0
2025-07-24T15:29:15.099768,ETH-USDT,3737.71,3737.72,79.32,19.93
2025-07-24T15:29:15.181407,BTC-USDT,118978.5,118978.6,5.5512,11.5498
2025-07-24T15:29:15.183507,SOL-USDT,188.92,188.921,0.1,29.8
2025-07-24T15:29:15.195815,XRP-USDT,3.231,3.2311,2330.0,1840.0
2025-07-24T15:29:15.196038,ETH-USDT,3737.71,3737.72,79.32,19.16
2025-07-24T15:29:15.218360,LTC-USDT,114.4,114.42,0.1,28.8
2025-07-24T15:29:15.278111,BTC-USDT,118978.5,118978.6,5.5842,11.3526
2025-07-24T15:29:15.295189,ETH-USDT,3737.71,3737.72,79.32,13.58
2025-07-24T15:29:15.324670,LTC-USDT,114.4,114.41,0.1,3.4
2025-07-24T15:29:15.339303,SOL-USDT,188.92,188.921,100.8,54.1
2025-07-24T15:29:15.344806,XRP-USDT,3.231,3.2311,12489.0,6279.0
2025-07-24T15:29:15.378556,BTC-USDT,118978.5,118978.6,5.6172,11.3526
2025-07-24T15:29:15.402064,ETH-USDT,3737.71,3737.72,76.67,13.58
2025-07-24T15:29:15.428212,LTC-USDT,114.4,114.41,0.1,29.2
2025-07-24T15:29:15.486296,SOL-USDT,188.92,188.921,217.6,54.1
2025-07-24T15:29:15.486349,BTC-USDT,118978.5,118978.6,5.6172,11.3239
2025-07-24T15:29:15.496112,XRP-USDT,3.231,3.2311,12938.0,7278.0
2025-07-24T15:29:15.501111,ETH-USDT,3737.71,3737.72,60.65,13.58
2025-07-24T15:29:15.536965,LTC-USDT,114.4,114.41,12.9,16.4
2025-07-24T15:29:15.584722,BTC-USDT,118978.5,118978.6,5.6172,11.3239
2025-07-24T15:29:15.607551,ETH-USDT,3737.71,3737.72,84.65,12.97
2025-07-24T15:29:15.631349,SOL-USDT,188.92,188.921,207.3,57.6
2025-07-24T15:29:15.644860,XRP-USDT,3.231,3.2311,8711.0,4604.0
2025-07-24T15:29:15.679392,LTC-USDT,114.4,114.41,12.9,6.0
2025-07-24T15:29:15.685815,BTC-USDT,118978.5,118978.6,5.5512,11.3239
2025-07-24T15:29:15.710653,ETH-USDT,3737.71,3737.72,84.65,0.03
2025-07-24T15:29:15.781014,LTC-USDT,114.4,114.42,12.9,103.4
2025-07-24T15:29:15.781702,SOL-USDT,188.92,188.921,127.8,78.4
2025-07-24T15:29:15.786251,BTC-USDT,118978.5,118978.6,5.6172,7.9637
2025-07-24T15:29:15.794384,XRP-USDT,3.231,3.2311,7040.0,12188.0
2025-07-24T15:29:15.815917,ETH-USDT,3737.71,3737.72,116.96,0.03
2025-07-24T15:29:15.883467,LTC-USDT,114.4,114.42,15.5,48.2
2025-07-24T15:29:15.887360,BTC-USDT,118978.5,118978.6,5.6502,4.6035
2025-07-24T15:29:15.912374,ETH-USDT,3738.09,3738.1,41.91,0.02
2025-07-24T15:29:15.931564,SOL-USDT,188.92,188.921,115.1,11.7
2025-07-24T15:29:15.944863,XRP-USDT,3.231,3.2311,7924.0,1488.0
2025-07-24T15:29:15.984179,LTC-USDT,114.4,114.42,18.9,23.1
2025-07-24T15:29:15.987931,BTC-USDT,118978.5,118978.6,5.6502,5.8115
2025-07-24T15:29:16.012510,ETH-USDT,3738.56,3738.72,0.35,3.94
2025-07-24T15:29:16.082356,SOL-USDT,188.92,188.921,115.2,6.2
2025-07-24T15:29:16.097317,LTC-USDT,114.41,114.44,28.8,220.1
2025-07-24T15:29:16.097708,BTC-USDT,118978.5,118978.6,6.1783,7.338
2025-07-24T15:29:16.097809,XRP-USDT,3.2313,3.2314,920.0,23.0
2025-07-24T15:29:16.115846,ETH-USDT,3738.71,3738.72,186.21,48.19
2025-07-24T15:29:16.191378,BTC-USDT,118978.5,118978.6,5.5918,7.338
2025-07-24T15:29:16.202866,LTC-USDT,114.43,114.44,3.4,31.9
2025-07-24T15:29:16.224412,ETH-USDT,3738.71,3738.72,82.26,108.86
2025-07-24T15:29:16.232190,SOL-USDT,188.938,188.942,236.8,79.1
2025-07-24T15:29:16.246851,XRP-USDT,3.2313,3.2314,6703.0,7365.0
2025-07-24T15:29:16.295255,BTC-USDT,118978.5,118978.6,5.6248,7.338
2025-07-24T15:29:16.301868,LTC-USDT,114.43,114.44,16.0,0.8
2025-07-24T15:29:16.313456,ETH-USDT,3738.71,3738.72,64.64,107.76
2025-07-24T15:29:16.381460,SOL-USDT,188.945,188.951,15.0,6.9
2025-07-24T15:29:16.390471,BTC-USDT,118978.5,118978.6,13.5191,5.8115
2025-07-24T15:29:16.396269,XRP-USDT,3.2313,3.2314,6787.0,5729.0
2025-07-24T15:29:16.401217,LTC-USDT,114.43,114.44,16.0,0.8
2025-07-24T15:29:16.415173,ETH-USDT,3738.71,3738.72,65.77,70.02
2025-07-24T15:29:16.490401,BTC-USDT,118978.5,118978.6,13.5127,5.1755
2025-07-24T15:29:16.510369,LTC-USDT,114.43,114.45,16.1,0.8
2025-07-24T15:29:16.517238,ETH-USDT,3738.71,3738.72,65.78,103.69
2025-07-24T15:29:16.530768,SOL-USDT,189.001,189.002,2.7,1.7
2025-07-24T15:29:16.546328,XRP-USDT,3.2313,3.2314,7677.0,5762.0
2025-07-24T15:29:16.593926,BTC-USDT,118978.5,118978.6,13.5457,5.1755
2025-07-24T15:29:16.610208,LTC-USDT,114.44,114.45,6.0,0.8
2025-07-24T15:29:16.617221,ETH-USDT,3738.71,3738.72,22.95,140.57
2025-07-24T15:29:16.683705,SOL-USDT,189.001,189.002,183.2,27.4
2025-07-24T15:29:16.694725,BTC-USDT,118978.5,118978.6,13.5127,5.1755
2025-07-24T15:29:16.695698,XRP-USDT,3.2313,3.2314,7677.0,6211.0
2025-07-24T15:29:16.712798,LTC-USDT,114.44,114.45,16.0,0.8
2025-07-24T15:29:16.717543,ETH-USDT,3738.71,3738.72,22.64,143.05
2025-07-24T15:29:16.817411,ETH-USDT,3738.71,3738.72,0.01,203.2
2025-07-24T15:29:16.823744,LTC-USDT,114.44,114.45,16.2,0.8
2025-07-24T15:29:16.829545,SOL-USDT,188.993,189.001,79.1,5.8
2025-07-24T15:29:16.898894,BTC-USDT,118978.5,118978.6,10.1195,5.1755
2025-07-24T15:29:16.918584,ETH-USDT,3738.71,3738.72,0.01,258.78
2025-07-24T15:29:16.935406,LTC-USDT,114.44,114.45,16.2,3.4
2025-07-24T15:29:16.994665,SOL-USDT,188.981,188.983,79.1,5.8
2025-07-24T15:29:16.998056,BTC-USDT,118978.5,118978.6,6.8253,6.535
2025-07-24T15:29:16.998205,XRP-USDT,3.2313,3.2314,6793.0,32678.0
2025-07-24T15:29:17.033271,ETH-USDT,3738.71,3738.72,0.01,293.63
2025-07-24T15:29:17.080275,LTC-USDT,114.44,114.45,3.4,26.2
2025-07-24T15:29:17.096736,BTC-USDT,118978.5,118978.6,10.1855,6.8582
2025-07-24T15:29:17.136146,ETH-USDT,3738.02,3738.03,18.76,0.26
2025-07-24T15:29:17.136206,SOL-USDT,188.981,188.982,78.6,265.4
2025-07-24T15:29:17.145718,XRP-USDT,3.2313,3.2314,6793.0,12622.0
2025-07-24T15:29:17.186522,LTC-USDT,114.44,114.45,3.4,26.2
2025-07-24T15:29:17.196133,BTC-USDT,118978.5,118978.6,10.1855,7.9635
2025-07-24T15:29:17.223424,ETH-USDT,3738.02,3738.03,87.87,117.0
2025-07-24T15:29:17.291994,SOL-USDT,188.981,188.982,124.3,162.6
2025-07-24T15:29:17.292040,LTC-USDT,114.44,114.45,3.4,26.2
2025-07-24T15:29:17.295964,BTC-USDT,118978.5,118978.6,6.8241,4.6033
2025-07-24T15:29:17.296013,XRP-USDT,3.2313,3.2314,6543.0,31643.0
2025-07-24T15:29:17.323797,ETH-USDT,3738.02,3738.03,87.88,19.33
2025-07-24T15:29:17.402625,BTC-USDT,118978.5,118978.6,6.7911,4.6033
2025-07-24T15:29:17.421906,ETH-USDT,3738.02,3738.03,59.49,13.75
2025-07-24T15:29:17.431555,SOL-USDT,188.981,188.982,120.8,180.0
2025-07-24T15:29:17.446982,XRP-USDT,3.2313,3.2314,6543.0,31306.0
