timestamp,symbol,bid,ask,bid_vol,ask_vol
2025-07-24T06:13:26.346567,BTCUSDT,117647.7,117647.8,33.1905,3.6789
2025-07-24T06:13:26.346806,ETHUSDT,3559.06,3559.07,65.92,179.02
2025-07-24T06:13:26.346860,LTCUSDT,109.38,109.39,10.0,40.4
2025-07-24T06:13:26.346936,SOLUSDT,183.137,183.15,2.0,10.2
2025-07-24T06:13:26.346985,XRPUSDT,3.0716,3.0717,14789.0,5923.0
2025-07-24T06:13:26.416049,SOLUSDT,183.137,183.138,107.0,56.2
2025-07-24T06:13:26.416095,ETHUSDT,3559.06,3559.07,30.92,179.02
2025-07-24T06:13:26.432033,BTCUSDT,117647.7,117647.8,33.207,3.6789
2025-07-24T06:13:26.452801,XRPUSDT,3.0716,3.0717,11083.0,5923.0
2025-07-24T06:13:26.475688,LTCUSDT,109.38,109.39,10.0,40.4
2025-07-24T06:13:26.488315,ETHUSDT,3559.06,3559.07,57.25,195.86
2025-07-24T06:13:26.532749,BTCUSDT,117647.7,117647.8,33.207,3.6789
2025-07-24T06:13:26.534335,SOLUSDT,183.137,183.138,73.6,111.5
2025-07-24T06:13:26.579903,LTCUSDT,109.38,109.39,10.0,40.4
2025-07-24T06:13:26.588731,ETHUSDT,3559.06,3559.07,62.17,179.02
2025-07-24T06:13:26.603892,XRPUSDT,3.0716,3.0717,8267.0,5525.0
2025-07-24T06:13:26.686457,SOLUSDT,183.137,183.138,73.6,113.2
2025-07-24T06:13:26.689195,ETHUSDT,3559.06,3559.07,65.76,179.02
2025-07-24T06:13:26.695322,LTCUSDT,109.38,109.39,10.0,40.4
2025-07-24T06:13:26.753933,XRPUSDT,3.0716,3.0717,8267.0,5970.0
2025-07-24T06:13:26.793268,ETHUSDT,3559.06,3559.07,62.17,156.75
2025-07-24T06:13:26.830514,LTCUSDT,109.38,109.39,10.0,50.4
2025-07-24T06:13:26.834474,SOLUSDT,183.137,183.138,73.6,113.2
2025-07-24T06:13:26.894028,ETHUSDT,3559.06,3559.07,21.83,156.76
2025-07-24T06:13:26.915820,XRPUSDT,3.0714,3.0716,1548.0,5537.0
2025-07-24T06:13:26.935277,LTCUSDT,109.36,109.38,6.2,20.0
2025-07-24T06:13:26.940049,BTCUSDT,117647.7,117647.8,20.8968,7.794
2025-07-24T06:13:26.984517,SOLUSDT,183.13,183.133,79.0,5.8
2025-07-24T06:13:26.993848,ETHUSDT,3559.06,3559.07,21.83,139.92
2025-07-24T06:13:27.032064,LTCUSDT,109.36,109.37,6.2,8.3
2025-07-24T06:13:27.037750,BTCUSDT,117647.7,117647.8,20.8372,4.5784
2025-07-24T06:13:27.054383,XRPUSDT,3.0713,3.0714,8862.0,1302.0
2025-07-24T06:13:27.102571,ETHUSDT,3559.06,3559.07,21.84,124.68
2025-07-24T06:13:27.135924,BTCUSDT,117647.7,117647.8,20.8372,12.5633
2025-07-24T06:13:27.136067,SOLUSDT,183.132,183.133,167.3,15.9
2025-07-24T06:13:27.160707,LTCUSDT,109.36,109.37,6.2,8.3
2025-07-24T06:13:27.198608,ETHUSDT,3559.06,3559.07,21.84,131.83
2025-07-24T06:13:27.203061,XRPUSDT,3.0714,3.0715,933.0,18084.0
2025-07-24T06:13:27.236362,BTCUSDT,117647.7,117647.8,20.8372,20.3689
2025-07-24T06:13:27.284036,LTCUSDT,109.36,109.37,6.2,10.9
2025-07-24T06:13:27.286307,SOLUSDT,183.132,183.133,137.6,140.2
2025-07-24T06:13:27.295991,ETHUSDT,3559.06,3559.07,21.84,131.83
2025-07-24T06:13:27.335810,BTCUSDT,117647.7,117647.8,20.8207,20.3689
2025-07-24T06:13:27.362414,XRPUSDT,3.0714,3.0715,1037.0,18293.0
2025-07-24T06:13:27.397054,ETHUSDT,3559.06,3559.07,21.83,131.82
2025-07-24T06:13:27.406723,LTCUSDT,109.36,109.37,6.2,19.6
2025-07-24T06:13:27.434636,SOLUSDT,183.13,183.133,78.9,140.4
2025-07-24T06:13:27.443800,BTCUSDT,117647.7,117647.8,20.8372,16.9713
2025-07-24T06:13:27.498778,ETHUSDT,3559.06,3559.07,21.83,131.84
2025-07-24T06:13:27.514308,XRPUSDT,3.0711,3.0713,1548.0,1592.0
2025-07-24T06:13:27.524563,LTCUSDT,109.36,109.37,6.2,19.6
2025-07-24T06:13:27.536836,BTCUSDT,117647.7,117647.8,20.8411,16.9713
2025-07-24T06:13:27.585075,SOLUSDT,183.125,183.126,0.1,5.8
2025-07-24T06:13:27.597514,ETHUSDT,3559.06,3559.07,21.83,125.74
2025-07-24T06:13:27.625958,LTCUSDT,109.36,109.37,6.2,19.6
2025-07-24T06:13:27.639596,BTCUSDT,117647.7,117647.8,20.8371,17.4809
2025-07-24T06:13:27.653631,XRPUSDT,3.071,3.0711,1548.0,1302.0
2025-07-24T06:13:27.700240,ETHUSDT,3559.06,3559.07,21.84,133.73
2025-07-24T06:13:27.726752,LTCUSDT,109.36,109.37,6.2,29.6
2025-07-24T06:13:27.736501,SOLUSDT,183.111,183.112,90.0,477.6
2025-07-24T06:13:27.738433,BTCUSDT,117647.7,117647.8,20.8371,14.0833
2025-07-24T06:13:27.807129,ETHUSDT,3559.06,3559.07,21.84,138.13
2025-07-24T06:13:27.807845,XRPUSDT,3.0708,3.0709,29600.0,1592.0
2025-07-24T06:13:27.832322,LTCUSDT,109.36,109.37,6.2,29.6
2025-07-24T06:13:27.839649,BTCUSDT,117647.7,117647.8,20.8371,20.8785
2025-07-24T06:13:27.887265,SOLUSDT,183.111,183.112,163.7,551.2
2025-07-24T06:13:27.900451,ETHUSDT,3559.06,3559.07,21.84,138.13
2025-07-24T06:13:27.940000,LTCUSDT,109.36,109.37,6.2,17.0
2025-07-24T06:13:27.944089,BTCUSDT,117647.7,117647.8,24.2346,13.7658
2025-07-24T06:13:27.953743,XRPUSDT,3.0708,3.0709,31085.0,1734.0
2025-07-24T06:13:28.000916,ETHUSDT,3559.06,3559.07,29.98,129.52
2025-07-24T06:13:28.040778,SOLUSDT,183.111,183.112,163.7,409.1
2025-07-24T06:13:28.051226,BTCUSDT,117647.7,117647.8,24.2596,13.0768
2025-07-24T06:13:28.082490,LTCUSDT,109.36,109.37,14.9,8.3
2025-07-24T06:13:28.102374,ETHUSDT,3559.06,3559.07,0.01,129.52
2025-07-24T06:13:28.104462,XRPUSDT,3.0705,3.0708,13115.0,11024.0
2025-07-24T06:13:28.144468,BTCUSDT,117647.7,117647.8,20.8621,13.0768
2025-07-24T06:13:28.181090,LTCUSDT,109.36,109.37,14.9,10.9
2025-07-24T06:13:28.185532,SOLUSDT,183.111,183.112,163.7,356.5
2025-07-24T06:13:28.246169,BTCUSDT,117647.7,117647.8,20.8586,12.6662
2025-07-24T06:13:28.253401,XRPUSDT,3.0703,3.0705,2848.0,1990.0
2025-07-24T06:13:28.284360,LTCUSDT,109.36,109.37,6.2,10.9
2025-07-24T06:13:28.306230,ETHUSDT,3559.06,3559.07,0.01,129.52
2025-07-24T06:13:28.336151,SOLUSDT,183.111,183.112,77.1,243.9
2025-07-24T06:13:28.348489,BTCUSDT,117647.7,117647.8,24.26,12.6662
2025-07-24T06:13:28.392659,LTCUSDT,109.35,109.37,9.9,67.6
2025-07-24T06:13:28.404321,XRPUSDT,3.0703,3.0704,8476.0,190.0
2025-07-24T06:13:28.404561,ETHUSDT,3559.06,3559.07,0.01,129.52
2025-07-24T06:13:28.450829,BTCUSDT,117647.7,117647.8,27.6575,12.2919
2025-07-24T06:13:28.486989,SOLUSDT,183.111,183.112,333.7,73.6
2025-07-24T06:13:28.504011,ETHUSDT,3559.06,3559.07,25.12,130.32
2025-07-24T06:13:28.518155,LTCUSDT,109.35,109.36,9.9,10.9
2025-07-24T06:13:28.552819,XRPUSDT,3.0705,3.0709,3800.0,5686.0
2025-07-24T06:13:28.552982,BTCUSDT,117647.7,117647.8,27.6575,8.5966
2025-07-24T06:13:28.604675,ETHUSDT,3559.06,3559.07,25.12,146.92
2025-07-24T06:13:28.619258,LTCUSDT,109.35,109.36,9.9,44.2
2025-07-24T06:13:28.636005,SOLUSDT,183.115,183.116,274.8,24.3
2025-07-24T06:13:28.656254,BTCUSDT,117647.7,117647.8,27.6575,8.5966
2025-07-24T06:13:28.719538,XRPUSDT,3.0708,3.0709,27025.0,5901.0
2025-07-24T06:13:28.719584,ETHUSDT,3559.06,3559.07,24.82,130.62
2025-07-24T06:13:28.736700,LTCUSDT,109.35,109.36,12.5,19.5
2025-07-24T06:13:28.757048,BTCUSDT,117647.7,117647.8,27.641,8.5966
2025-07-24T06:13:28.787194,SOLUSDT,183.115,183.116,276.6,14.2
2025-07-24T06:13:28.812717,ETHUSDT,3559.06,3559.07,19.94,130.62
2025-07-24T06:13:28.858314,LTCUSDT,109.35,109.36,18.6,2.5
2025-07-24T06:13:28.862385,XRPUSDT,3.0708,3.0709,15058.0,6183.0
2025-07-24T06:13:28.866409,BTCUSDT,117647.7,117647.8,24.26,8.5966
2025-07-24T06:13:28.911258,ETHUSDT,3559.06,3559.07,7.85,130.62
2025-07-24T06:13:28.968174,LTCUSDT,109.35,109.36,8.7,23.4
2025-07-24T06:13:28.968396,SOLUSDT,183.115,183.116,13.8,101.4
2025-07-24T06:13:29.004501,XRPUSDT,3.0708,3.0709,5092.0,8010.0
2025-07-24T06:13:29.012427,ETHUSDT,3558.97,3558.98,21.83,137.41
2025-07-24T06:13:29.034368,LTCUSDT,109.33,109.35,10.2,17.4
2025-07-24T06:13:29.061623,BTCUSDT,117647.7,117647.8,20.8625,12.1915
2025-07-24T06:13:29.087288,SOLUSDT,183.106,183.112,25.5,38.1
2025-07-24T06:13:29.112460,ETHUSDT,3558.97,3558.98,21.84,412.43
2025-07-24T06:13:29.140778,LTCUSDT,109.34,109.35,8.7,40.4
2025-07-24T06:13:29.154268,XRPUSDT,3.0702,3.0705,36779.0,1592.0
2025-07-24T06:13:29.160265,BTCUSDT,117647.7,117647.8,20.8625,15.884
2025-07-24T06:13:29.212267,ETHUSDT,3558.97,3558.98,21.84,384.87
2025-07-24T06:13:29.236226,SOLUSDT,183.101,183.102,52.0,80.0
2025-07-24T06:13:29.262053,BTCUSDT,117647.7,117647.8,24.26,12.2891
2025-07-24T06:13:29.274181,LTCUSDT,109.34,109.35,12.6,8.7
2025-07-24T06:13:29.306098,XRPUSDT,3.0704,3.0705,25742.0,1592.0
2025-07-24T06:13:29.313425,ETHUSDT,3558.97,3558.98,0.01,293.98
2025-07-24T06:13:29.362362,BTCUSDT,117647.7,117647.8,27.6575,9.2958
2025-07-24T06:13:29.382541,LTCUSDT,109.34,109.36,21.3,113.8
2025-07-24T06:13:29.386176,SOLUSDT,183.101,183.102,130.9,161.8
2025-07-24T06:13:29.413216,ETHUSDT,3558.97,3558.98,0.01,308.2
2025-07-24T06:13:29.454498,XRPUSDT,3.0704,3.0705,302.0,21887.0
2025-07-24T06:13:29.462447,BTCUSDT,117647.7,117647.8,27.6575,9.0985
2025-07-24T06:13:29.482403,LTCUSDT,109.34,109.35,21.3,8.3
2025-07-24T06:13:29.511994,ETHUSDT,3558.97,3558.98,0.01,279.22
2025-07-24T06:13:29.536698,SOLUSDT,183.101,183.102,130.9,165.3
2025-07-24T06:13:29.560299,BTCUSDT,117647.7,117647.8,27.6575,9.2958
2025-07-24T06:13:29.584368,LTCUSDT,109.34,109.35,18.7,27.0
2025-07-24T06:13:29.604360,XRPUSDT,3.0704,3.0705,302.0,6109.0
2025-07-24T06:13:29.618114,ETHUSDT,3558.97,3558.98,0.01,283.0
2025-07-24T06:13:29.664707,BTCUSDT,117647.7,117647.8,27.6536,9.2958
2025-07-24T06:13:29.687809,SOLUSDT,183.101,183.102,130.9,119.9
2025-07-24T06:13:29.694669,LTCUSDT,109.34,109.35,10.0,50.4
2025-07-24T06:13:29.724456,ETHUSDT,3558.97,3558.98,0.01,282.88
2025-07-24T06:13:29.756640,XRPUSDT,3.0704,3.0705,1083.0,5958.0
2025-07-24T06:13:29.763255,BTCUSDT,117647.7,117647.8,27.6575,9.2958
2025-07-24T06:13:29.796829,LTCUSDT,109.33,109.35,10.2,50.4
2025-07-24T06:13:29.820766,ETHUSDT,3558.86,3558.87,21.83,33.61
2025-07-24T06:13:29.845216,SOLUSDT,183.101,183.102,130.9,119.9
2025-07-24T06:13:29.865882,BTCUSDT,117647.7,117647.8,20.846,9.2958
2025-07-24T06:13:29.905953,XRPUSDT,3.0704,3.0705,624.0,6001.0
2025-07-24T06:13:29.925435,LTCUSDT,109.33,109.35,12.8,64.1
2025-07-24T06:13:29.925494,ETHUSDT,3558.86,3558.87,21.84,314.19
2025-07-24T06:13:29.965517,BTCUSDT,117647.7,117647.8,20.8625,12.6934
2025-07-24T06:13:29.986549,SOLUSDT,183.101,183.102,130.9,109.8
2025-07-24T06:13:30.025258,ETHUSDT,3558.86,3558.87,21.84,299.91
2025-07-24T06:13:30.032222,LTCUSDT,109.33,109.35,12.8,64.1
2025-07-24T06:13:30.055787,XRPUSDT,3.0704,3.0705,1669.0,6164.0
2025-07-24T06:13:30.082297,BTCUSDT,117647.7,117647.8,20.8625,19.3271
2025-07-24T06:13:30.131759,ETHUSDT,3558.86,3558.87,0.01,324.55
2025-07-24T06:13:30.135182,LTCUSDT,109.33,109.35,12.8,64.1
2025-07-24T06:13:30.136743,SOLUSDT,183.101,183.102,130.9,118.0
2025-07-24T06:13:30.187457,BTCUSDT,117647.7,117647.8,20.879,19.3271
2025-07-24T06:13:30.207958,XRPUSDT,3.0704,3.0705,404.0,6164.0
2025-07-24T06:13:30.225643,ETHUSDT,3558.86,3558.87,4.89,215.15
2025-07-24T06:13:30.235944,LTCUSDT,109.33,109.35,20.8,64.1
2025-07-24T06:13:30.269964,BTCUSDT,117647.7,117647.8,20.846,19.3271
2025-07-24T06:13:30.286310,SOLUSDT,183.101,183.102,141.0,0.1
2025-07-24T06:13:30.341981,ETHUSDT,3558.86,3558.87,13.03,212.35
2025-07-24T06:13:30.342024,LTCUSDT,109.34,109.35,5.6,17.0
2025-07-24T06:13:30.366831,XRPUSDT,3.0704,3.0705,10783.0,353.0
2025-07-24T06:13:30.393283,BTCUSDT,117647.7,117647.8,6.7282,15.5835
2025-07-24T06:13:30.427681,ETHUSDT,3557.76,3557.77,4.1,53.15
2025-07-24T06:13:30.437749,SOLUSDT,183.11,183.111,11.6,17.3
2025-07-24T06:13:30.439817,LTCUSDT,109.33,109.35,1.5,87.8
2025-07-24T06:13:30.494376,BTCUSDT,117647.7,117647.8,4.7827,27.7087
2025-07-24T06:13:30.505412,XRPUSDT,3.0704,3.0705,3404.0,17366.0
2025-07-24T06:13:30.532234,ETHUSDT,3557.76,3557.77,10.57,325.56
2025-07-24T06:13:30.549163,LTCUSDT,109.33,109.34,2.6,35.5
2025-07-24T06:13:30.571374,BTCUSDT,117647.7,117647.8,4.7827,28.5681
2025-07-24T06:13:30.588718,SOLUSDT,183.076,183.079,25.5,16.3
2025-07-24T06:13:30.627862,ETHUSDT,3557.76,3557.77,7.78,301.3
2025-07-24T06:13:30.660342,LTCUSDT,109.33,109.34,2.6,129.7
2025-07-24T06:13:30.660391,XRPUSDT,3.0698,3.0699,1012.0,29943.0
2025-07-24T06:13:30.672118,BTCUSDT,117647.7,117647.8,4.7855,28.5119
2025-07-24T06:13:30.744694,ETHUSDT,3557.76,3557.77,7.79,318.14
2025-07-24T06:13:30.744740,SOLUSDT,183.073,183.076,90.1,4.5
2025-07-24T06:13:30.777480,BTCUSDT,117647.7,117647.8,4.7855,28.5119
2025-07-24T06:13:30.807228,LTCUSDT,109.33,109.34,2.6,109.0
2025-07-24T06:13:30.807295,XRPUSDT,3.0698,3.0699,1137.0,31820.0
2025-07-24T06:13:30.829688,ETHUSDT,3557.26,3557.27,23.69,43.44
2025-07-24T06:13:30.885239,LTCUSDT,109.33,109.34,11.3,121.0
2025-07-24T06:13:30.887234,SOLUSDT,183.077,183.078,28.6,0.1
2025-07-24T06:13:30.956254,ETHUSDT,3557.26,3557.27,126.59,168.27
2025-07-24T06:13:30.957321,XRPUSDT,3.0698,3.0699,1202.0,33254.0
2025-07-24T06:13:30.969686,BTCUSDT,117647.7,117647.8,4.8209,28.5677
2025-07-24T06:13:31.017190,LTCUSDT,109.33,109.34,8.7,66.2
2025-07-24T06:13:31.034098,ETHUSDT,3557.26,3557.27,120.22,143.26
2025-07-24T06:13:31.037207,SOLUSDT,183.077,183.078,75.3,126.7
2025-07-24T06:13:31.075167,BTCUSDT,117647.7,117647.8,4.9236,28.5677
2025-07-24T06:13:31.113223,LTCUSDT,109.31,109.32,25.1,4.6
2025-07-24T06:13:31.113291,XRPUSDT,3.0698,3.0699,1202.0,38199.0
2025-07-24T06:13:31.129851,ETHUSDT,3557.26,3557.27,180.6,99.82
2025-07-24T06:13:31.169838,BTCUSDT,117647.7,117647.8,5.0976,28.5681
2025-07-24T06:13:31.189044,SOLUSDT,183.077,183.078,96.1,87.8
2025-07-24T06:13:31.216058,LTCUSDT,109.31,109.32,15.0,8.3
2025-07-24T06:13:31.234521,ETHUSDT,3557.26,3557.27,180.6,29.83
2025-07-24T06:13:31.259999,XRPUSDT,3.0698,3.0699,184.0,33346.0
2025-07-24T06:13:31.271313,BTCUSDT,117647.7,117647.8,4.7827,28.6003
2025-07-24T06:13:31.315280,LTCUSDT,109.3,109.32,54.4,29.0
2025-07-24T06:13:31.346540,ETHUSDT,3557.26,3557.27,82.42,23.97
2025-07-24T06:13:31.346593,SOLUSDT,183.077,183.078,106.2,14.2
2025-07-24T06:13:31.371429,BTCUSDT,117647.7,117647.8,4.7855,28.5677
2025-07-24T06:13:31.407296,XRPUSDT,3.0698,3.0699,184.0,33346.0
2025-07-24T06:13:31.424823,LTCUSDT,109.3,109.32,54.4,8.3
2025-07-24T06:13:31.434056,ETHUSDT,3557.26,3557.27,137.35,12.13
2025-07-24T06:13:31.470823,BTCUSDT,117647.7,117647.8,5.1004,28.5677
2025-07-24T06:13:31.488579,SOLUSDT,183.083,183.096,65.4,0.1
2025-07-24T06:13:31.534432,ETHUSDT,3557.26,3557.27,146.89,12.12
2025-07-24T06:13:31.535068,LTCUSDT,109.31,109.32,8.7,8.3
2025-07-24T06:13:31.555653,XRPUSDT,3.0695,3.0696,1686.0,7205.0
2025-07-24T06:13:31.572134,BTCUSDT,117647.7,117647.8,5.1004,28.2241
2025-07-24T06:13:31.650004,ETHUSDT,3557.26,3557.27,177.74,12.12
2025-07-24T06:13:31.650067,SOLUSDT,183.095,183.096,232.8,27.8
2025-07-24T06:13:31.650094,LTCUSDT,109.31,109.32,18.7,8.3
2025-07-24T06:13:31.675971,BTCUSDT,117647.7,117647.8,4.8861,28.2241
2025-07-24T06:13:31.705330,XRPUSDT,3.0695,3.0696,11.0,34343.0
2025-07-24T06:13:31.738891,ETHUSDT,3557.26,3557.27,114.54,12.72
2025-07-24T06:13:31.774548,BTCUSDT,117647.7,117647.8,5.1004,28.2241
2025-07-24T06:13:31.786626,LTCUSDT,109.29,109.32,151.9,8.3
2025-07-24T06:13:31.798608,SOLUSDT,183.095,183.096,251.5,177.0
2025-07-24T06:13:31.834916,ETHUSDT,3557.26,3557.27,149.54,12.72
2025-07-24T06:13:31.856174,XRPUSDT,3.0695,3.0696,5445.0,12267.0
2025-07-24T06:13:31.891385,LTCUSDT,109.31,109.32,2.6,8.3
2025-07-24T06:13:31.937668,SOLUSDT,183.095,183.096,228.6,128.4
2025-07-24T06:13:31.940933,ETHUSDT,3557.26,3557.27,154.22,12.72
2025-07-24T06:13:32.007022,XRPUSDT,3.0695,3.0696,5635.0,2645.0
2025-07-24T06:13:32.031392,LTCUSDT,109.31,109.32,22.5,8.3
2025-07-24T06:13:32.041745,ETHUSDT,3557.26,3557.27,151.66,12.72
2025-07-24T06:13:32.077581,BTCUSDT,117647.7,117647.8,4.7855,28.2241
2025-07-24T06:13:32.089828,SOLUSDT,183.095,183.096,228.6,138.5
2025-07-24T06:13:32.129385,LTCUSDT,109.31,109.32,19.6,8.3
2025-07-24T06:13:32.147358,ETHUSDT,3557.26,3557.27,151.66,12.72
2025-07-24T06:13:32.157435,XRPUSDT,3.0695,3.0696,196.0,14011.0
2025-07-24T06:13:32.178516,BTCUSDT,117647.7,117647.8,5.1004,28.2241
2025-07-24T06:13:32.255437,LTCUSDT,109.31,109.32,15.3,17.0
2025-07-24T06:13:32.255476,SOLUSDT,183.095,183.096,228.6,138.5
2025-07-24T06:13:32.278776,BTCUSDT,117647.7,117647.8,4.7855,28.2241
2025-07-24T06:13:32.306273,XRPUSDT,3.0695,3.0696,1045.0,34122.0
2025-07-24T06:13:32.354408,ETHUSDT,3557.26,3557.27,151.66,12.72
2025-07-24T06:13:32.383138,BTCUSDT,117647.7,117647.8,5.1004,28.2241
2025-07-24T06:13:32.390558,SOLUSDT,183.095,183.096,228.6,128.4
2025-07-24T06:13:32.436709,LTCUSDT,109.31,109.32,21.6,8.7
2025-07-24T06:13:32.449557,ETHUSDT,3557.26,3557.27,154.62,12.06
2025-07-24T06:13:32.456277,XRPUSDT,3.0695,3.0696,3074.0,5358.0
2025-07-24T06:13:32.481209,BTCUSDT,117647.7,117647.8,5.1004,25.2936
2025-07-24T06:13:32.538503,SOLUSDT,183.095,183.096,245.9,0.1
2025-07-24T06:13:32.540718,LTCUSDT,109.32,109.34,121.0,27.2
2025-07-24T06:13:32.551216,ETHUSDT,3557.49,3557.69,15.0,18.96
2025-07-24T06:13:32.581923,BTCUSDT,117647.7,117647.8,8.5806,23.3716
2025-07-24T06:13:32.607935,XRPUSDT,3.0695,3.0696,19321.0,163.0
2025-07-24T06:13:32.649257,ETHUSDT,3557.68,3557.69,112.65,78.3
2025-07-24T06:13:32.653209,LTCUSDT,109.33,109.35,15.6,177.5
2025-07-24T06:13:32.680711,BTCUSDT,117647.7,117647.8,10.5431,20.3836
2025-07-24T06:13:32.689712,SOLUSDT,183.11,183.114,40.2,16.1
2025-07-24T06:13:32.747361,ETHUSDT,3557.68,3557.69,100.64,166.41
2025-07-24T06:13:32.760915,LTCUSDT,109.34,109.35,5.6,177.5
2025-07-24T06:13:32.760989,XRPUSDT,3.0698,3.0699,25623.0,2122.0
2025-07-24T06:13:32.783020,BTCUSDT,117647.7,117647.8,8.7801,20.3787
2025-07-24T06:13:32.839292,SOLUSDT,183.13,183.131,11.2,0.3
2025-07-24T06:13:32.859073,ETHUSDT,3557.68,3557.69,97.91,166.57
2025-07-24T06:13:32.859131,LTCUSDT,109.34,109.35,24.5,8.7
2025-07-24T06:13:32.884123,BTCUSDT,117647.7,117647.8,7.5891,20.1814
2025-07-24T06:13:32.909298,XRPUSDT,3.0698,3.0699,25806.0,160.0
2025-07-24T06:13:32.954017,ETHUSDT,3557.68,3557.69,79.08,166.41
2025-07-24T06:13:32.966221,LTCUSDT,109.34,109.35,24.5,8.7
2025-07-24T06:13:32.984600,BTCUSDT,117647.7,117647.8,7.5891,20.8179
2025-07-24T06:13:32.990150,SOLUSDT,183.13,183.131,114.7,93.0
2025-07-24T06:13:33.061088,ETHUSDT,3557.68,3557.69,80.23,166.41
2025-07-24T06:13:33.061207,XRPUSDT,3.0701,3.0704,3656.0,787.0
2025-07-24T06:13:33.079216,LTCUSDT,109.34,109.35,24.5,8.7
2025-07-24T06:13:33.087464,BTCUSDT,117647.7,117647.8,7.5891,20.8129
2025-07-24T06:13:33.140109,SOLUSDT,183.135,183.136,327.7,23.8
2025-07-24T06:13:33.155614,ETHUSDT,3557.68,3557.69,79.08,166.41
2025-07-24T06:13:33.187835,LTCUSDT,109.34,109.35,24.6,8.7
2025-07-24T06:13:33.209644,XRPUSDT,3.0703,3.0704,37505.0,5906.0
2025-07-24T06:13:33.254182,ETHUSDT,3557.68,3557.69,76.27,166.41
2025-07-24T06:13:33.293567,LTCUSDT,109.34,109.35,24.6,8.7
2025-07-24T06:13:33.293607,SOLUSDT,183.135,183.136,655.7,146.1
2025-07-24T06:13:33.293640,BTCUSDT,117647.7,117647.8,6.3981,20.8129
2025-07-24T06:13:33.356554,XRPUSDT,3.0703,3.0704,42522.0,1353.0
2025-07-24T06:13:33.363132,ETHUSDT,3557.68,3557.69,77.42,166.41
2025-07-24T06:13:33.391254,LTCUSDT,109.34,109.35,24.6,8.7
2025-07-24T06:13:33.438706,SOLUSDT,183.135,183.136,655.7,147.8
2025-07-24T06:13:33.463662,ETHUSDT,3557.68,3557.69,41.03,166.41
2025-07-24T06:13:33.489299,LTCUSDT,109.34,109.35,15.6,8.7
2025-07-24T06:13:33.507269,XRPUSDT,3.0703,3.0704,35961.0,4189.0
2025-07-24T06:13:33.565025,ETHUSDT,3557.68,3557.69,25.72,225.88
2025-07-24T06:13:33.597157,SOLUSDT,183.113,183.133,93.9,1.9
2025-07-24T06:13:33.597199,BTCUSDT,117647.7,117647.8,6.3981,23.7858
2025-07-24T06:13:33.597236,LTCUSDT,109.34,109.35,8.7,23.3
2025-07-24T06:13:33.658618,XRPUSDT,3.0692,3.0699,126.0,12409.0
2025-07-24T06:13:33.664204,ETHUSDT,3557.68,3557.69,30.6,202.01
2025-07-24T06:13:33.694137,LTCUSDT,109.33,109.35,54.6,42.0
2025-07-24T06:13:33.739096,SOLUSDT,183.124,183.125,78.9,78.9
2025-07-24T06:13:33.767066,ETHUSDT,3557.68,3557.69,30.6,201.57
2025-07-24T06:13:33.799053,BTCUSDT,117647.7,117647.8,5.2071,20.8129
2025-07-24T06:13:33.799342,LTCUSDT,109.33,109.34,13.9,8.7
2025-07-24T06:13:33.806587,XRPUSDT,3.0692,3.0693,33760.0,1721.0
2025-07-24T06:13:33.882057,ETHUSDT,3557.68,3557.69,30.22,201.75
2025-07-24T06:13:33.917274,SOLUSDT,183.124,183.125,254.0,14.2
2025-07-24T06:13:33.917460,LTCUSDT,109.33,109.34,13.9,8.7
2025-07-24T06:13:33.966973,XRPUSDT,3.0692,3.0693,34589.0,2385.0
2025-07-24T06:13:33.989988,ETHUSDT,3557.68,3557.69,30.22,201.69
2025-07-24T06:13:34.024165,LTCUSDT,109.33,109.34,22.8,8.7
2025-07-24T06:13:34.041036,SOLUSDT,183.124,183.125,254.0,14.2
2025-07-24T06:13:34.072937,ETHUSDT,3557.68,3557.69,30.22,201.57
2025-07-24T06:13:34.105068,BTCUSDT,117647.7,117647.8,0.3364,20.9899
2025-07-24T06:13:34.108285,XRPUSDT,3.0692,3.0693,34582.0,1946.0
2025-07-24T06:13:34.126496,LTCUSDT,109.33,109.36,25.2,24.9
2025-07-24T06:13:34.174508,ETHUSDT,3557.68,3557.69,13.25,218.42
2025-07-24T06:13:34.190183,SOLUSDT,183.124,183.125,148.1,91.5
2025-07-24T06:13:34.195300,BTCUSDT,117647.7,117647.8,0.3364,21.2549
2025-07-24T06:13:34.239359,LTCUSDT,109.33,109.35,22.6,5.6
2025-07-24T06:13:34.256418,XRPUSDT,3.0692,3.0693,34772.0,1727.0
2025-07-24T06:13:34.277998,ETHUSDT,3557.68,3557.69,4.95,237.88
2025-07-24T06:13:34.295485,BTCUSDT,117647.7,117647.8,0.3364,24.2278
2025-07-24T06:13:34.340242,LTCUSDT,109.33,109.35,22.6,36.3
2025-07-24T06:13:34.341279,SOLUSDT,183.124,183.125,148.1,91.5
2025-07-24T06:13:34.377419,ETHUSDT,3557.68,3557.69,4.95,237.88
2025-07-24T06:13:34.401131,BTCUSDT,117644.8,117644.9,6.1274,18.8251
2025-07-24T06:13:34.407981,XRPUSDT,3.0692,3.0693,16633.0,5170.0
2025-07-24T06:13:34.441168,LTCUSDT,109.33,109.34,22.6,8.7
2025-07-24T06:13:34.482548,ETHUSDT,3557.68,3557.69,4.95,227.16
2025-07-24T06:13:34.489544,SOLUSDT,183.124,183.125,148.1,77.9
2025-07-24T06:13:34.498014,BTCUSDT,117644.8,117644.9,6.3126,37.7877
2025-07-24T06:13:34.541625,LTCUSDT,109.33,109.34,16.5,8.7
2025-07-24T06:13:34.558589,XRPUSDT,3.0692,3.0693,16640.0,190.0
2025-07-24T06:13:34.602392,ETHUSDT,3557.68,3557.69,28.45,201.57
2025-07-24T06:13:34.602433,BTCUSDT,117644.8,117644.9,5.8142,37.7977
2025-07-24T06:13:34.648183,SOLUSDT,183.125,183.134,30.0,16.1
2025-07-24T06:13:34.648235,LTCUSDT,109.33,109.34,10.0,37.7
2025-07-24T06:13:34.686846,ETHUSDT,3555.77,3555.9,0.01,1.99
2025-07-24T06:13:34.727954,BTCUSDT,117636.9,117638.0,0.0039,7.0112
2025-07-24T06:13:34.728199,XRPUSDT,3.0692,3.0693,3351.0,1303.0
2025-07-24T06:13:34.775564,LTCUSDT,109.3,109.33,3.9,10.0
2025-07-24T06:13:34.789535,ETHUSDT,3555.53,3555.54,11.69,53.83
2025-07-24T06:13:34.798622,SOLUSDT,183.097,183.125,0.3,32.8
2025-07-24T06:13:34.800262,BTCUSDT,117627.9,117632.2,0.0161,0.0448
2025-07-24T06:13:34.881410,LTCUSDT,109.3,109.31,8.3,8.3
2025-07-24T06:13:34.881457,XRPUSDT,3.0691,3.0692,9.0,8260.0
2025-07-24T06:13:34.881485,ETHUSDT,3555.53,3555.54,138.18,53.95
2025-07-24T06:13:34.903718,BTCUSDT,117627.9,117628.0,0.0161,26.4016
2025-07-24T06:13:34.941763,SOLUSDT,183.097,183.098,15.4,277.3
2025-07-24T06:13:34.969839,LTCUSDT,109.3,109.31,8.3,18.3
2025-07-24T06:13:34.979829,ETHUSDT,3555.53,3555.54,96.74,24.05
2025-07-24T06:13:34.999452,BTCUSDT,117627.9,117628.0,0.0169,40.831
2025-07-24T06:13:35.007971,XRPUSDT,3.0687,3.0688,111.0,15502.0
2025-07-24T06:13:35.080387,ETHUSDT,3555.53,3555.54,108.82,20.92
2025-07-24T06:13:35.089119,LTCUSDT,109.3,109.31,8.3,17.0
2025-07-24T06:13:35.089852,SOLUSDT,183.097,183.098,104.3,7.5
2025-07-24T06:13:35.100367,BTCUSDT,117627.9,117628.0,0.0191,40.8421
2025-07-24T06:13:35.164751,XRPUSDT,3.0685,3.0686,86.0,179.0
2025-07-24T06:13:35.181268,ETHUSDT,3555.53,3555.54,192.18,20.92
2025-07-24T06:13:35.190799,LTCUSDT,109.3,109.31,17.0,8.3
2025-07-24T06:13:35.199727,BTCUSDT,117627.9,117628.0,0.0487,40.8421
2025-07-24T06:13:35.240465,SOLUSDT,183.097,183.098,104.4,5.1
2025-07-24T06:13:35.283181,ETHUSDT,3555.53,3555.54,192.18,20.92
2025-07-24T06:13:35.292052,LTCUSDT,109.3,109.31,17.0,8.3
2025-07-24T06:13:35.300395,BTCUSDT,117627.9,117628.0,0.0373,40.8417
2025-07-24T06:13:35.308580,XRPUSDT,3.0686,3.0688,6763.0,6353.0
2025-07-24T06:13:35.384580,ETHUSDT,3555.53,3555.54,192.18,20.92
2025-07-24T06:13:35.403396,SOLUSDT,183.097,183.098,104.4,0.1
2025-07-24T06:13:35.403437,BTCUSDT,117627.9,117628.0,0.0491,40.7941
2025-07-24T06:13:35.403475,LTCUSDT,109.3,109.31,17.0,8.3
2025-07-24T06:13:35.459734,XRPUSDT,3.0686,3.0687,8365.0,1806.0
2025-07-24T06:13:35.483905,ETHUSDT,3555.53,3555.54,192.18,20.92
2025-07-24T06:13:35.497044,BTCUSDT,117627.9,117628.0,0.0491,40.4132
2025-07-24T06:13:35.540046,SOLUSDT,183.097,183.098,186.2,0.1
2025-07-24T06:13:35.584357,ETHUSDT,3555.53,3555.54,192.18,12.13
2025-07-24T06:13:35.589412,LTCUSDT,109.3,109.31,17.0,8.3
2025-07-24T06:13:35.598751,BTCUSDT,117627.9,117628.0,0.0491,39.7632
2025-07-24T06:13:35.617181,XRPUSDT,3.0686,3.0687,6976.0,2659.0
2025-07-24T06:13:35.684384,ETHUSDT,3555.53,3555.54,195.96,45.92
2025-07-24T06:13:35.690480,SOLUSDT,183.097,183.098,251.5,0.1
2025-07-24T06:13:35.699122,BTCUSDT,117627.9,117628.0,0.0491,39.0181
2025-07-24T06:13:35.731564,LTCUSDT,109.3,109.31,27.0,8.3
2025-07-24T06:13:35.759371,XRPUSDT,3.0686,3.0687,8296.0,2659.0
2025-07-24T06:13:35.797617,ETHUSDT,3555.53,3555.54,206.12,45.67
2025-07-24T06:13:35.797664,BTCUSDT,117627.9,117628.0,0.0491,39.0367
2025-07-24T06:13:35.841604,LTCUSDT,109.3,109.31,25.0,17.0
2025-07-24T06:13:35.842402,SOLUSDT,183.097,183.098,251.5,0.1
2025-07-24T06:13:35.886575,ETHUSDT,3555.53,3555.54,175.02,45.67
2025-07-24T06:13:35.909019,XRPUSDT,3.0686,3.0687,7959.0,2659.0
2025-07-24T06:13:35.959056,LTCUSDT,109.3,109.31,16.3,17.0
2025-07-24T06:13:36.019004,ETHUSDT,3555.53,3555.54,167.4,45.67
2025-07-24T06:13:36.019061,SOLUSDT,183.097,183.098,251.5,0.1
2025-07-24T06:13:36.019089,BTCUSDT,117627.9,117628.0,0.0416,39.0367
2025-07-24T06:13:36.058292,XRPUSDT,3.0686,3.0687,7959.0,2745.0
2025-07-24T06:13:36.082061,LTCUSDT,109.3,109.31,16.3,17.0
2025-07-24T06:13:36.090487,ETHUSDT,3555.53,3555.54,99.2,45.67
2025-07-24T06:13:36.100206,BTCUSDT,117627.9,117628.0,0.0416,42.5455
2025-07-24T06:13:36.142882,SOLUSDT,183.11,183.112,78.9,16.3
2025-07-24T06:13:36.191590,LTCUSDT,109.3,109.31,16.3,17.0
2025-07-24T06:13:36.196740,ETHUSDT,3555.53,3555.54,93.08,45.67
2025-07-24T06:13:36.199275,BTCUSDT,117627.9,117628.0,0.0416,42.5455
2025-07-24T06:13:36.210128,XRPUSDT,3.0684,3.0686,2346.0,1152.0
2025-07-24T06:13:36.292137,SOLUSDT,183.099,183.102,78.9,1.9
2025-07-24T06:13:36.292759,LTCUSDT,109.3,109.31,16.3,17.0
2025-07-24T06:13:36.295963,ETHUSDT,3555.53,3555.54,94.29,45.66
2025-07-24T06:13:36.331057,BTCUSDT,117627.9,117628.0,0.0386,43.047
2025-07-24T06:13:36.359259,XRPUSDT,3.0684,3.0685,6038.0,6425.0
2025-07-24T06:13:36.394660,LTCUSDT,109.3,109.31,1.8,17.0
2025-07-24T06:13:36.395338,ETHUSDT,3555.53,3555.54,73.55,45.66
2025-07-24T06:13:36.400842,BTCUSDT,117627.9,117628.0,0.0416,43.047
2025-07-24T06:13:36.450527,SOLUSDT,183.082,183.098,78.5,1.9
2025-07-24T06:13:36.495532,LTCUSDT,109.3,109.31,4.4,17.0
2025-07-24T06:13:36.499741,ETHUSDT,3555.53,3555.54,85.73,45.66
2025-07-24T06:13:36.501830,BTCUSDT,117627.9,117628.0,0.0416,43.0792
2025-07-24T06:13:36.513462,XRPUSDT,3.0684,3.0685,6260.0,2666.0
2025-07-24T06:13:36.592587,SOLUSDT,183.082,183.083,78.5,264.9
2025-07-24T06:13:36.594330,LTCUSDT,109.3,109.31,13.1,18.3
2025-07-24T06:13:36.599642,ETHUSDT,3555.53,3555.54,73.55,80.66
2025-07-24T06:13:36.599849,BTCUSDT,117627.9,117628.0,0.0416,43.0236
2025-07-24T06:13:36.661035,XRPUSDT,3.0684,3.0685,11.0,10922.0
2025-07-24T06:13:36.698252,LTCUSDT,109.3,109.31,10.5,20.9
2025-07-24T06:13:36.700620,ETHUSDT,3555.5,3555.54,0.34,219.07
2025-07-24T06:13:36.741233,SOLUSDT,183.064,183.075,0.2,1.9
2025-07-24T06:13:36.801618,LTCUSDT,109.28,109.31,2.5,44.6
2025-07-24T06:13:36.801674,BTCUSDT,117627.9,117628.0,0.0121,43.0236
2025-07-24T06:13:36.801713,ETHUSDT,3555.5,3555.51,8.48,146.33
2025-07-24T06:13:36.809069,XRPUSDT,3.0684,3.0685,11.0,78415.0
2025-07-24T06:13:36.893931,SOLUSDT,183.063,183.064,0.5,233.4
2025-07-24T06:13:36.903041,LTCUSDT,109.28,109.29,5.1,8.3
2025-07-24T06:13:36.903084,BTCUSDT,117627.9,117628.0,0.0091,43.0236
2025-07-24T06:13:36.920252,ETHUSDT,3555.5,3555.51,8.48,286.66
2025-07-24T06:13:36.961407,XRPUSDT,3.0684,3.0685,11.0,101260.0
2025-07-24T06:13:37.003835,ETHUSDT,3555.5,3555.51,6.49,286.67
2025-07-24T06:13:37.006356,LTCUSDT,109.28,109.29,7.8,18.3
2025-07-24T06:13:37.042664,SOLUSDT,183.061,183.062,0.3,230.3
2025-07-24T06:13:37.099404,BTCUSDT,117610.0,117616.5,0.0058,7.0127
2025-07-24T06:13:37.104230,ETHUSDT,3555.25,3555.26,0.09,143.18
2025-07-24T06:13:37.104354,LTCUSDT,109.27,109.29,42.7,27.0
2025-07-24T06:13:37.109733,XRPUSDT,3.0684,3.0685,36.0,101253.0
2025-07-24T06:13:37.193506,SOLUSDT,183.026,183.039,0.5,36.7
2025-07-24T06:13:37.198420,BTCUSDT,117610.0,117610.1,0.0058,26.2851
2025-07-24T06:13:37.204224,ETHUSDT,3555.25,3555.26,12.22,138.62
2025-07-24T06:13:37.207337,LTCUSDT,109.28,109.3,18.2,72.5
2025-07-24T06:13:37.262633,XRPUSDT,3.0679,3.068,2066.0,7109.0
2025-07-24T06:13:37.300511,BTCUSDT,117610.0,117610.1,0.0058,45.3627
2025-07-24T06:13:37.304479,ETHUSDT,3555.25,3555.26,50.18,93.05
2025-07-24T06:13:37.307984,LTCUSDT,109.29,109.31,5.6,10.0
2025-07-24T06:13:37.342050,SOLUSDT,183.011,183.013,239.5,1.9
2025-07-24T06:13:37.400232,BTCUSDT,117610.0,117610.1,0.0023,45.3623
2025-07-24T06:13:37.405851,ETHUSDT,3555.25,3555.26,90.19,42.37
2025-07-24T06:13:37.411949,XRPUSDT,3.0679,3.068,11480.0,131.0
2025-07-24T06:13:37.412603,LTCUSDT,109.31,109.32,4.3,21.8
2025-07-24T06:13:37.491837,SOLUSDT,183.023,183.05,21.8,24.0
2025-07-24T06:13:37.500384,BTCUSDT,117610.0,117610.1,0.0018,48.3626
2025-07-24T06:13:37.507026,ETHUSDT,3555.25,3555.26,96.18,22.41
2025-07-24T06:13:37.514909,LTCUSDT,109.29,109.32,86.6,12.6
2025-07-24T06:13:37.562315,XRPUSDT,3.0679,3.068,11473.0,137.0
2025-07-24T06:13:37.598204,BTCUSDT,117609.9,117610.0,0.0001,13.9647
2025-07-24T06:13:37.605859,ETHUSDT,3555.25,3555.26,79.94,12.41
2025-07-24T06:13:37.622627,LTCUSDT,109.29,109.31,32.6,2.6
2025-07-24T06:13:37.649517,SOLUSDT,183.041,183.042,17.3,83.1
2025-07-24T06:13:37.700209,BTCUSDT,117609.9,117610.0,0.0001,42.6872
2025-07-24T06:13:37.706267,ETHUSDT,3555.25,3555.26,39.02,12.41
2025-07-24T06:13:37.709105,XRPUSDT,3.0679,3.068,11480.0,131.0
2025-07-24T06:13:37.716240,LTCUSDT,109.29,109.3,11.0,8.3
2025-07-24T06:13:37.795491,SOLUSDT,183.041,183.044,101.3,7.6
2025-07-24T06:13:37.799561,BTCUSDT,117609.9,117610.0,0.0001,42.6872
2025-07-24T06:13:37.806481,ETHUSDT,3555.25,3555.26,39.02,12.41
2025-07-24T06:13:37.848148,LTCUSDT,109.29,109.3,11.0,17.0
2025-07-24T06:13:37.859043,XRPUSDT,3.0682,3.0684,1592.0,30865.0
2025-07-24T06:13:37.914963,BTCUSDT,117609.9,117610.0,0.0001,43.3332
2025-07-24T06:13:37.915013,ETHUSDT,3555.25,3555.26,39.02,12.41
2025-07-24T06:13:37.942073,SOLUSDT,183.043,183.044,324.5,16.0
2025-07-24T06:13:37.948514,LTCUSDT,109.29,109.3,1.0,19.6
2025-07-24T06:13:38.001626,BTCUSDT,117600.0,117600.1,0.3406,11.2955
2025-07-24T06:13:38.009045,ETHUSDT,3555.25,3555.26,35.69,12.41
2025-07-24T06:13:38.009576,XRPUSDT,3.0683,3.0684,17538.0,23818.0
2025-07-24T06:13:38.057691,LTCUSDT,109.29,109.3,9.7,86.4
2025-07-24T06:13:38.093965,SOLUSDT,183.043,183.044,337.8,20.2
2025-07-24T06:13:38.100957,BTCUSDT,117600.0,117600.1,0.0029,41.5907
2025-07-24T06:13:38.161340,XRPUSDT,3.0683,3.0684,15033.0,12664.0
2025-07-24T06:13:38.183567,LTCUSDT,109.29,109.3,8.7,86.4
2025-07-24T06:13:38.199812,BTCUSDT,117600.0,117600.1,0.0033,41.6002
2025-07-24T06:13:38.209502,ETHUSDT,3555.25,3555.26,36.9,12.41
2025-07-24T06:13:38.244681,SOLUSDT,183.043,183.044,285.7,0.1
2025-07-24T06:13:38.303945,LTCUSDT,109.28,109.3,14.5,95.1
2025-07-24T06:13:38.304067,BTCUSDT,117595.3,117595.4,1.7743,16.4024
2025-07-24T06:13:38.308924,ETHUSDT,3555.25,3555.26,22.14,9.36
2025-07-24T06:13:38.310636,XRPUSDT,3.0683,3.0684,13330.0,6525.0
2025-07-24T06:13:38.398165,LTCUSDT,109.28,109.29,14.5,10.9
2025-07-24T06:13:38.400360,BTCUSDT,117595.3,117595.4,1.2673,40.5181
2025-07-24T06:13:38.409599,ETHUSDT,3555.25,3555.26,22.14,9.36
2025-07-24T06:13:38.460845,XRPUSDT,3.0685,3.0686,631.0,24648.0
2025-07-24T06:13:38.498719,LTCUSDT,109.28,109.29,14.5,19.6
2025-07-24T06:13:38.499162,BTCUSDT,117595.3,117595.4,1.2973,40.5177
2025-07-24T06:13:38.510381,ETHUSDT,3555.25,3555.26,15.66,44.36
2025-07-24T06:13:38.543444,SOLUSDT,183.043,183.044,285.7,0.1
2025-07-24T06:13:38.599659,BTCUSDT,117595.3,117595.4,1.3003,40.8561
2025-07-24T06:13:38.610294,ETHUSDT,3555.25,3555.26,54.93,44.36
2025-07-24T06:13:38.610329,XRPUSDT,3.0686,3.0687,3308.0,9884.0
2025-07-24T06:13:38.634377,LTCUSDT,109.28,109.29,14.5,29.6
2025-07-24T06:13:38.692669,SOLUSDT,183.043,183.044,285.7,16.0
2025-07-24T06:13:38.700827,BTCUSDT,117595.3,117595.4,1.2973,40.8561
2025-07-24T06:13:38.711531,ETHUSDT,3555.25,3555.26,54.93,9.36
2025-07-24T06:13:38.740291,LTCUSDT,109.28,109.29,14.5,29.6
2025-07-24T06:13:38.761267,XRPUSDT,3.0686,3.0687,10185.0,2099.0
2025-07-24T06:13:38.802230,BTCUSDT,117595.3,117595.4,1.2386,40.8561
2025-07-24T06:13:38.811798,ETHUSDT,3555.25,3555.26,54.93,15.5
2025-07-24T06:13:38.844013,SOLUSDT,183.043,183.044,285.7,69.2
2025-07-24T06:13:38.907386,BTCUSDT,117595.3,117595.4,1.2386,40.8561
2025-07-24T06:13:38.913650,XRPUSDT,3.0686,3.0687,10375.0,2099.0
2025-07-24T06:13:38.915646,ETHUSDT,3555.25,3555.26,54.93,7.36
2025-07-24T06:13:38.965756,LTCUSDT,109.28,109.29,14.5,17.0
2025-07-24T06:13:39.007389,SOLUSDT,183.043,183.044,261.6,15.9
2025-07-24T06:13:39.007607,BTCUSDT,117595.3,117595.4,1.2386,40.6589
2025-07-24T06:13:39.014809,ETHUSDT,3555.5,3555.67,5.0,0.03
2025-07-24T06:13:39.067839,LTCUSDT,109.3,109.31,173.5,54.8
2025-07-24T06:13:39.067927,XRPUSDT,3.0692,3.0693,1972.0,357.0
2025-07-24T06:13:39.102373,BTCUSDT,117595.3,117595.4,1.2386,38.3956
2025-07-24T06:13:39.114297,ETHUSDT,3555.81,3556.11,13.97,0.03
2025-07-24T06:13:39.143068,SOLUSDT,183.087,183.092,34.8,0.5
2025-07-24T06:13:39.171491,LTCUSDT,109.3,109.32,20.3,0.9
2025-07-24T06:13:39.203004,BTCUSDT,117595.3,117595.4,2.1492,36.9513
2025-07-24T06:13:39.211925,XRPUSDT,3.0698,3.0699,1592.0,9.0
2025-07-24T06:13:39.228642,ETHUSDT,3556.25,3556.46,1.17,37.88
2025-07-24T06:13:39.270768,LTCUSDT,109.32,109.35,0.9,255.0
2025-07-24T06:13:39.294435,SOLUSDT,183.1,183.105,34.8,309.3
2025-07-24T06:13:39.299903,BTCUSDT,117595.3,117595.4,9.6986,30.1551
2025-07-24T06:13:39.315416,ETHUSDT,3556.45,3556.46,148.79,94.61
2025-07-24T06:13:39.364973,XRPUSDT,3.07,3.0701,69415.0,11.0
2025-07-24T06:13:39.367745,LTCUSDT,109.33,109.35,2.7,255.0
2025-07-24T06:13:39.401157,BTCUSDT,117595.3,117595.4,9.6986,25.1007
2025-07-24T06:13:39.421693,ETHUSDT,3556.45,3556.46,53.76,108.77
2025-07-24T06:13:39.444623,SOLUSDT,183.09,183.095,7.5,29.0
2025-07-24T06:13:39.470267,LTCUSDT,109.34,109.35,2.9,10.0
2025-07-24T06:13:39.500531,BTCUSDT,117595.3,117595.4,9.5014,31.8753
2025-07-24T06:13:39.525840,XRPUSDT,3.0704,3.0705,2352.0,16.0
2025-07-24T06:13:39.525912,ETHUSDT,3556.45,3556.46,14.45,247.29
2025-07-24T06:13:39.570067,LTCUSDT,109.32,109.35,11.7,12.6
2025-07-24T06:13:39.593449,SOLUSDT,183.074,183.086,78.9,34.8
2025-07-24T06:13:39.603135,BTCUSDT,117595.3,117595.4,9.0881,28.4999
2025-07-24T06:13:39.615841,ETHUSDT,3555.54,3556.1,0.06,13.72
2025-07-24T06:13:39.661767,XRPUSDT,3.0701,3.0704,144.0,4434.0
2025-07-24T06:13:39.684431,LTCUSDT,109.32,109.34,12.6,2.6
2025-07-24T06:13:39.703075,BTCUSDT,117595.3,117595.4,5.5407,34.8496
2025-07-24T06:13:39.716475,ETHUSDT,3555.54,3555.55,37.39,35.07
2025-07-24T06:13:39.744449,SOLUSDT,183.074,183.075,78.9,355.4
2025-07-24T06:13:39.783983,LTCUSDT,109.32,109.34,12.6,33.3
2025-07-24T06:13:39.803394,BTCUSDT,117595.3,117595.4,12.7432,34.8496
2025-07-24T06:13:39.821167,XRPUSDT,3.0693,3.0698,8519.0,8300.0
2025-07-24T06:13:39.821216,ETHUSDT,3555.54,3555.55,135.23,37.82
2025-07-24T06:13:39.892945,SOLUSDT,183.074,183.075,152.5,283.2
2025-07-24T06:13:39.904817,LTCUSDT,109.32,109.33,12.6,8.7
2025-07-24T06:13:39.905058,BTCUSDT,117595.3,117595.4,13.2107,34.8496
2025-07-24T06:13:39.917425,ETHUSDT,3555.54,3555.55,100.89,45.96
2025-07-24T06:13:39.969253,XRPUSDT,3.0694,3.0696,3059.0,10593.0
2025-07-24T06:13:40.005898,LTCUSDT,109.32,109.33,12.6,8.7
2025-07-24T06:13:40.006384,BTCUSDT,117595.3,117595.4,16.6097,31.5165
2025-07-24T06:13:40.019892,ETHUSDT,3555.54,3555.55,136.19,58.05
2025-07-24T06:13:40.043785,SOLUSDT,183.074,183.075,152.6,283.1
2025-07-24T06:13:40.106665,BTCUSDT,117595.3,117595.4,16.6097,28.4763
2025-07-24T06:13:40.110139,XRPUSDT,3.0694,3.0695,8281.0,4792.0
2025-07-24T06:13:40.128939,ETHUSDT,3555.54,3555.55,136.19,55.34
2025-07-24T06:13:40.142613,LTCUSDT,109.32,109.33,12.6,8.7
2025-07-24T06:13:40.195046,SOLUSDT,183.074,183.075,79.0,255.5
2025-07-24T06:13:40.209005,BTCUSDT,117595.3,117595.4,13.1511,28.4763
2025-07-24T06:13:40.227147,ETHUSDT,3555.54,3555.55,68.57,58.52
2025-07-24T06:13:40.255226,LTCUSDT,109.32,109.33,12.6,8.7
2025-07-24T06:13:40.262436,XRPUSDT,3.0694,3.0695,8337.0,4792.0
2025-07-24T06:13:40.328531,BTCUSDT,117595.3,117595.4,12.9786,28.4763
2025-07-24T06:13:40.328579,ETHUSDT,3555.54,3555.55,89.38,58.54
2025-07-24T06:13:40.358463,SOLUSDT,183.074,183.075,79.0,255.5
2025-07-24T06:13:40.358500,LTCUSDT,109.32,109.33,12.6,8.7
2025-07-24T06:13:40.410897,BTCUSDT,117595.3,117595.4,12.9786,31.4505
2025-07-24T06:13:40.412861,XRPUSDT,3.0694,3.0695,9200.0,4114.0
2025-07-24T06:13:40.426179,ETHUSDT,3555.54,3555.55,89.38,55.63
2025-07-24T06:13:40.462160,LTCUSDT,109.32,109.33,12.6,8.7
2025-07-24T06:13:40.494429,SOLUSDT,183.074,183.075,202.4,109.1
2025-07-24T06:13:40.514229,BTCUSDT,117595.3,117595.4,16.4373,28.4763
2025-07-24T06:13:40.528136,ETHUSDT,3555.72,3555.94,0.18,30.62
2025-07-24T06:13:40.563205,XRPUSDT,3.0695,3.0696,9451.0,81.0
2025-07-24T06:13:40.586029,LTCUSDT,109.32,109.33,12.6,8.7
2025-07-24T06:13:40.618624,BTCUSDT,117595.3,117595.4,13.0382,31.8754
2025-07-24T06:13:40.630823,ETHUSDT,3556.07,3556.08,10.0,17.32
2025-07-24T06:13:40.644073,SOLUSDT,183.075,183.093,174.1,13.6
2025-07-24T06:13:40.679406,LTCUSDT,109.33,109.36,8.7,44.0
2025-07-24T06:13:40.712707,XRPUSDT,3.0702,3.0705,28464.0,16.0
2025-07-24T06:13:40.713797,BTCUSDT,117595.3,117595.4,21.8859,28.4763
2025-07-24T06:13:40.728452,ETHUSDT,3556.12,3556.46,5.0,18.24
2025-07-24T06:13:40.770138,LTCUSDT,109.35,109.37,5.6,231.4
2025-07-24T06:13:40.798889,SOLUSDT,183.099,183.1,492.7,0.1
2025-07-24T06:13:40.842542,ETHUSDT,3556.56,3556.6,5.0,16.16
2025-07-24T06:13:40.842572,BTCUSDT,117595.3,117595.4,24.4714,28.4167
2025-07-24T06:13:40.864883,XRPUSDT,3.0705,3.0706,15147.0,145.0
2025-07-24T06:13:40.885449,LTCUSDT,109.36,109.38,2.7,238.9
2025-07-24T06:13:40.918206,BTCUSDT,117595.3,117595.4,24.4714,27.3539
2025-07-24T06:13:40.931979,ETHUSDT,3556.59,3556.6,171.26,68.06
2025-07-24T06:13:40.944458,SOLUSDT,183.099,183.1,642.6,0.1
2025-07-24T06:13:40.999835,LTCUSDT,109.37,109.38,2.9,196.9
2025-07-24T06:13:41.011924,XRPUSDT,3.0711,3.0712,3200.0,12919.0
2025-07-24T06:13:41.029661,BTCUSDT,117595.3,117595.4,24.2742,28.4169
2025-07-24T06:13:41.031774,ETHUSDT,3556.59,3556.6,107.59,91.5
2025-07-24T06:13:41.095571,SOLUSDT,183.125,183.126,78.9,95.7
2025-07-24T06:13:41.104471,LTCUSDT,109.36,109.38,53.3,19.5
2025-07-24T06:13:41.121189,BTCUSDT,117595.3,117595.4,24.2742,28.4111
2025-07-24T06:13:41.136886,ETHUSDT,3556.59,3556.6,98.34,91.5
2025-07-24T06:13:41.162617,XRPUSDT,3.0711,3.0712,4172.0,3362.0
2025-07-24T06:13:41.209216,LTCUSDT,109.36,109.37,21.6,8.7
2025-07-24T06:13:41.237229,ETHUSDT,3556.59,3556.6,100.12,70.91
2025-07-24T06:13:41.247060,SOLUSDT,183.125,183.126,152.8,121.3
2025-07-24T06:13:41.311289,XRPUSDT,3.0711,3.0712,7761.0,1046.0
2025-07-24T06:13:41.321297,BTCUSDT,117595.3,117595.4,24.2742,28.4111
2025-07-24T06:13:41.335011,LTCUSDT,109.36,109.37,21.6,8.7
2025-07-24T06:13:41.340106,ETHUSDT,3556.59,3556.6,104.85,70.91
2025-07-24T06:13:41.394662,SOLUSDT,183.125,183.126,163.1,121.3
2025-07-24T06:13:41.422111,BTCUSDT,117595.3,117595.4,24.2742,28.4111
2025-07-24T06:13:41.434047,LTCUSDT,109.36,109.37,21.6,8.7
2025-07-24T06:13:41.450346,ETHUSDT,3556.59,3556.6,88.62,71.67
2025-07-24T06:13:41.461322,XRPUSDT,3.0711,3.0712,7761.0,1236.0
2025-07-24T06:13:41.520940,BTCUSDT,117595.3,117595.4,24.2742,23.949
2025-07-24T06:13:41.535266,LTCUSDT,109.4,109.42,75.8,2.1
2025-07-24T06:13:41.536778,ETHUSDT,3556.64,3557.02,13.97,29.27
2025-07-24T06:13:41.545729,SOLUSDT,183.126,183.127,20.0,69.9
2025-07-24T06:13:41.613890,XRPUSDT,3.0715,3.0718,3057.0,32.0
2025-07-24T06:13:41.633325,BTCUSDT,117595.3,117595.4,27.6733,21.4727
2025-07-24T06:13:41.641097,LTCUSDT,109.41,109.42,2.9,201.1
2025-07-24T06:13:41.661215,ETHUSDT,3557.01,3557.02,165.08,41.39
2025-07-24T06:13:41.696112,SOLUSDT,183.128,183.142,11.6,0.1
2025-07-24T06:13:41.721723,BTCUSDT,117595.3,117595.4,33.1779,14.8127
2025-07-24T06:13:41.744549,ETHUSDT,3557.01,3557.02,116.25,8.14
2025-07-24T06:13:41.749293,LTCUSDT,109.41,109.42,5.5,29.7
2025-07-24T06:13:41.763478,XRPUSDT,3.0718,3.0722,2212.0,23885.0
2025-07-24T06:13:41.824120,BTCUSDT,117595.3,117595.4,33.1779,10.2881
2025-07-24T06:13:41.844001,ETHUSDT,3557.05,3557.06,111.13,12.16
2025-07-24T06:13:41.844639,LTCUSDT,109.41,109.42,14.5,8.7
2025-07-24T06:13:41.846155,SOLUSDT,183.141,183.142,646.9,0.1
2025-07-24T06:13:41.916946,XRPUSDT,3.0722,3.0728,64605.0,21569.0
2025-07-24T06:13:41.923331,BTCUSDT,117595.3,117595.4,33.1804,11.7166
2025-07-24T06:13:41.942717,ETHUSDT,3557.29,3557.4,10.0,0.03
2025-07-24T06:13:41.958990,LTCUSDT,109.41,109.42,17.2,8.7
2025-07-24T06:13:41.994655,SOLUSDT,183.141,183.142,1251.3,0.1
2025-07-24T06:13:42.023934,BTCUSDT,117595.3,117595.4,39.554,9.5823
2025-07-24T06:13:42.042369,ETHUSDT,3557.4,3557.41,66.11,1.16
2025-07-24T06:13:42.057836,LTCUSDT,109.41,109.42,19.7,8.7
2025-07-24T06:13:42.063769,XRPUSDT,3.0727,3.0728,27918.0,1864.0
2025-07-24T06:13:42.124055,BTCUSDT,117595.3,117595.4,39.7869,0.0952
2025-07-24T06:13:42.142172,ETHUSDT,3557.4,3557.41,250.38,1.16
2025-07-24T06:13:42.147586,SOLUSDT,183.165,183.166,400.9,0.1
2025-07-24T06:13:42.158484,LTCUSDT,109.41,109.42,19.7,8.7
2025-07-24T06:13:42.213819,XRPUSDT,3.0727,3.0728,10483.0,1801.0
2025-07-24T06:13:42.233643,BTCUSDT,117595.3,117595.4,39.7984,1.1487
2025-07-24T06:13:42.244348,ETHUSDT,3557.4,3557.41,252.02,1.16
2025-07-24T06:13:42.275590,LTCUSDT,109.41,109.42,19.7,8.7
2025-07-24T06:13:42.296169,SOLUSDT,183.165,183.166,413.2,0.1
2025-07-24T06:13:42.331364,BTCUSDT,117595.3,117595.4,40.8618,0.5405
2025-07-24T06:13:42.346110,ETHUSDT,3557.4,3557.41,128.26,88.06
2025-07-24T06:13:42.369003,XRPUSDT,3.0725,3.0727,6353.0,2016.0
2025-07-24T06:13:42.386595,LTCUSDT,109.41,109.42,19.7,8.7
2025-07-24T06:13:42.430717,BTCUSDT,117595.3,117595.4,40.8614,0.5421
2025-07-24T06:13:42.452731,ETHUSDT,3557.4,3557.41,132.5,34.99
2025-07-24T06:13:42.452803,SOLUSDT,183.165,183.166,170.3,278.7
2025-07-24T06:13:42.490205,LTCUSDT,109.41,109.42,19.7,8.7
2025-07-24T06:13:42.515750,XRPUSDT,3.0725,3.0726,13432.0,2893.0
2025-07-24T06:13:42.528288,BTCUSDT,117595.3,117595.4,40.8614,0.0869
2025-07-24T06:13:42.544565,ETHUSDT,3557.4,3557.41,214.73,1.16
2025-07-24T06:13:42.596763,SOLUSDT,183.165,183.166,258.3,19.7
2025-07-24T06:13:42.600486,LTCUSDT,109.42,109.45,8.7,246.2
2025-07-24T06:13:42.631269,BTCUSDT,117595.3,117595.4,40.8614,0.0869
2025-07-24T06:13:42.652375,ETHUSDT,3557.4,3557.41,148.83,1.16
2025-07-24T06:13:42.663720,XRPUSDT,3.0726,3.0729,4369.0,787.0
2025-07-24T06:13:42.706131,LTCUSDT,109.43,109.45,2.7,274.6
2025-07-24T06:13:42.731571,BTCUSDT,117595.3,117595.4,41.2027,0.0869
2025-07-24T06:13:42.744111,ETHUSDT,3557.4,3557.41,178.56,1.2
2025-07-24T06:13:42.745593,SOLUSDT,183.165,183.166,258.6,65.8
2025-07-24T06:13:42.809780,LTCUSDT,109.44,109.46,2.9,262.2
2025-07-24T06:13:42.813597,XRPUSDT,3.0727,3.0728,11830.0,1864.0
2025-07-24T06:13:42.843794,ETHUSDT,3557.62,3557.63,76.49,96.37
2025-07-24T06:13:42.900460,SOLUSDT,183.165,183.166,258.6,73.8
2025-07-24T06:13:42.919161,LTCUSDT,109.45,109.46,5.6,254.8
2025-07-24T06:13:42.930901,BTCUSDT,117595.3,117595.4,41.2023,0.0853
2025-07-24T06:13:42.945753,ETHUSDT,3557.62,3557.63,125.42,102.9
2025-07-24T06:13:42.969731,XRPUSDT,3.0727,3.0728,12471.0,5823.0
2025-07-24T06:13:43.022230,LTCUSDT,109.46,109.47,4.0,198.4
2025-07-24T06:13:43.047451,BTCUSDT,117595.3,117595.4,41.2027,0.0869
2025-07-24T06:13:43.047500,ETHUSDT,3557.62,3557.63,20.34,251.37
2025-07-24T06:13:43.047526,SOLUSDT,183.165,183.166,204.4,87.1
2025-07-24T06:13:43.114416,XRPUSDT,3.0727,3.0728,12471.0,2060.0
2025-07-24T06:13:43.131591,BTCUSDT,117595.3,117595.4,41.2099,0.0869
2025-07-24T06:13:43.135028,LTCUSDT,109.46,109.47,2.9,198.4
2025-07-24T06:13:43.146690,ETHUSDT,3557.62,3557.63,12.1,251.37
2025-07-24T06:13:43.194753,SOLUSDT,183.165,183.166,214.7,89.7
2025-07-24T06:13:43.233306,BTCUSDT,117595.3,117595.4,41.2099,0.5024
2025-07-24T06:13:43.249186,ETHUSDT,3557.62,3557.63,12.1,251.37
2025-07-24T06:13:43.260826,LTCUSDT,109.46,109.47,8.2,207.1
2025-07-24T06:13:43.264342,XRPUSDT,3.0727,3.0728,12494.0,2146.0
2025-07-24T06:13:43.331247,BTCUSDT,117595.3,117595.4,41.2099,0.0869
2025-07-24T06:13:43.347924,SOLUSDT,183.165,183.166,296.5,0.2
2025-07-24T06:13:43.349239,ETHUSDT,3557.62,3557.63,12.1,234.52
2025-07-24T06:13:43.369426,LTCUSDT,109.46,109.47,8.2,188.2
2025-07-24T06:13:43.413306,XRPUSDT,3.0727,3.0728,12494.0,2060.0
2025-07-24T06:13:43.433984,BTCUSDT,117603.4,117603.8,0.4238,0.5755
2025-07-24T06:13:43.449491,ETHUSDT,3557.65,3557.69,13.97,1.0
2025-07-24T06:13:43.470283,LTCUSDT,109.47,109.48,55.6,13.3
2025-07-24T06:13:43.498128,SOLUSDT,183.182,183.185,69.0,5.0
2025-07-24T06:13:43.533310,BTCUSDT,117604.0,117604.2,0.4887,0.6006
2025-07-24T06:13:43.550994,ETHUSDT,3557.68,3557.69,119.2,51.09
2025-07-24T06:13:43.562770,XRPUSDT,3.0733,3.0734,17002.0,2088.0
2025-07-24T06:13:43.574050,LTCUSDT,109.47,109.48,10.0,8.7
2025-07-24T06:13:43.636070,BTCUSDT,117604.5,117606.1,3.0932,0.6006
2025-07-24T06:13:43.647886,SOLUSDT,183.184,183.185,767.2,5.0
2025-07-24T06:13:43.649034,ETHUSDT,3557.68,3557.69,108.2,51.1
2025-07-24T06:13:43.683090,LTCUSDT,109.47,109.48,12.6,8.7
2025-07-24T06:13:43.713142,XRPUSDT,3.0733,3.0734,17278.0,1853.0
2025-07-24T06:13:43.733406,BTCUSDT,117606.0,117606.1,31.1255,0.4341
2025-07-24T06:13:43.750942,ETHUSDT,3557.68,3557.69,112.27,1.0
2025-07-24T06:13:43.789281,LTCUSDT,109.47,109.48,12.6,8.7
2025-07-24T06:13:43.797958,SOLUSDT,183.219,183.22,157.7,16.4
2025-07-24T06:13:43.847432,BTCUSDT,117606.1,117606.7,4.3839,0.6034
2025-07-24T06:13:43.866083,ETHUSDT,3557.95,3558.11,9.92,58.2
2025-07-24T06:13:43.866154,XRPUSDT,3.0734,3.0735,15897.0,4333.0
2025-07-24T06:13:43.924217,LTCUSDT,109.47,109.48,12.6,8.7
2025-07-24T06:13:43.934691,BTCUSDT,117608.7,117609.6,0.4238,0.6043
2025-07-24T06:13:43.959381,SOLUSDT,183.234,183.261,319.5,251.9
2025-07-24T06:13:43.959424,ETHUSDT,3558.1,3558.11,178.61,50.09
2025-07-24T06:13:44.032795,LTCUSDT,109.47,109.5,12.6,190.7
2025-07-24T06:13:44.032857,XRPUSDT,3.0735,3.0736,45587.0,8.0
2025-07-24T06:13:44.035658,BTCUSDT,117611.7,117611.8,14.1429,0.5431
2025-07-24T06:13:44.053923,ETHUSDT,3558.45,3558.6,5.0,25.89
2025-07-24T06:13:44.098633,SOLUSDT,183.26,183.261,149.6,149.3
2025-07-24T06:13:44.110469,LTCUSDT,109.49,109.5,5.6,177.4
2025-07-24T06:13:44.134114,BTCUSDT,117614.8,117614.9,1.9068,0.575
2025-07-24T06:13:44.154593,ETHUSDT,3558.59,3558.6,119.02,50.06
2025-07-24T06:13:44.164794,XRPUSDT,3.0739,3.0742,27710.0,819.0
2025-07-24T06:13:44.213478,LTCUSDT,109.51,109.52,4.0,63.1
2025-07-24T06:13:44.238344,BTCUSDT,117619.9,117623.4,0.68,3.186
2025-07-24T06:13:44.247771,SOLUSDT,183.271,183.275,403.2,15.7
2025-07-24T06:13:44.254110,ETHUSDT,3558.78,3558.79,0.18,13.85
2025-07-24T06:13:44.326295,LTCUSDT,109.51,109.52,9.5,3.3
2025-07-24T06:13:44.326424,XRPUSDT,3.0741,3.0742,32043.0,149.0
2025-07-24T06:13:44.356645,BTCUSDT,117623.5,117624.1,0.8939,1.1308
2025-07-24T06:13:44.359222,ETHUSDT,3558.78,3558.79,43.41,70.26
2025-07-24T06:13:44.398754,SOLUSDT,183.284,183.285,19.2,0.1
2025-07-24T06:13:44.410438,LTCUSDT,109.51,109.53,15.8,460.4
2025-07-24T06:13:44.439932,BTCUSDT,117624.0,117624.1,34.404,1.0223
2025-07-24T06:13:44.456017,ETHUSDT,3558.78,3558.79,79.17,48.19
2025-07-24T06:13:44.464111,XRPUSDT,3.0742,3.0743,10673.0,1.0
2025-07-24T06:13:44.527666,LTCUSDT,109.52,109.53,2.9,470.4
2025-07-24T06:13:44.552964,BTCUSDT,117624.0,117624.1,44.5082,0.4314
2025-07-24T06:13:44.553014,SOLUSDT,183.284,183.285,19.5,105.5
2025-07-24T06:13:44.576373,ETHUSDT,3558.78,3558.79,58.99,50.92
2025-07-24T06:13:44.617225,XRPUSDT,3.0742,3.0743,7228.0,7875.0
2025-07-24T06:13:44.625465,LTCUSDT,109.52,109.53,2.9,208.3
2025-07-24T06:13:44.639139,BTCUSDT,117624.0,117624.1,44.5108,0.6046
2025-07-24T06:13:44.659996,ETHUSDT,3558.78,3558.79,60.2,51.07
2025-07-24T06:13:44.696032,SOLUSDT,183.284,183.285,2.1,105.5
2025-07-24T06:13:44.744917,BTCUSDT,117624.0,117624.1,44.519,0.604
2025-07-24T06:13:44.751654,LTCUSDT,109.51,109.53,138.4,208.3
2025-07-24T06:13:44.760044,ETHUSDT,3558.78,3558.79,64.99,51.07
2025-07-24T06:13:44.778640,XRPUSDT,3.0742,3.0743,7439.0,8822.0
2025-07-24T06:13:44.841442,BTCUSDT,117624.0,117624.1,44.519,0.6021
2025-07-24T06:13:44.848368,SOLUSDT,183.284,183.285,53.8,89.8
2025-07-24T06:13:44.854350,LTCUSDT,109.51,109.52,19.5,8.7
2025-07-24T06:13:44.860241,ETHUSDT,3558.78,3558.79,63.83,54.66
2025-07-24T06:13:44.913819,XRPUSDT,3.0742,3.0743,7249.0,8822.0
2025-07-24T06:13:44.939266,BTCUSDT,117624.0,117624.1,44.519,0.871
2025-07-24T06:13:44.955597,LTCUSDT,109.51,109.52,19.5,8.7
2025-07-24T06:13:44.960643,ETHUSDT,3558.78,3558.79,66.06,51.07
2025-07-24T06:13:45.011122,SOLUSDT,183.284,183.285,160.0,77.4
2025-07-24T06:13:45.041020,BTCUSDT,117624.0,117624.1,44.519,0.6042
2025-07-24T06:13:45.059698,ETHUSDT,3558.78,3558.79,75.06,48.18
2025-07-24T06:13:45.060024,LTCUSDT,109.53,109.55,107.8,308.5
2025-07-24T06:13:45.064067,XRPUSDT,3.0742,3.0743,8324.0,5591.0
2025-07-24T06:13:45.140642,BTCUSDT,117624.0,117624.1,44.5108,0.6032
2025-07-24T06:13:45.149528,SOLUSDT,183.284,183.285,152.8,0.3
2025-07-24T06:13:45.164391,ETHUSDT,3558.78,3558.79,77.18,48.15
2025-07-24T06:13:45.164493,LTCUSDT,109.54,109.55,5.6,27.2
2025-07-24T06:13:45.221960,XRPUSDT,3.0742,3.0743,7485.0,6036.0
2025-07-24T06:13:45.247705,BTCUSDT,117624.0,117624.1,44.5272,0.3262
2025-07-24T06:13:45.278637,ETHUSDT,3558.9,3558.91,15.18,7.14
2025-07-24T06:13:45.278688,LTCUSDT,109.54,109.56,14.5,54.7
2025-07-24T06:13:45.297234,SOLUSDT,183.299,183.3,90.8,33.0
2025-07-24T06:13:45.356739,BTCUSDT,117624.0,117624.1,44.519,0.6028
2025-07-24T06:13:45.383118,ETHUSDT,3559.12,3559.13,33.32,98.98
2025-07-24T06:13:45.383154,LTCUSDT,109.55,109.56,5.6,177.3
2025-07-24T06:13:45.383178,XRPUSDT,3.0743,3.0745,35654.0,6353.0
2025-07-24T06:13:45.442635,BTCUSDT,117624.0,117624.1,44.519,0.6002
2025-07-24T06:13:45.448632,SOLUSDT,183.299,183.3,297.9,36.6
2025-07-24T06:13:45.465372,LTCUSDT,109.55,109.56,8.2,186.0
2025-07-24T06:13:45.467465,ETHUSDT,3559.12,3559.13,71.9,84.01
2025-07-24T06:13:45.524994,XRPUSDT,3.0744,3.0745,20660.0,5820.0
2025-07-24T06:13:45.545055,BTCUSDT,117624.0,117624.1,44.5214,0.0001
2025-07-24T06:13:45.564246,LTCUSDT,109.55,109.56,8.2,196.0
2025-07-24T06:13:45.565781,ETHUSDT,3559.12,3559.13,92.95,87.4
2025-07-24T06:13:45.597555,SOLUSDT,183.299,183.3,293.0,36.6
2025-07-24T06:13:45.647838,BTCUSDT,117624.1,117624.2,8.0875,0.0001
2025-07-24T06:13:45.664423,LTCUSDT,109.55,109.56,5.6,196.0
2025-07-24T06:13:45.665166,XRPUSDT,3.0744,3.0745,16398.0,5845.0
2025-07-24T06:13:45.673919,ETHUSDT,3559.12,3559.13,71.23,87.4
2025-07-24T06:13:45.746549,BTCUSDT,117624.1,117624.2,44.7003,0.0017
2025-07-24T06:13:45.747515,SOLUSDT,183.299,183.3,293.0,36.6
2025-07-24T06:13:45.771016,LTCUSDT,109.52,109.56,119.2,18.7
2025-07-24T06:13:45.782465,ETHUSDT,3559.12,3559.13,62.76,2.72
2025-07-24T06:13:45.836578,XRPUSDT,3.0745,3.0746,12767.0,12.0
2025-07-24T06:13:45.847111,BTCUSDT,117624.1,117624.2,44.488,0.1785
2025-07-24T06:13:45.875951,ETHUSDT,3559.12,3559.13,42.45,170.01
2025-07-24T06:13:45.897406,SOLUSDT,183.299,183.3,264.2,33.0
2025-07-24T06:13:45.912277,LTCUSDT,109.53,109.55,2.6,32.8
2025-07-24T06:13:45.950496,BTCUSDT,117624.1,117624.2,44.7003,0.0017
2025-07-24T06:13:45.965774,XRPUSDT,3.0745,3.0746,22921.0,2588.0
2025-07-24T06:13:45.975666,ETHUSDT,3559.12,3559.13,22.25,95.95
2025-07-24T06:13:46.013914,LTCUSDT,109.53,109.54,2.6,27.0
2025-07-24T06:13:46.048458,SOLUSDT,183.299,183.3,281.5,33.0
2025-07-24T06:13:46.049005,BTCUSDT,117624.1,117624.2,37.2523,0.0017
2025-07-24T06:13:46.081185,ETHUSDT,3559.12,3559.13,30.18,51.86
2025-07-24T06:13:46.138476,XRPUSDT,3.0745,3.0746,22927.0,147.0
2025-07-24T06:13:46.138534,LTCUSDT,109.54,109.55,11.1,81.8
2025-07-24T06:13:46.163627,BTCUSDT,117624.1,117624.2,37.2523,0.0017
2025-07-24T06:13:46.183607,ETHUSDT,3559.12,3559.13,87.07,54.06
2025-07-24T06:13:46.199557,SOLUSDT,183.299,183.3,281.5,33.0
2025-07-24T06:13:46.269083,XRPUSDT,3.0745,3.0746,22927.0,147.0
2025-07-24T06:13:46.269142,LTCUSDT,109.54,109.55,12.6,37.2
2025-07-24T06:13:46.283320,ETHUSDT,3559.12,3559.13,108.12,56.85
2025-07-24T06:13:46.351379,SOLUSDT,183.299,183.3,281.5,33.0
2025-07-24T06:13:46.395581,LTCUSDT,109.54,109.55,21.3,27.2
2025-07-24T06:13:46.395639,ETHUSDT,3559.12,3559.13,27.04,120.98
2025-07-24T06:13:46.416162,XRPUSDT,3.0745,3.0746,11134.0,11318.0
2025-07-24T06:13:46.449008,BTCUSDT,117624.1,117624.2,27.8709,0.4569
2025-07-24T06:13:46.484627,ETHUSDT,3559.12,3559.13,20.24,165.39
2025-07-24T06:13:46.497860,SOLUSDT,183.299,183.3,128.8,109.8
2025-07-24T06:13:46.510849,LTCUSDT,109.54,109.55,21.3,37.2
2025-07-24T06:13:46.550481,BTCUSDT,117624.1,117624.2,27.8709,0.4569
2025-07-24T06:13:46.598105,ETHUSDT,3559.12,3559.13,20.24,176.27
2025-07-24T06:13:46.598413,XRPUSDT,3.0742,3.0744,873.0,223.0
2025-07-24T06:13:46.619602,LTCUSDT,109.54,109.55,12.6,35.9
2025-07-24T06:13:46.657041,BTCUSDT,117624.1,117624.2,27.5311,0.4569
2025-07-24T06:13:46.657091,SOLUSDT,183.299,183.3,128.8,109.8
2025-07-24T06:13:46.691206,ETHUSDT,3559.12,3559.13,25.92,155.98
2025-07-24T06:13:46.716322,LTCUSDT,109.54,109.56,21.0,54.5
2025-07-24T06:13:46.718061,XRPUSDT,3.0743,3.0744,14927.0,5912.0
2025-07-24T06:13:46.753629,BTCUSDT,117624.1,117624.2,27.5346,0.4504
2025-07-24T06:13:46.794678,ETHUSDT,3559.12,3559.13,34.26,155.98
2025-07-24T06:13:46.800978,SOLUSDT,183.299,183.3,138.8,32.7
2025-07-24T06:13:46.825066,LTCUSDT,109.55,109.57,5.6,213.5
2025-07-24T06:13:46.851441,BTCUSDT,117624.1,117624.2,27.5346,0.4504
2025-07-24T06:13:46.867164,XRPUSDT,3.0743,3.0744,16146.0,4807.0
2025-07-24T06:13:46.891288,ETHUSDT,3559.12,3559.13,25.92,155.98
2025-07-24T06:13:46.940808,LTCUSDT,109.56,109.58,5.6,200.6
2025-07-24T06:13:46.948919,SOLUSDT,183.299,183.3,138.8,36.2
2025-07-24T06:13:46.992625,ETHUSDT,3559.12,3559.13,25.92,155.98
2025-07-24T06:13:47.015335,XRPUSDT,3.0743,3.0744,15117.0,5516.0
2025-07-24T06:13:47.033663,LTCUSDT,109.54,109.56,8.4,5.6
2025-07-24T06:13:47.091448,ETHUSDT,3559.12,3559.13,25.12,175.04
2025-07-24T06:13:47.098220,SOLUSDT,183.299,183.3,138.8,44.7
2025-07-24T06:13:47.159219,LTCUSDT,109.54,109.55,8.4,8.3
2025-07-24T06:13:47.159483,BTCUSDT,117624.1,117624.2,27.5346,0.4504
2025-07-24T06:13:47.164970,XRPUSDT,3.0743,3.0744,43.0,11441.0
2025-07-24T06:13:47.197060,ETHUSDT,3559.12,3559.13,20.08,191.88
2025-07-24T06:13:47.248986,SOLUSDT,183.299,183.3,128.8,44.7
2025-07-24T06:13:47.294165,LTCUSDT,109.54,109.55,2.6,27.0
2025-07-24T06:13:47.294642,ETHUSDT,3559.12,3559.13,11.94,191.88
2025-07-24T06:13:47.314710,XRPUSDT,3.0743,3.0744,3128.0,18778.0
2025-07-24T06:13:47.365680,BTCUSDT,117624.1,117624.2,27.5346,0.6111
2025-07-24T06:13:47.368629,LTCUSDT,109.54,109.55,1.9,27.0
2025-07-24T06:13:47.394041,ETHUSDT,3559.12,3559.13,17.94,191.88
2025-07-24T06:13:47.400550,SOLUSDT,183.299,183.3,138.8,44.7
2025-07-24T06:13:47.475397,XRPUSDT,3.0743,3.0744,3220.0,11082.0
2025-07-24T06:13:47.475465,LTCUSDT,109.54,109.55,1.9,27.0
2025-07-24T06:13:47.497425,ETHUSDT,3559.12,3559.13,17.94,191.88
2025-07-24T06:13:47.550412,SOLUSDT,183.299,183.3,128.8,44.7
2025-07-24T06:13:47.568608,BTCUSDT,117624.1,117624.2,27.5346,0.7227
2025-07-24T06:13:47.615275,XRPUSDT,3.0743,3.0744,3220.0,12088.0
2025-07-24T06:13:47.618246,LTCUSDT,109.54,109.55,1.9,27.0
2025-07-24T06:13:47.703247,ETHUSDT,3559.12,3559.13,41.95,131.55
2025-07-24T06:13:47.703421,SOLUSDT,183.299,183.3,237.8,32.7
2025-07-24T06:13:47.720283,LTCUSDT,109.54,109.55,7.5,8.7
2025-07-24T06:13:47.773375,BTCUSDT,117624.1,117624.2,27.5346,0.5114
2025-07-24T06:13:47.773416,XRPUSDT,3.0744,3.0746,32207.0,12.0
2025-07-24T06:13:47.797735,ETHUSDT,3559.12,3559.13,30.62,120.81
2025-07-24T06:13:47.827392,LTCUSDT,109.54,109.55,8.7,8.3
2025-07-24T06:13:47.861650,SOLUSDT,183.299,183.3,210.5,109.8
2025-07-24T06:13:47.865541,BTCUSDT,117624.1,117624.2,27.5346,0.6882
2025-07-24T06:13:47.924555,ETHUSDT,3559.12,3559.13,31.83,120.81
2025-07-24T06:13:47.924761,XRPUSDT,3.0745,3.0746,25210.0,12.0
2025-07-24T06:13:47.940368,LTCUSDT,109.54,109.56,11.3,72.0
2025-07-24T06:13:47.965773,BTCUSDT,117624.1,117624.2,27.8744,0.2727
2025-07-24T06:13:47.998336,SOLUSDT,183.299,183.3,210.5,109.8
2025-07-24T06:13:47.998982,ETHUSDT,3559.12,3559.13,31.83,120.97
2025-07-24T06:13:48.053890,LTCUSDT,109.54,109.55,2.6,8.7
2025-07-24T06:13:48.067785,XRPUSDT,3.0745,3.0746,22059.0,1695.0
2025-07-24T06:13:48.067932,BTCUSDT,117624.1,117624.2,28.9375,0.0047
2025-07-24T06:13:48.102645,ETHUSDT,3559.12,3559.13,31.83,120.97
2025-07-24T06:13:48.148480,SOLUSDT,183.299,183.3,210.5,36.2
2025-07-24T06:13:48.167766,BTCUSDT,117624.1,117624.2,33.8298,0.1815
2025-07-24T06:13:48.169274,LTCUSDT,109.54,109.55,8.2,18.7
2025-07-24T06:13:48.215598,ETHUSDT,3559.12,3559.13,11.94,128.21
2025-07-24T06:13:48.215657,XRPUSDT,3.0745,3.0746,868.0,6209.0
2025-07-24T06:13:48.273897,BTCUSDT,117624.2,117624.3,14.5756,0.0001
2025-07-24T06:13:48.300108,SOLUSDT,183.299,183.3,185.8,249.6
2025-07-24T06:13:48.304157,ETHUSDT,3559.12,3559.13,18.03,126.69
2025-07-24T06:13:48.331353,LTCUSDT,109.54,109.55,14.2,10.0
2025-07-24T06:13:48.365951,XRPUSDT,3.0745,3.0746,190.0,98.0
2025-07-24T06:13:48.372227,BTCUSDT,117624.3,117624.4,2.2656,0.0001
2025-07-24T06:13:48.404585,ETHUSDT,3559.12,3559.13,24.83,155.92
2025-07-24T06:13:48.418667,LTCUSDT,109.54,109.56,14.2,37.3
2025-07-24T06:13:48.455975,SOLUSDT,183.299,183.3,215.1,36.2
2025-07-24T06:13:48.512970,BTCUSDT,117624.3,117624.4,42.2204,0.0005
2025-07-24T06:13:48.513036,ETHUSDT,3559.12,3559.13,29.87,155.92
2025-07-24T06:13:48.517231,XRPUSDT,3.0745,3.0746,9711.0,5574.0
2025-07-24T06:13:48.523550,LTCUSDT,109.55,109.56,5.6,10.6
2025-07-24T06:13:48.572839,BTCUSDT,117624.4,117624.5,4.6817,0.0001
2025-07-24T06:13:48.600212,SOLUSDT,183.299,183.3,197.8,35.9
2025-07-24T06:13:48.614644,ETHUSDT,3559.12,3559.13,24.83,155.92
2025-07-24T06:13:48.641154,LTCUSDT,109.55,109.56,8.2,19.3
2025-07-24T06:13:48.665994,XRPUSDT,3.0745,3.0746,8895.0,4503.0
2025-07-24T06:13:48.675263,BTCUSDT,117624.4,117624.5,33.1524,0.0005
2025-07-24T06:13:48.708945,ETHUSDT,3559.12,3559.13,24.03,155.92
2025-07-24T06:13:48.724078,LTCUSDT,109.55,109.56,8.2,14.3
2025-07-24T06:13:48.752638,SOLUSDT,183.299,183.3,215.1,32.4
2025-07-24T06:13:48.780769,BTCUSDT,117624.4,117624.5,33.1701,0.0005
2025-07-24T06:13:48.809982,ETHUSDT,3559.12,3559.13,37.26,2.72
2025-07-24T06:13:48.818299,XRPUSDT,3.0746,3.0747,13758.0,9.0
2025-07-24T06:13:48.828665,LTCUSDT,109.55,109.57,23.2,177.2
2025-07-24T06:13:48.876827,BTCUSDT,117624.4,117624.5,33.1681,0.0004
2025-07-24T06:13:48.910655,SOLUSDT,183.299,183.3,219.6,32.3
2025-07-24T06:13:48.910697,ETHUSDT,3559.12,3559.13,58.3,2.73
2025-07-24T06:13:48.950721,LTCUSDT,109.56,109.57,5.6,177.2
2025-07-24T06:13:48.969413,XRPUSDT,3.0747,3.0748,22450.0,2304.0
2025-07-24T06:13:48.979038,BTCUSDT,117624.6,117624.7,20.4975,0.0001
2025-07-24T06:13:49.009887,ETHUSDT,3559.12,3559.13,58.3,15.15
2025-07-24T06:13:49.049184,SOLUSDT,183.299,183.3,202.2,32.3
2025-07-24T06:13:49.057213,LTCUSDT,109.56,109.58,10.1,3.5
2025-07-24T06:13:49.083040,BTCUSDT,117624.6,117624.7,42.4694,0.0004
2025-07-24T06:13:49.109505,ETHUSDT,3559.12,3559.13,58.3,15.15
2025-07-24T06:13:49.115374,XRPUSDT,3.0748,3.0749,5581.0,20.0
2025-07-24T06:13:49.155228,LTCUSDT,109.57,109.58,2.9,3.5
2025-07-24T06:13:49.180463,BTCUSDT,117624.7,117624.8,28.3541,0.0001
2025-07-24T06:13:49.199714,SOLUSDT,183.299,183.3,197.8,32.3
2025-07-24T06:13:49.214900,ETHUSDT,3559.22,3559.3,17.15,0.14
2025-07-24T06:13:49.269223,LTCUSDT,109.57,109.58,8.2,3.5
2025-07-24T06:13:49.269786,XRPUSDT,3.0748,3.0749,20115.0,4739.0
2025-07-24T06:13:49.282014,BTCUSDT,117624.7,117624.8,48.5237,0.0005
2025-07-24T06:13:49.312223,ETHUSDT,3559.29,3559.3,198.42,17.56
2025-07-24T06:13:49.362387,SOLUSDT,183.299,183.3,210.0,32.3
2025-07-24T06:13:49.370861,LTCUSDT,109.57,109.58,8.2,3.5
2025-07-24T06:13:49.385205,BTCUSDT,117628.5,117628.6,28.8866,0.5949
2025-07-24T06:13:49.411099,ETHUSDT,3559.29,3559.3,188.27,8.28
2025-07-24T06:13:49.416332,XRPUSDT,3.0748,3.0749,24002.0,162.0
2025-07-24T06:13:49.470504,LTCUSDT,109.57,109.58,74.4,10.0
2025-07-24T06:13:49.485279,BTCUSDT,117628.5,117628.6,42.0049,0.1844
2025-07-24T06:13:49.499593,SOLUSDT,183.299,183.3,197.8,32.3
2025-07-24T06:13:49.511287,ETHUSDT,3559.29,3559.3,188.28,8.29
2025-07-24T06:13:49.566435,XRPUSDT,3.0748,3.0749,31380.0,2283.0
2025-07-24T06:13:49.571990,LTCUSDT,109.57,109.59,27.1,10.7
2025-07-24T06:13:49.587283,BTCUSDT,117628.5,117628.6,41.8191,0.6043
2025-07-24T06:13:49.611291,ETHUSDT,3559.29,3559.3,181.58,8.29
2025-07-24T06:13:49.651950,SOLUSDT,183.299,183.3,197.8,32.3
2025-07-24T06:13:49.674546,LTCUSDT,109.58,109.59,5.6,10.7
2025-07-24T06:13:49.686342,BTCUSDT,117628.5,117628.6,40.9503,0.7381
2025-07-24T06:13:49.712567,ETHUSDT,3559.29,3559.3,107.98,18.7
2025-07-24T06:13:49.716772,XRPUSDT,3.0748,3.0749,19087.0,8492.0
2025-07-24T06:13:49.777528,LTCUSDT,109.58,109.59,8.2,10.7
2025-07-24T06:13:49.787746,BTCUSDT,117628.5,117628.6,40.9338,0.7381
2025-07-24T06:13:49.802921,SOLUSDT,183.299,183.3,215.1,32.3
2025-07-24T06:13:49.813409,ETHUSDT,3559.29,3559.3,101.38,0.14
2025-07-24T06:13:49.867370,XRPUSDT,3.0748,3.0749,8597.0,2677.0
2025-07-24T06:13:49.873521,LTCUSDT,109.59,109.6,4.3,1.0
2025-07-24T06:13:49.900960,BTCUSDT,117628.5,117628.6,40.9338,0.794
2025-07-24T06:13:49.912232,ETHUSDT,3559.29,3559.3,101.37,0.15
2025-07-24T06:13:49.951863,SOLUSDT,183.299,183.3,233.4,32.3
2025-07-24T06:13:49.978143,LTCUSDT,109.58,109.6,11.6,36.5
2025-07-24T06:13:49.990912,BTCUSDT,117628.5,117628.6,40.9338,0.6983
2025-07-24T06:13:50.014446,ETHUSDT,3559.29,3559.3,71.65,21.02
2025-07-24T06:13:50.019051,XRPUSDT,3.0748,3.0749,786.0,11456.0
2025-07-24T06:13:50.074681,LTCUSDT,109.58,109.59,8.7,11.3
2025-07-24T06:13:50.090958,BTCUSDT,117628.5,117628.6,40.9256,0.7245
2025-07-24T06:13:50.101718,SOLUSDT,183.299,183.3,233.4,105.9
2025-07-24T06:13:50.115498,ETHUSDT,3559.29,3559.3,67.66,56.02
2025-07-24T06:13:50.185371,XRPUSDT,3.0748,3.0749,1086.0,25877.0
2025-07-24T06:13:50.200677,LTCUSDT,109.57,109.59,86.2,42.0
2025-07-24T06:13:50.200727,BTCUSDT,117628.5,117628.6,40.9338,0.7202
2025-07-24T06:13:50.228944,ETHUSDT,3559.29,3559.3,68.87,56.02
2025-07-24T06:13:50.250156,SOLUSDT,183.299,183.3,215.1,32.3
2025-07-24T06:13:50.291692,BTCUSDT,117628.5,117628.6,40.9338,0.6141
2025-07-24T06:13:50.313972,LTCUSDT,109.57,109.59,1.0,39.4
2025-07-24T06:13:50.317688,ETHUSDT,3559.29,3559.3,72.3,52.55
2025-07-24T06:13:50.318499,XRPUSDT,3.0748,3.0749,5307.0,2774.0
2025-07-24T06:13:50.392083,BTCUSDT,117628.5,117628.6,40.9351,0.648
2025-07-24T06:13:50.401946,SOLUSDT,183.299,183.3,197.8,109.4
2025-07-24T06:13:50.420011,ETHUSDT,3559.29,3559.3,77.63,52.55
2025-07-24T06:13:50.420054,LTCUSDT,109.57,109.58,3.6,8.7
2025-07-24T06:13:50.469571,XRPUSDT,3.0748,3.0749,5307.0,5699.0
2025-07-24T06:13:50.497729,BTCUSDT,117628.5,117628.6,40.9351,0.631
2025-07-24T06:13:50.521938,LTCUSDT,109.57,109.58,9.2,18.7
2025-07-24T06:13:50.568072,SOLUSDT,183.299,183.3,197.8,35.8
2025-07-24T06:13:50.592254,BTCUSDT,117628.5,117628.6,40.9351,0.6156
2025-07-24T06:13:50.616929,XRPUSDT,3.0748,3.0749,9725.0,3755.0
2025-07-24T06:13:50.621129,ETHUSDT,3559.29,3559.3,77.63,13.47
2025-07-24T06:13:50.624145,LTCUSDT,109.57,109.58,17.9,10.0
2025-07-24T06:13:50.693344,BTCUSDT,117628.5,117628.6,40.9351,0.6184
2025-07-24T06:13:50.700680,SOLUSDT,183.299,183.3,197.8,32.3
2025-07-24T06:13:50.723387,ETHUSDT,3559.58,3559.59,24.4,90.68
2025-07-24T06:13:50.752567,LTCUSDT,109.57,109.59,17.9,10.0
2025-07-24T06:13:50.769114,XRPUSDT,3.0748,3.0749,9725.0,4153.0
2025-07-24T06:13:50.792242,BTCUSDT,117628.5,117628.6,40.9291,0.8571
2025-07-24T06:13:50.829710,ETHUSDT,3559.58,3559.59,71.45,135.87
2025-07-24T06:13:50.851815,SOLUSDT,183.299,183.3,172.4,32.3
2025-07-24T06:13:50.865218,LTCUSDT,109.58,109.59,4.8,10.0
2025-07-24T06:13:50.891995,BTCUSDT,117628.5,117628.6,39.8673,0.6596
2025-07-24T06:13:50.917424,XRPUSDT,3.0748,3.0749,11049.0,3919.0
2025-07-24T06:13:50.927145,ETHUSDT,3559.58,3559.59,44.58,135.87
2025-07-24T06:13:50.968268,LTCUSDT,109.58,109.59,4.8,10.0
2025-07-24T06:13:50.995307,BTCUSDT,117628.5,117628.6,40.9284,0.6612
2025-07-24T06:13:51.028212,ETHUSDT,3559.58,3559.59,21.79,199.19
2025-07-24T06:13:51.069321,XRPUSDT,3.0748,3.0749,5916.0,18492.0
2025-07-24T06:13:51.072655,LTCUSDT,109.58,109.59,4.8,10.0
2025-07-24T06:13:51.102314,BTCUSDT,117628.5,117628.6,40.9284,1.32
2025-07-24T06:13:51.128053,ETHUSDT,3559.58,3559.59,19.82,173.42
2025-07-24T06:13:51.164184,SOLUSDT,183.299,183.3,172.4,32.3
2025-07-24T06:13:51.198721,LTCUSDT,109.58,109.59,7.4,10.0
2025-07-24T06:13:51.206956,BTCUSDT,117628.5,117628.6,40.9284,1.2474
2025-07-24T06:13:51.219116,XRPUSDT,3.0748,3.0749,13643.0,3479.0
2025-07-24T06:13:51.228703,ETHUSDT,3559.58,3559.59,25.82,170.8
2025-07-24T06:13:51.299244,BTCUSDT,117628.5,117628.6,46.4315,1.2474
2025-07-24T06:13:51.302263,SOLUSDT,183.299,183.3,172.4,32.3
2025-07-24T06:13:51.324627,LTCUSDT,109.58,109.59,16.1,10.0
2025-07-24T06:13:51.328176,ETHUSDT,3559.58,3559.59,25.48,205.8
2025-07-24T06:13:51.368209,XRPUSDT,3.0748,3.0749,13198.0,3289.0
2025-07-24T06:13:51.398512,BTCUSDT,117628.5,117628.6,46.4315,1.201
2025-07-24T06:13:51.426205,LTCUSDT,109.58,109.59,13.5,10.0
2025-07-24T06:13:51.431612,ETHUSDT,3559.22,3559.39,1.21,10.0
2025-07-24T06:13:51.451830,SOLUSDT,183.299,183.3,81.8,46.4
2025-07-24T06:13:51.501947,BTCUSDT,117628.5,117628.6,34.1049,3.1869
2025-07-24T06:13:51.520803,XRPUSDT,3.0741,3.0747,31.0,2472.0
2025-07-24T06:13:51.535368,LTCUSDT,109.55,109.57,1.4,11.5
2025-07-24T06:13:51.535412,ETHUSDT,3558.6,3558.76,62.75,10.0
2025-07-24T06:13:51.599287,BTCUSDT,117628.5,117628.6,32.1812,3.8309
2025-07-24T06:13:51.601061,SOLUSDT,183.288,183.291,78.9,5.8
2025-07-24T06:13:51.628907,LTCUSDT,109.51,109.54,21.5,157.3
2025-07-24T06:13:51.629642,ETHUSDT,3558.6,3558.61,35.8,102.23
2025-07-24T06:13:51.677639,XRPUSDT,3.0741,3.0742,4431.0,18170.0
2025-07-24T06:13:51.700797,BTCUSDT,117628.5,117628.6,35.5751,3.8309
2025-07-24T06:13:51.726241,LTCUSDT,109.51,109.52,2.6,8.3
2025-07-24T06:13:51.728711,ETHUSDT,3558.6,3558.61,70.16,183.34
2025-07-24T06:13:51.755854,SOLUSDT,183.288,183.289,80.9,40.9
2025-07-24T06:13:51.808832,BTCUSDT,117628.5,117628.6,30.9099,7.7387
2025-07-24T06:13:51.829134,XRPUSDT,3.0738,3.0741,1548.0,6955.0
2025-07-24T06:13:51.832819,ETHUSDT,3558.6,3558.61,46.31,184.51
2025-07-24T06:13:51.843096,LTCUSDT,109.51,109.52,8.0,18.3
2025-07-24T06:13:51.900076,BTCUSDT,117628.5,117628.6,31.9708,6.5922
2025-07-24T06:13:51.902930,SOLUSDT,183.288,183.289,152.5,161.0
2025-07-24T06:13:51.929168,ETHUSDT,3558.6,3558.61,56.07,201.36
2025-07-24T06:13:51.940575,LTCUSDT,109.51,109.52,8.7,30.7
2025-07-24T06:13:51.981997,XRPUSDT,3.0734,3.0737,8.0,2602.0
2025-07-24T06:13:52.001066,BTCUSDT,117628.5,117628.6,30.9182,6.5922
2025-07-24T06:13:52.029079,ETHUSDT,3558.6,3558.61,34.23,191.25
2025-07-24T06:13:52.049141,LTCUSDT,109.51,109.52,11.3,30.7
2025-07-24T06:13:52.053626,SOLUSDT,183.288,183.289,152.5,458.8
2025-07-24T06:13:52.107844,BTCUSDT,117628.5,117628.6,31.9503,6.592
2025-07-24T06:13:52.136139,ETHUSDT,3558.6,3558.61,36.24,184.37
2025-07-24T06:13:52.136269,XRPUSDT,3.0734,3.0735,5902.0,8716.0
2025-07-24T06:13:52.149200,LTCUSDT,109.51,109.52,11.3,10.0
2025-07-24T06:13:52.202283,SOLUSDT,183.288,183.289,164.5,38.7
2025-07-24T06:13:52.204431,BTCUSDT,117628.5,117628.6,31.9421,6.592
2025-07-24T06:13:52.229661,ETHUSDT,3558.6,3558.61,49.41,13.5
2025-07-24T06:13:52.263790,LTCUSDT,109.51,109.53,11.3,27.2
2025-07-24T06:13:52.296262,XRPUSDT,3.0734,3.0735,6123.0,8569.0
2025-07-24T06:13:52.304233,BTCUSDT,117628.5,117628.6,31.9503,6.592
2025-07-24T06:13:52.329222,ETHUSDT,3558.6,3558.61,79.48,0.01
2025-07-24T06:13:52.354139,SOLUSDT,183.288,183.289,164.5,10.8
2025-07-24T06:13:52.376257,LTCUSDT,109.52,109.53,5.6,27.2
2025-07-24T06:13:52.404762,BTCUSDT,117628.5,117628.6,31.9523,6.592
2025-07-24T06:13:52.431942,ETHUSDT,3558.6,3558.61,79.48,0.01
2025-07-24T06:13:52.441801,XRPUSDT,3.0734,3.0735,9200.0,9545.0
2025-07-24T06:13:52.495133,LTCUSDT,109.52,109.53,19.6,37.2
2025-07-24T06:13:52.505343,SOLUSDT,183.288,183.289,246.2,42.6
2025-07-24T06:13:52.506854,BTCUSDT,117628.5,117628.6,31.9397,6.592
2025-07-24T06:13:52.588617,XRPUSDT,3.0734,3.0735,11552.0,9459.0
2025-07-24T06:13:52.589929,LTCUSDT,109.52,109.53,19.6,37.2
2025-07-24T06:13:52.607299,BTCUSDT,117628.5,117628.6,30.8897,6.592
2025-07-24T06:13:52.636054,ETHUSDT,3558.75,3558.76,126.17,77.9
2025-07-24T06:13:52.654044,SOLUSDT,183.288,183.289,246.3,16.0
2025-07-24T06:13:52.710209,BTCUSDT,117628.5,117628.6,28.4941,9.625
2025-07-24T06:13:52.745756,ETHUSDT,3558.75,3558.76,177.28,99.25
2025-07-24T06:13:52.747611,XRPUSDT,3.0734,3.0735,5238.0,11865.0
2025-07-24T06:13:52.802510,SOLUSDT,183.288,183.289,236.3,93.1
2025-07-24T06:13:52.811272,BTCUSDT,117628.5,117628.6,28.5537,9.625
2025-07-24T06:13:52.826761,LTCUSDT,109.52,109.53,19.6,37.2
2025-07-24T06:13:52.835245,ETHUSDT,3558.75,3558.76,113.65,102.92
2025-07-24T06:13:52.900740,XRPUSDT,3.0734,3.0735,4707.0,17776.0
2025-07-24T06:13:52.913321,BTCUSDT,117628.5,117628.6,27.0698,13.0231
2025-07-24T06:13:52.934081,LTCUSDT,109.52,109.53,14.2,37.2
2025-07-24T06:13:52.938403,ETHUSDT,3558.75,3558.76,42.8,173.32
2025-07-24T06:13:52.952539,SOLUSDT,183.288,183.289,236.3,93.1
2025-07-24T06:13:53.011232,BTCUSDT,117628.5,117628.6,27.2927,13.0231
2025-07-24T06:13:53.040510,ETHUSDT,3558.75,3558.76,4.88,173.32
2025-07-24T06:13:53.047531,LTCUSDT,109.5,109.52,149.1,14.2
2025-07-24T06:13:53.049790,XRPUSDT,3.0734,3.0735,327.0,29398.0
2025-07-24T06:13:53.111464,SOLUSDT,183.288,183.289,79.3,717.8
2025-07-24T06:13:53.111509,BTCUSDT,117628.5,117628.6,27.3009,13.0231
2025-07-24T06:13:53.146389,ETHUSDT,3558.75,3558.76,9.76,173.32
2025-07-24T06:13:53.160201,LTCUSDT,109.5,109.52,27.1,34.9
2025-07-24T06:13:53.204710,XRPUSDT,3.0734,3.0735,8.0,29678.0
2025-07-24T06:13:53.241901,ETHUSDT,3558.75,3558.76,4.88,190.16
2025-07-24T06:13:53.253846,SOLUSDT,183.288,183.289,79.3,499.6
2025-07-24T06:13:53.256102,LTCUSDT,109.51,109.52,8.0,34.9
2025-07-24T06:13:53.331787,BTCUSDT,117628.5,117628.6,27.2989,13.023
2025-07-24T06:13:53.377436,ETHUSDT,3558.75,3558.76,10.88,173.32
2025-07-24T06:13:53.377481,XRPUSDT,3.0734,3.0735,10430.0,27179.0
2025-07-24T06:13:53.377513,LTCUSDT,109.51,109.52,10.6,34.9
2025-07-24T06:13:53.402722,SOLUSDT,183.288,183.289,79.3,717.8
2025-07-24T06:13:53.413890,BTCUSDT,117628.5,117628.6,27.3029,13.023
2025-07-24T06:13:53.445137,ETHUSDT,3558.75,3558.76,4.88,190.16
2025-07-24T06:13:53.497563,LTCUSDT,109.51,109.52,10.6,34.9
2025-07-24T06:13:53.514464,XRPUSDT,3.0734,3.0735,6116.0,12275.0
2025-07-24T06:13:53.514758,BTCUSDT,117628.5,117628.6,27.3009,13.0229
2025-07-24T06:13:53.574369,SOLUSDT,183.288,183.289,79.3,717.8
2025-07-24T06:13:53.586641,LTCUSDT,109.51,109.52,8.0,34.9
2025-07-24T06:13:53.670077,ETHUSDT,3558.75,3558.76,4.88,190.16
2025-07-24T06:13:53.670177,XRPUSDT,3.0734,3.0735,222.0,18111.0
2025-07-24T06:13:53.687984,LTCUSDT,109.49,109.52,66.5,46.2
2025-07-24T06:13:53.703072,SOLUSDT,183.271,183.274,78.9,4.0
2025-07-24T06:13:53.715144,BTCUSDT,117628.5,117628.6,26.1795,15.3469
2025-07-24T06:13:53.747125,ETHUSDT,3558.6,3558.61,21.83,35.99
2025-07-24T06:13:53.800693,LTCUSDT,109.49,109.52,22.1,73.8
2025-07-24T06:13:53.814633,XRPUSDT,3.0734,3.0735,137.0,28744.0
2025-07-24T06:13:53.820734,BTCUSDT,117628.5,117628.6,25.7478,18.5333
2025-07-24T06:13:53.844043,ETHUSDT,3558.6,3558.61,49.63,265.79
2025-07-24T06:13:53.852596,SOLUSDT,183.254,183.255,79.0,120.1
2025-07-24T06:13:53.962427,BTCUSDT,117628.5,117628.6,25.7498,18.5333
2025-07-24T06:13:53.962470,LTCUSDT,109.49,109.52,51.4,73.8
2025-07-24T06:13:53.962505,ETHUSDT,3558.6,3558.61,40.82,265.79
2025-07-24T06:13:53.970128,XRPUSDT,3.0734,3.0735,2713.0,12259.0
2025-07-24T06:13:54.010928,SOLUSDT,183.254,183.255,154.3,19.9
2025-07-24T06:13:54.031330,BTCUSDT,117628.5,117628.6,25.756,18.5333
2025-07-24T06:13:54.031409,LTCUSDT,109.49,109.52,57.7,62.5
2025-07-24T06:13:54.047966,ETHUSDT,3558.6,3558.61,40.82,195.79
2025-07-24T06:13:54.119501,XRPUSDT,3.0734,3.0735,5245.0,12923.0
2025-07-24T06:13:54.125445,BTCUSDT,117628.5,117628.6,25.7478,18.5333
2025-07-24T06:13:54.163225,ETHUSDT,3558.6,3558.61,40.82,195.79
2025-07-24T06:13:54.163270,SOLUSDT,183.258,183.271,233.4,86.2
2025-07-24T06:13:54.163297,LTCUSDT,109.49,109.52,51.4,62.5
2025-07-24T06:13:54.251195,ETHUSDT,3558.6,3558.61,40.82,61.2
2025-07-24T06:13:54.270736,XRPUSDT,3.0734,3.0735,5152.0,13038.0
2025-07-24T06:13:54.274573,LTCUSDT,109.49,109.52,51.4,51.9
2025-07-24T06:13:54.309227,SOLUSDT,183.27,183.271,35.8,52.1
2025-07-24T06:13:54.354212,ETHUSDT,3558.6,3558.61,67.87,22.43
2025-07-24T06:13:54.384985,LTCUSDT,109.49,109.52,61.4,51.9
2025-07-24T06:13:54.426210,XRPUSDT,3.0734,3.0735,198.0,17066.0
2025-07-24T06:13:54.426483,BTCUSDT,117628.5,117628.6,25.7642,18.5333
2025-07-24T06:13:54.451072,ETHUSDT,3558.6,3558.61,67.87,0.01
2025-07-24T06:13:54.453564,SOLUSDT,183.27,183.271,111.6,86.3
2025-07-24T06:13:54.513233,LTCUSDT,109.49,109.52,67.7,37.7
2025-07-24T06:13:54.527896,BTCUSDT,117628.5,117628.6,29.2137,9.8379
2025-07-24T06:13:54.553020,ETHUSDT,3558.78,3558.99,10.0,63.17
2025-07-24T06:13:54.572080,XRPUSDT,3.0734,3.0735,376.0,10881.0
2025-07-24T06:13:54.604940,SOLUSDT,183.271,183.274,179.3,0.3
2025-07-24T06:13:54.618972,LTCUSDT,109.51,109.52,5.6,8.7
2025-07-24T06:13:54.628723,BTCUSDT,117628.5,117628.6,32.6118,3.2015
2025-07-24T06:13:54.655198,ETHUSDT,3558.98,3558.99,106.11,70.2
2025-07-24T06:13:54.720266,XRPUSDT,3.0734,3.0735,14927.0,7372.0
2025-07-24T06:13:54.726170,LTCUSDT,109.51,109.52,18.2,8.7
2025-07-24T06:13:54.729689,BTCUSDT,117628.5,117628.6,29.2055,4.5332
2025-07-24T06:13:54.752015,ETHUSDT,3558.98,3558.99,101.14,70.36
2025-07-24T06:13:54.753452,SOLUSDT,183.299,183.3,305.0,32.2
2025-07-24T06:13:54.840990,BTCUSDT,117628.5,117628.6,32.6118,4.5332
2025-07-24T06:13:54.842963,LTCUSDT,109.51,109.53,14.3,42.1
2025-07-24T06:13:54.860636,ETHUSDT,3558.98,3558.99,101.15,83.26
2025-07-24T06:13:54.871941,XRPUSDT,3.0734,3.0735,5091.0,11533.0
2025-07-24T06:13:54.905975,SOLUSDT,183.299,183.3,351.6,146.5
2025-07-24T06:13:54.930297,BTCUSDT,117628.5,117628.6,32.6098,4.5332
2025-07-24T06:13:54.959730,ETHUSDT,3558.98,3558.99,101.15,90.8
2025-07-24T06:13:54.969638,LTCUSDT,109.51,109.53,16.9,65.4
2025-07-24T06:13:55.022795,XRPUSDT,3.0734,3.0735,2539.0,17035.0
2025-07-24T06:13:55.033011,BTCUSDT,117628.5,117628.6,32.6118,4.5332
2025-07-24T06:13:55.053539,SOLUSDT,183.299,183.3,152.5,166.3
2025-07-24T06:13:55.068370,ETHUSDT,3558.98,3558.99,84.04,70.23
2025-07-24T06:13:55.095686,LTCUSDT,109.51,109.52,8.2,8.7
2025-07-24T06:13:55.140337,BTCUSDT,117628.5,117628.6,32.6118,4.5332
2025-07-24T06:13:55.176840,ETHUSDT,3558.98,3558.99,47.97,154.89
2025-07-24T06:13:55.176935,XRPUSDT,3.0729,3.073,12301.0,150.0
2025-07-24T06:13:55.205238,SOLUSDT,183.299,183.3,79.4,176.2
2025-07-24T06:13:55.229035,LTCUSDT,109.51,109.52,5.6,18.7
2025-07-24T06:13:55.259294,ETHUSDT,3558.98,3558.99,22.31,163.7
2025-07-24T06:13:55.322589,XRPUSDT,3.0726,3.0727,33203.0,3129.0
2025-07-24T06:13:55.355783,SOLUSDT,183.299,183.3,79.4,193.4
2025-07-24T06:13:55.367737,ETHUSDT,3558.98,3558.99,29.33,191.63
2025-07-24T06:13:55.367793,LTCUSDT,109.51,109.52,2.9,18.7
2025-07-24T06:13:55.468194,ETHUSDT,3558.98,3558.99,23.33,192.45
2025-07-24T06:13:55.485553,XRPUSDT,3.0726,3.0727,5040.0,4497.0
2025-07-24T06:13:55.485607,LTCUSDT,109.51,109.52,2.9,21.3
2025-07-24T06:13:55.506572,SOLUSDT,183.299,183.3,79.4,193.4
2025-07-24T06:13:55.563951,ETHUSDT,3558.98,3558.99,23.33,225.15
2025-07-24T06:13:55.576250,LTCUSDT,109.51,109.52,2.9,21.3
2025-07-24T06:13:55.635205,XRPUSDT,3.0726,3.0727,319.0,5780.0
2025-07-24T06:13:55.639482,BTCUSDT,117628.5,117628.6,29.2137,4.5332
2025-07-24T06:13:55.654155,SOLUSDT,183.299,183.3,72.5,190.5
2025-07-24T06:13:55.667266,ETHUSDT,3558.98,3558.99,23.33,221.45
2025-07-24T06:13:55.679562,LTCUSDT,109.5,109.52,166.5,21.3
2025-07-24T06:13:55.769302,ETHUSDT,3558.98,3558.99,23.33,213.92
2025-07-24T06:13:55.779315,XRPUSDT,3.0726,3.0727,2895.0,5237.0
2025-07-24T06:13:55.779366,LTCUSDT,109.49,109.52,198.6,56.5
2025-07-24T06:13:55.804209,SOLUSDT,183.299,183.3,70.5,190.4
2025-07-24T06:13:55.841918,BTCUSDT,117628.5,117628.6,29.2137,7.9313
2025-07-24T06:13:55.870552,ETHUSDT,3558.98,3558.99,23.33,224.64
2025-07-24T06:13:55.879994,LTCUSDT,109.49,109.52,32.1,56.5
2025-07-24T06:13:55.932058,XRPUSDT,3.0726,3.0727,2312.0,5237.0
2025-07-24T06:13:55.953277,BTCUSDT,117628.5,117628.6,29.2137,7.9313
2025-07-24T06:13:55.959442,SOLUSDT,183.3,183.355,293.6,864.8
2025-07-24T06:13:55.974331,ETHUSDT,3558.98,3558.99,39.62,130.74
2025-07-24T06:13:55.988124,LTCUSDT,109.51,109.53,2.9,46.9
2025-07-24T06:13:56.051239,BTCUSDT,117628.5,117628.6,35.7974,1.2393
2025-07-24T06:13:56.071693,ETHUSDT,3558.98,3558.99,97.97,5.49
2025-07-24T06:13:56.082234,XRPUSDT,3.0728,3.073,2179.0,52650.0
2025-07-24T06:13:56.087130,LTCUSDT,109.52,109.53,4.0,6.2
2025-07-24T06:13:56.107636,SOLUSDT,183.369,183.37,146.9,420.8
2025-07-24T06:13:56.144222,BTCUSDT,117628.5,117628.6,35.8019,0.8543
2025-07-24T06:13:56.171460,ETHUSDT,3559.14,3559.15,2.99,23.0
2025-07-24T06:13:56.208061,LTCUSDT,109.52,109.54,16.6,10.9
2025-07-24T06:13:56.234475,XRPUSDT,3.073,3.0731,10861.0,8121.0
2025-07-24T06:13:56.243507,BTCUSDT,117628.5,117628.6,35.8024,0.7716
2025-07-24T06:13:56.255562,SOLUSDT,183.364,183.369,7.5,34.3
2025-07-24T06:13:56.276377,ETHUSDT,3559.22,3559.23,15.95,3.59
2025-07-24T06:13:56.316198,LTCUSDT,109.52,109.54,16.6,62.0
2025-07-24T06:13:56.345822,BTCUSDT,117628.5,117628.6,35.8024,1.3091
2025-07-24T06:13:56.371771,ETHUSDT,3559.22,3559.23,76.57,134.93
2025-07-24T06:13:56.393723,XRPUSDT,3.073,3.0731,12768.0,10418.0
2025-07-24T06:13:56.408116,SOLUSDT,183.355,183.356,13.8,147.5
2025-07-24T06:13:56.416802,LTCUSDT,109.51,109.53,120.9,11.3
2025-07-24T06:13:56.442795,BTCUSDT,117628.5,117628.6,32.6163,1.7742
2025-07-24T06:13:56.495639,ETHUSDT,3559.22,3559.23,49.48,172.05
2025-07-24T06:13:56.528753,LTCUSDT,109.5,109.52,160.5,10.9
2025-07-24T06:13:56.541791,BTCUSDT,117628.5,117628.6,32.613,3.4948
2025-07-24T06:13:56.543039,XRPUSDT,3.0721,3.0728,230.0,440.0
2025-07-24T06:13:56.559193,SOLUSDT,183.31,183.315,78.9,5.8
2025-07-24T06:13:56.576992,ETHUSDT,3559.14,3559.15,13.21,20.0
2025-07-24T06:13:56.638311,LTCUSDT,109.49,109.51,157.9,8.3
2025-07-24T06:13:56.663371,BTCUSDT,117628.5,117628.6,32.613,4.0045
2025-07-24T06:13:56.676623,ETHUSDT,3559.14,3559.15,21.06,246.19
2025-07-24T06:13:56.699610,XRPUSDT,3.0721,3.0722,2131.0,5596.0
2025-07-24T06:13:56.704893,SOLUSDT,183.314,183.315,66.6,27.6
2025-07-24T06:13:56.731843,LTCUSDT,109.47,109.49,257.4,4.3
2025-07-24T06:13:56.743137,BTCUSDT,117628.5,117628.6,32.613,4.0045
2025-07-24T06:13:56.776820,ETHUSDT,3558.74,3558.81,21.05,20.0
2025-07-24T06:13:56.833347,LTCUSDT,109.46,109.47,32.2,4.3
2025-07-24T06:13:56.844410,BTCUSDT,117628.5,117628.6,23.74,15.4938
2025-07-24T06:13:56.849541,XRPUSDT,3.0715,3.0716,2335.0,17494.0
2025-07-24T06:13:56.855234,SOLUSDT,183.216,183.234,0.5,5.8
2025-07-24T06:13:56.877319,ETHUSDT,3558.74,3558.75,2.65,174.5
2025-07-24T06:13:56.938394,LTCUSDT,109.46,109.49,15.9,92.6
2025-07-24T06:13:56.947060,BTCUSDT,117628.5,117628.6,19.1863,18.901
2025-07-24T06:13:56.982542,ETHUSDT,3558.62,3558.68,21.83,2.73
2025-07-24T06:13:57.013200,XRPUSDT,3.0715,3.0716,787.0,22527.0
2025-07-24T06:13:57.013266,SOLUSDT,183.216,183.217,15.9,284.9
2025-07-24T06:13:57.055449,LTCUSDT,109.45,109.48,144.6,27.8
2025-07-24T06:13:57.055491,BTCUSDT,117628.5,117628.6,15.4658,18.901
2025-07-24T06:13:57.078211,ETHUSDT,3558.62,3558.63,2.65,147.45
2025-07-24T06:13:57.143355,LTCUSDT,109.46,109.48,5.3,8.9
2025-07-24T06:13:57.145466,BTCUSDT,117628.5,117628.6,15.5178,18.901
2025-07-24T06:13:57.151449,XRPUSDT,3.0706,3.0707,5299.0,3234.0
2025-07-24T06:13:57.159094,SOLUSDT,183.204,183.205,68.9,5.8
2025-07-24T06:13:57.178459,ETHUSDT,3558.62,3558.63,60.92,195.85
2025-07-24T06:13:57.258164,LTCUSDT,109.48,109.5,1.5,77.1
2025-07-24T06:13:57.258220,BTCUSDT,117628.5,117628.6,15.5355,18.5469
2025-07-24T06:13:57.278545,ETHUSDT,3558.62,3558.63,62.91,164.22
2025-07-24T06:13:57.301627,XRPUSDT,3.0706,3.0707,27568.0,190.0
2025-07-24T06:13:57.305157,SOLUSDT,183.227,183.229,21.8,0.1
2025-07-24T06:13:57.348278,BTCUSDT,117628.5,117628.6,19.0753,18.5319
2025-07-24T06:13:57.361345,LTCUSDT,109.49,109.5,2.7,10.0
2025-07-24T06:13:57.379551,ETHUSDT,3558.62,3558.63,68.88,163.67
2025-07-24T06:13:57.445944,BTCUSDT,117628.5,117628.6,19.0753,15.1338
2025-07-24T06:13:57.455109,XRPUSDT,3.0708,3.0709,21071.0,7243.0
2025-07-24T06:13:57.455149,SOLUSDT,183.228,183.229,244.6,8.2
2025-07-24T06:13:57.471136,LTCUSDT,109.49,109.5,5.3,10.0
2025-07-24T06:13:57.488296,ETHUSDT,3558.62,3558.63,68.87,91.22
2025-07-24T06:13:57.549073,BTCUSDT,117628.5,117628.6,19.0753,11.7357
2025-07-24T06:13:57.564077,LTCUSDT,109.49,109.51,8.3,84.2
2025-07-24T06:13:57.581156,ETHUSDT,3558.62,3558.63,89.92,11.04
2025-07-24T06:13:57.605059,XRPUSDT,3.0708,3.0709,25778.0,7243.0
2025-07-24T06:13:57.605187,SOLUSDT,183.228,183.229,318.2,73.2
2025-07-24T06:13:57.691739,BTCUSDT,117628.5,117628.6,25.7592,11.7357
2025-07-24T06:13:57.691832,LTCUSDT,109.49,109.5,5.3,8.7
2025-07-24T06:13:57.691860,ETHUSDT,3558.62,3558.63,89.92,2.9
2025-07-24T06:13:57.754559,BTCUSDT,117628.5,117628.6,25.751,7.0374
2025-07-24T06:13:57.756637,XRPUSDT,3.0708,3.0709,13252.0,7243.0
2025-07-24T06:13:57.756688,SOLUSDT,183.229,183.231,79.7,396.3
2025-07-24T06:13:57.766533,LTCUSDT,109.5,109.52,8.7,177.0
2025-07-24T06:13:57.779694,ETHUSDT,3558.8,3559.01,21.93,35.08
2025-07-24T06:13:57.851401,BTCUSDT,117628.5,117628.6,25.7592,4.0045
2025-07-24T06:13:57.879346,LTCUSDT,109.51,109.53,2.7,1.0
2025-07-24T06:13:57.880202,ETHUSDT,3559.02,3559.32,10.0,9.53
2025-07-24T06:13:57.905471,SOLUSDT,183.232,183.233,3.7,1361.8
2025-07-24T06:13:57.906922,XRPUSDT,3.0711,3.0713,248.0,65523.0
2025-07-24T06:13:57.950615,BTCUSDT,117628.5,117628.6,25.9715,4.0045
2025-07-24T06:13:57.982294,LTCUSDT,109.54,109.55,75.3,18.9
2025-07-24T06:13:57.982344,ETHUSDT,3559.31,3559.32,135.77,44.06
2025-07-24T06:13:58.048553,BTCUSDT,117628.5,117628.6,25.972,4.0045
2025-07-24T06:13:58.067154,SOLUSDT,183.261,183.266,7.4,0.5
2025-07-24T06:13:58.067255,XRPUSDT,3.0712,3.0713,20484.0,6353.0
2025-07-24T06:13:58.081238,ETHUSDT,3559.31,3559.32,167.28,44.06
2025-07-24T06:13:58.084702,LTCUSDT,109.53,109.55,65.7,2.6
2025-07-24T06:13:58.158557,BTCUSDT,117628.5,117628.6,28.9473,1.4437
2025-07-24T06:13:58.220540,ETHUSDT,3559.31,3559.32,137.48,107.23
2025-07-24T06:13:58.220581,LTCUSDT,109.53,109.54,38.6,8.7
2025-07-24T06:13:58.239910,SOLUSDT,183.286,183.287,3.7,95.2
2025-07-24T06:13:58.239946,XRPUSDT,3.0713,3.0716,1152.0,77834.0
2025-07-24T06:13:58.259353,BTCUSDT,117628.5,117628.6,28.9453,1.4427
2025-07-24T06:13:58.293115,ETHUSDT,3559.31,3559.32,119.35,145.98
2025-07-24T06:13:58.293155,LTCUSDT,109.52,109.54,75.2,11.3
2025-07-24T06:13:58.353388,BTCUSDT,117628.5,117628.6,25.9802,2.2418
2025-07-24T06:13:58.396551,XRPUSDT,3.0715,3.0716,438.0,26743.0
2025-07-24T06:13:58.396635,SOLUSDT,183.286,183.287,30.7,3.6
2025-07-24T06:13:58.415696,ETHUSDT,3559.31,3559.32,110.84,145.99
2025-07-24T06:13:58.433453,LTCUSDT,109.52,109.53,51.6,2.6
2025-07-24T06:13:58.475649,BTCUSDT,117628.5,117628.6,25.9638,2.2418
2025-07-24T06:13:58.538667,ETHUSDT,3559.31,3559.32,4.22,183.07
2025-07-24T06:13:58.538719,SOLUSDT,183.286,183.287,4.4,184.2
2025-07-24T06:13:58.572624,XRPUSDT,3.0706,3.0712,16473.0,2200.0
2025-07-24T06:13:58.572645,LTCUSDT,109.5,109.52,9.6,11.9
2025-07-24T06:13:58.572666,BTCUSDT,117628.5,117628.6,25.9802,2.2418
2025-07-24T06:13:58.598710,ETHUSDT,3559.09,3559.1,21.83,113.41
2025-07-24T06:13:58.629259,LTCUSDT,109.49,109.51,70.0,13.8
2025-07-24T06:13:58.653124,BTCUSDT,117628.5,117628.6,25.7597,2.8784
2025-07-24T06:13:58.665699,SOLUSDT,183.286,183.287,4.4,380.8
2025-07-24T06:13:58.669326,XRPUSDT,3.0702,3.0703,144.0,6353.0
2025-07-24T06:13:58.690615,ETHUSDT,3559.09,3559.1,63.58,372.26
2025-07-24T06:13:58.727421,LTCUSDT,109.5,109.51,8.7,26.9
2025-07-24T06:13:58.758746,BTCUSDT,117628.5,117628.6,25.972,2.8784
2025-07-24T06:13:58.793074,ETHUSDT,3559.09,3559.1,63.59,367.25
2025-07-24T06:13:58.807467,SOLUSDT,183.286,183.287,4.4,518.3
2025-07-24T06:13:58.816200,XRPUSDT,3.0702,3.0703,9440.0,7417.0
2025-07-24T06:13:58.829418,LTCUSDT,109.5,109.51,8.7,29.5
2025-07-24T06:13:58.890910,ETHUSDT,3559.09,3559.1,63.59,369.93
2025-07-24T06:13:58.937766,LTCUSDT,109.49,109.51,40.7,38.2
2025-07-24T06:13:58.958207,SOLUSDT,183.286,183.287,4.4,518.3
2025-07-24T06:13:58.969587,XRPUSDT,3.0702,3.0703,9561.0,7459.0
2025-07-24T06:13:58.991545,ETHUSDT,3559.03,3559.04,0.16,2.71
2025-07-24T06:13:59.042157,LTCUSDT,109.48,109.5,127.7,5.5
2025-07-24T06:13:59.061319,BTCUSDT,117628.5,117628.6,25.972,2.8784
2025-07-24T06:13:59.096116,ETHUSDT,3559.03,3559.04,41.92,255.55
2025-07-24T06:13:59.110348,SOLUSDT,183.286,183.287,4.4,380.8
2025-07-24T06:13:59.122417,XRPUSDT,3.0702,3.0703,10593.0,7864.0
2025-07-24T06:13:59.141272,LTCUSDT,109.49,109.5,2.7,5.5
2025-07-24T06:13:59.197854,ETHUSDT,3559.03,3559.04,41.92,250.21
2025-07-24T06:13:59.263077,LTCUSDT,109.49,109.5,21.4,2.6
2025-07-24T06:13:59.287267,SOLUSDT,183.286,183.287,4.4,380.8
2025-07-24T06:13:59.287300,BTCUSDT,117628.5,117628.6,25.972,2.8802
2025-07-24T06:13:59.296944,XRPUSDT,3.0702,3.0703,10617.0,4274.0
2025-07-24T06:13:59.311155,ETHUSDT,3559.03,3559.04,47.92,259.77
2025-07-24T06:13:59.340558,LTCUSDT,109.49,109.51,21.4,49.4
2025-07-24T06:13:59.397035,ETHUSDT,3559.03,3559.04,60.06,49.47
2025-07-24T06:13:59.416937,SOLUSDT,183.292,183.297,3.7,1361.7
2025-07-24T06:13:59.430292,XRPUSDT,3.0703,3.0704,6544.0,81.0
2025-07-24T06:13:59.470243,LTCUSDT,109.5,109.53,5.3,89.1
2025-07-24T06:13:59.492001,BTCUSDT,117628.5,117628.6,28.9453,2.8802
2025-07-24T06:13:59.508337,ETHUSDT,3559.07,3559.29,37.57,63.17
2025-07-24T06:13:59.563047,SOLUSDT,183.296,183.297,512.8,1361.7
2025-07-24T06:13:59.563151,LTCUSDT,109.5,109.53,31.4,353.1
2025-07-24T06:13:59.567459,BTCUSDT,117628.5,117628.6,28.9453,1.4445
2025-07-24T06:13:59.589482,XRPUSDT,3.0709,3.0712,248.0,12810.0
2025-07-24T06:13:59.597434,ETHUSDT,3559.27,3559.28,5.44,56.86
2025-07-24T06:13:59.686618,LTCUSDT,109.5,109.53,48.7,353.1
2025-07-24T06:13:59.694818,ETHUSDT,3559.27,3559.28,113.04,183.87
2025-07-24T06:13:59.707588,SOLUSDT,183.296,183.297,513.5,1831.7
2025-07-24T06:13:59.735103,XRPUSDT,3.0712,3.0715,2429.0,787.0
2025-07-24T06:13:59.788775,BTCUSDT,117628.5,117628.6,28.9453,0.9348
2025-07-24T06:13:59.788855,LTCUSDT,109.5,109.52,48.7,2.6
2025-07-24T06:13:59.802104,ETHUSDT,3559.27,3559.28,136.28,130.92
2025-07-24T06:13:59.859908,SOLUSDT,183.296,183.297,418.3,1758.1
2025-07-24T06:13:59.906648,XRPUSDT,3.0715,3.0716,5330.0,2607.0
2025-07-24T06:13:59.906739,LTCUSDT,109.51,109.53,2.7,3.4
2025-07-24T06:13:59.915189,ETHUSDT,3559.32,3559.38,13.97,63.17
2025-07-24T06:13:59.984122,BTCUSDT,117628.8,117630.3,2.0589,0.5765
2025-07-24T06:13:59.994742,LTCUSDT,109.52,109.54,2.6,3.4
2025-07-24T06:13:59.995551,ETHUSDT,3559.89,3560.0,0.67,0.06
2025-07-24T06:14:00.029074,SOLUSDT,183.296,183.297,418.4,1361.7
2025-07-24T06:14:00.043815,XRPUSDT,3.0716,3.0718,286.0,6353.0
2025-07-24T06:14:00.068295,BTCUSDT,117634.5,117634.6,1.9157,0.6006
2025-07-24T06:14:00.101188,ETHUSDT,3560.26,3560.45,15.67,17.55
2025-07-24T06:14:00.105080,LTCUSDT,109.53,109.55,2.7,159.8
2025-07-24T06:14:00.176478,SOLUSDT,183.346,183.365,34.8,27.6
2025-07-24T06:14:00.180409,BTCUSDT,117635.3,117636.1,1.4365,0.6041
2025-07-24T06:14:00.186213,XRPUSDT,3.0719,3.072,27377.0,897.0
2025-07-24T06:14:00.207205,ETHUSDT,3560.44,3560.45,77.05,66.36
2025-07-24T06:14:00.208139,LTCUSDT,109.54,109.55,2.7,159.8
2025-07-24T06:14:00.288548,BTCUSDT,117636.1,117637.1,0.0431,0.6034
2025-07-24T06:14:00.295510,ETHUSDT,3560.44,3560.45,48.78,271.06
2025-07-24T06:14:00.324258,LTCUSDT,109.51,109.54,56.4,2.7
2025-07-24T06:14:00.324293,SOLUSDT,183.364,183.37,185.8,272.1
2025-07-24T06:14:00.347053,XRPUSDT,3.0716,3.0717,787.0,163.0
2025-07-24T06:14:00.371654,BTCUSDT,117637.4,117638.2,0.4372,0.6042
2025-07-24T06:14:00.400454,ETHUSDT,3560.44,3560.45,7.87,293.03
2025-07-24T06:14:00.412424,LTCUSDT,109.51,109.53,0.6,2.6
2025-07-24T06:14:00.473278,SOLUSDT,183.333,183.334,68.9,317.0
2025-07-24T06:14:00.474677,BTCUSDT,117638.1,117638.2,28.7986,2.4801
2025-07-24T06:14:00.498221,XRPUSDT,3.0709,3.0711,52657.0,1592.0
2025-07-24T06:14:00.511756,ETHUSDT,3559.72,3560.15,1.2,10.0
2025-07-24T06:14:00.537602,LTCUSDT,109.5,109.52,57.7,8.3
2025-07-24T06:14:00.569958,BTCUSDT,117638.1,117638.2,39.2507,0.9697
2025-07-24T06:14:00.598666,ETHUSDT,3559.72,3559.73,53.98,118.64
2025-07-24T06:14:00.621653,SOLUSDT,183.322,183.334,78.9,539.7
2025-07-24T06:14:00.634418,LTCUSDT,109.5,109.51,0.6,2.6
2025-07-24T06:14:00.645729,XRPUSDT,3.0706,3.0709,807.0,2472.0
2025-07-24T06:14:00.689178,BTCUSDT,117638.1,117638.2,39.0813,1.7533
2025-07-24T06:14:00.717118,ETHUSDT,3559.72,3559.73,55.66,172.3
2025-07-24T06:14:00.728155,LTCUSDT,109.49,109.51,1.3,15.5
2025-07-24T06:14:00.760017,SOLUSDT,183.311,183.312,74.0,560.9
2025-07-24T06:14:00.789370,BTCUSDT,117638.1,117638.2,39.0813,1.2567
2025-07-24T06:14:00.802145,XRPUSDT,3.0706,3.0707,20.0,22373.0
2025-07-24T06:14:00.803689,ETHUSDT,3559.72,3559.73,55.66,254.68
2025-07-24T06:14:00.889628,LTCUSDT,109.48,109.5,27.8,2.6
2025-07-24T06:14:00.904181,BTCUSDT,117638.1,117638.2,39.0813,1.552
2025-07-24T06:14:00.931189,ETHUSDT,3559.72,3559.73,57.67,129.61
2025-07-24T06:14:00.931934,SOLUSDT,183.311,183.312,147.7,576.2
2025-07-24T06:14:00.946569,LTCUSDT,109.5,109.52,9.2,13.8
2025-07-24T06:14:00.961801,XRPUSDT,3.071,3.0712,15356.0,144.0
2025-07-24T06:14:00.981862,BTCUSDT,117638.1,117638.2,39.0813,0.6665
2025-07-24T06:14:01.023699,ETHUSDT,3559.72,3559.73,56.47,57.33
2025-07-24T06:14:01.050452,LTCUSDT,109.5,109.52,4.0,21.2
2025-07-24T06:14:01.063516,SOLUSDT,183.311,183.312,155.8,179.4
2025-07-24T06:14:01.070765,BTCUSDT,117638.1,117638.2,39.0813,0.7984
2025-07-24T06:14:01.095843,XRPUSDT,3.0711,3.0712,28434.0,770.0
2025-07-24T06:14:01.107194,ETHUSDT,3559.72,3559.73,57.65,51.78
2025-07-24T06:14:01.135852,LTCUSDT,109.5,109.52,4.0,45.1
2025-07-24T06:14:01.178657,BTCUSDT,117638.1,117638.2,39.1316,0.51
2025-07-24T06:14:01.218138,ETHUSDT,3559.72,3559.73,57.65,20.37
2025-07-24T06:14:01.218170,SOLUSDT,183.311,183.312,74.1,179.4
2025-07-24T06:14:01.246959,LTCUSDT,109.5,109.51,9.7,8.7
2025-07-24T06:14:01.247088,XRPUSDT,3.0711,3.0712,20987.0,874.0
2025-07-24T06:14:01.269554,BTCUSDT,117638.1,117638.2,39.1316,0.8867
2025-07-24T06:14:01.301827,ETHUSDT,3559.72,3559.73,62.45,18.77
2025-07-24T06:14:01.336729,LTCUSDT,109.5,109.53,19.7,7.3
2025-07-24T06:14:01.361244,SOLUSDT,183.311,183.322,251.8,1361.7
2025-07-24T06:14:01.371693,BTCUSDT,117638.2,117638.3,0.5909,0.0001
2025-07-24T06:14:01.392982,XRPUSDT,3.0714,3.0717,7901.0,1548.0
2025-07-24T06:14:01.407505,ETHUSDT,3559.72,3559.73,63.65,0.03
2025-07-24T06:14:01.445580,LTCUSDT,109.52,109.54,2.7,53.5
2025-07-24T06:14:01.470769,BTCUSDT,117638.3,117638.4,5.3146,0.0001
2025-07-24T06:14:01.508910,ETHUSDT,3560.09,3560.1,35.69,105.55
2025-07-24T06:14:01.509003,SOLUSDT,183.321,183.337,1062.8,1361.6
2025-07-24T06:14:01.561726,LTCUSDT,109.53,109.55,5.3,65.5
2025-07-24T06:14:01.569404,XRPUSDT,3.0717,3.072,5030.0,11950.0
2025-07-24T06:14:01.570661,BTCUSDT,117638.3,117638.4,42.8687,0.0001
2025-07-24T06:14:01.612350,ETHUSDT,3560.09,3560.1,62.73,170.69
2025-07-24T06:14:01.645491,LTCUSDT,109.54,109.56,5.3,267.5
2025-07-24T06:14:01.660807,SOLUSDT,183.35,183.37,17.4,1361.6
2025-07-24T06:14:01.675221,BTCUSDT,117638.3,117638.4,42.8752,0.2331
2025-07-24T06:14:01.705034,XRPUSDT,3.072,3.0723,5250.0,20.0
2025-07-24T06:14:01.708188,ETHUSDT,3560.09,3560.1,63.96,51.55
2025-07-24T06:14:01.753967,LTCUSDT,109.55,109.57,2.7,0.9
2025-07-24T06:14:01.779751,BTCUSDT,117638.3,117638.4,43.2153,0.0005
2025-07-24T06:14:01.820938,ETHUSDT,3560.12,3560.19,5.46,13.5
2025-07-24T06:14:01.820986,SOLUSDT,183.369,183.375,576.4,0.1
2025-07-24T06:14:01.848229,LTCUSDT,109.56,109.57,1.9,10.9
2025-07-24T06:14:01.854229,XRPUSDT,3.0723,3.0727,3462.0,32.0
2025-07-24T06:14:01.872534,BTCUSDT,117638.3,117638.4,37.9583,0.0005
2025-07-24T06:14:01.910663,ETHUSDT,3560.18,3560.19,127.8,35.09
2025-07-24T06:14:02.060144,LTCUSDT,109.56,109.57,8.4,0.9
2025-07-24T06:14:02.061303,SOLUSDT,183.374,183.375,647.4,0.1
2025-07-24T06:14:02.061923,BTCUSDT,117638.3,117638.4,37.9583,0.0005
2025-07-24T06:14:02.062020,XRPUSDT,3.0726,3.0727,8933.0,7043.0
2025-07-24T06:14:02.062100,ETHUSDT,3560.33,3560.34,0.18,16.25
2025-07-24T06:14:02.062174,LTCUSDT,109.56,109.57,11.0,0.9
2025-07-24T06:14:02.070081,BTCUSDT,117638.3,117638.4,37.9583,0.0004
2025-07-24T06:14:02.109986,ETHUSDT,3560.34,3560.35,96.56,6.79
2025-07-24T06:14:02.110468,SOLUSDT,183.374,183.375,728.0,0.4
2025-07-24T06:14:02.166087,XRPUSDT,3.0726,3.0727,10984.0,7717.0
2025-07-24T06:14:02.168558,LTCUSDT,109.56,109.57,11.0,0.9
2025-07-24T06:14:02.174671,BTCUSDT,117638.3,117638.4,37.9583,0.0004
2025-07-24T06:14:02.210483,ETHUSDT,3560.34,3560.35,89.27,329.81
2025-07-24T06:14:02.264996,SOLUSDT,183.374,183.375,728.0,0.4
2025-07-24T06:14:02.271811,BTCUSDT,117638.3,117638.4,37.9583,0.0004
2025-07-24T06:14:02.280848,LTCUSDT,109.55,109.57,114.7,3.5
2025-07-24T06:14:02.313594,XRPUSDT,3.0719,3.0721,32.0,4232.0
2025-07-24T06:14:02.313752,ETHUSDT,3560.34,3560.35,24.12,165.24
2025-07-24T06:14:02.374302,BTCUSDT,117638.3,117638.4,37.9583,0.0004
2025-07-24T06:14:02.391126,LTCUSDT,109.56,109.57,12.6,0.9
2025-07-24T06:14:02.414637,SOLUSDT,183.375,183.379,25.0,1.2
2025-07-24T06:14:02.415924,ETHUSDT,3560.34,3560.35,27.39,152.37
2025-07-24T06:14:02.458815,XRPUSDT,3.0727,3.0731,1484.0,5574.0
2025-07-24T06:14:02.475148,BTCUSDT,117647.3,117647.4,24.698,4.4902
2025-07-24T06:14:02.490168,LTCUSDT,109.56,109.57,21.3,0.9
2025-07-24T06:14:02.514208,ETHUSDT,3560.34,3560.35,48.93,117.37
2025-07-24T06:14:02.585756,SOLUSDT,183.385,183.386,916.4,290.7
2025-07-24T06:14:02.605637,BTCUSDT,117647.3,117647.4,39.446,4.946
2025-07-24T06:14:02.622189,LTCUSDT,109.56,109.58,21.3,88.2
2025-07-24T06:14:02.632453,XRPUSDT,3.073,3.0731,16324.0,6264.0
2025-07-24T06:14:02.632486,ETHUSDT,3560.35,3560.58,2.63,16.04
2025-07-24T06:14:02.675178,BTCUSDT,117647.3,117647.4,39.446,4.946
2025-07-24T06:14:02.729056,SOLUSDT,183.385,183.386,990.0,290.7
2025-07-24T06:14:02.729139,ETHUSDT,3560.57,3560.58,161.84,48.81
2025-07-24T06:14:02.734360,LTCUSDT,109.57,109.58,5.3,88.2
2025-07-24T06:14:02.765327,XRPUSDT,3.073,3.0731,16520.0,6379.0
2025-07-24T06:14:02.778192,BTCUSDT,117647.3,117647.4,39.446,4.9461
2025-07-24T06:14:02.815861,ETHUSDT,3560.57,3560.58,197.91,48.72
2025-07-24T06:14:02.830785,LTCUSDT,109.57,109.58,11.0,10.0
2025-07-24T06:14:02.862077,SOLUSDT,183.385,183.386,1071.8,290.4
2025-07-24T06:14:02.879321,BTCUSDT,117647.3,117647.4,39.446,4.9461
2025-07-24T06:14:02.915475,XRPUSDT,3.073,3.0731,5834.0,6650.0
2025-07-24T06:14:02.917268,ETHUSDT,3560.57,3560.58,201.99,48.72
2025-07-24T06:14:02.929628,LTCUSDT,109.57,109.58,11.0,10.0
2025-07-24T06:14:02.985297,BTCUSDT,117647.3,117647.4,39.4461,5.3259
2025-07-24T06:14:03.019423,SOLUSDT,183.385,183.386,1071.7,290.7
2025-07-24T06:14:03.030343,ETHUSDT,3560.57,3560.58,123.84,48.54
2025-07-24T06:14:03.055206,LTCUSDT,109.57,109.58,11.0,10.0
2025-07-24T06:14:03.065208,XRPUSDT,3.073,3.0731,319.0,7529.0
2025-07-24T06:14:03.083234,BTCUSDT,117647.3,117647.4,39.4461,5.8355
2025-07-24T06:14:03.119445,ETHUSDT,3560.57,3560.58,138.06,48.54
2025-07-24T06:14:03.150468,LTCUSDT,109.57,109.58,11.0,10.0
2025-07-24T06:14:03.161418,SOLUSDT,183.385,183.386,1071.7,290.7
2025-07-24T06:14:03.223821,ETHUSDT,3560.57,3560.58,138.08,83.54
2025-07-24T06:14:03.223987,XRPUSDT,3.073,3.0731,3397.0,7131.0
2025-07-24T06:14:03.246833,LTCUSDT,109.57,109.58,14.6,10.0
2025-07-24T06:14:03.287456,BTCUSDT,117647.3,117647.4,39.4461,5.8354
2025-07-24T06:14:03.313284,SOLUSDT,183.385,183.386,1071.8,282.5
2025-07-24T06:14:03.323578,ETHUSDT,3560.57,3560.58,139.09,48.44
2025-07-24T06:14:03.382351,LTCUSDT,109.57,109.59,24.6,23.3
2025-07-24T06:14:03.385657,XRPUSDT,3.073,3.0731,5738.0,7285.0
2025-07-24T06:14:03.386053,BTCUSDT,117647.3,117647.4,39.4461,5.3258
2025-07-24T06:14:03.429200,ETHUSDT,3560.57,3560.58,189.67,47.8
2025-07-24T06:14:03.466573,SOLUSDT,183.385,183.386,1151.6,278.3
2025-07-24T06:14:03.495088,LTCUSDT,109.57,109.59,12.0,10.0
2025-07-24T06:14:03.495174,BTCUSDT,117647.3,117647.4,32.087,5.8354
2025-07-24T06:14:03.527838,ETHUSDT,3560.57,3560.58,9.21,224.9
2025-07-24T06:14:03.527910,XRPUSDT,3.073,3.0731,3130.0,6663.0
2025-07-24T06:14:03.597204,BTCUSDT,117647.3,117647.4,31.5001,6.8288
2025-07-24T06:14:03.597279,LTCUSDT,109.58,109.6,2.6,32.3
2025-07-24T06:14:03.614889,SOLUSDT,183.392,183.393,804.5,0.1
2025-07-24T06:14:03.618854,ETHUSDT,3560.57,3560.58,3.19,201.49
2025-07-24T06:14:03.678665,XRPUSDT,3.073,3.0731,11119.0,5453.0
2025-07-24T06:14:03.709617,BTCUSDT,117647.3,117647.4,31.5001,6.8288
2025-07-24T06:14:03.709651,LTCUSDT,109.59,109.6,2.7,32.3
2025-07-24T06:14:03.731418,ETHUSDT,3560.57,3560.58,3.2,194.22
2025-07-24T06:14:03.765255,SOLUSDT,183.396,183.401,17.4,0.1
2025-07-24T06:14:03.788779,BTCUSDT,117647.3,117647.4,31.5001,6.3192
2025-07-24T06:14:03.807779,LTCUSDT,109.59,109.6,2.7,0.1
2025-07-24T06:14:03.821224,ETHUSDT,3560.57,3560.58,38.71,111.04
2025-07-24T06:14:03.834816,XRPUSDT,3.0731,3.0734,38377.0,787.0
2025-07-24T06:14:03.887935,BTCUSDT,117647.3,117647.4,32.0539,0.8264
2025-07-24T06:14:03.914310,LTCUSDT,109.59,109.6,5.3,0.1
2025-07-24T06:14:03.917337,SOLUSDT,183.451,183.452,188.4,0.1
2025-07-24T06:14:03.920237,ETHUSDT,3560.57,3560.58,115.34,0.09
2025-07-24T06:14:03.983222,XRPUSDT,3.0734,3.0737,7053.0,52665.0
2025-07-24T06:14:03.991783,BTCUSDT,117647.6,117647.7,27.5522,0.5107
2025-07-24T06:14:04.008539,LTCUSDT,109.59,109.6,9.0,0.1
2025-07-24T06:14:04.049751,ETHUSDT,3560.66,3560.89,11.24,21.83
2025-07-24T06:14:04.066659,SOLUSDT,183.458,183.459,17.4,0.1
2025-07-24T06:14:04.091863,BTCUSDT,117651.4,117652.3,0.34,0.004
2025-07-24T06:14:04.111604,LTCUSDT,109.59,109.6,9.0,0.1
2025-07-24T06:14:04.123850,ETHUSDT,3560.88,3560.89,171.29,79.89
2025-07-24T06:14:04.126127,XRPUSDT,3.0736,3.0737,23453.0,1585.0
2025-07-24T06:14:04.191307,BTCUSDT,117656.1,117656.2,0.0431,1.0388
2025-07-24T06:14:04.214817,SOLUSDT,183.477,183.478,598.1,1.6
2025-07-24T06:14:04.221308,LTCUSDT,109.59,109.6,9.0,0.1
2025-07-24T06:14:04.224174,ETHUSDT,3560.88,3560.89,184.88,50.77
2025-07-24T06:14:04.276725,XRPUSDT,3.0736,3.0737,22457.0,805.0
2025-07-24T06:14:04.296772,BTCUSDT,117656.1,117656.2,53.6014,3.5895
2025-07-24T06:14:04.326981,ETHUSDT,3560.88,3560.89,184.88,48.78
2025-07-24T06:14:04.328362,LTCUSDT,109.59,109.6,19.0,0.1
2025-07-24T06:14:04.368786,SOLUSDT,183.499,183.514,88.8,98.8
2025-07-24T06:14:04.396768,BTCUSDT,117656.1,117656.2,56.7869,0.8002
2025-07-24T06:14:04.422641,ETHUSDT,3560.88,3560.89,186.72,48.78
2025-07-24T06:14:04.426975,LTCUSDT,109.59,109.6,19.0,0.1
2025-07-24T06:14:04.428191,XRPUSDT,3.0738,3.0739,4623.0,12655.0
2025-07-24T06:14:04.493788,BTCUSDT,117656.1,117656.2,56.7869,0.8003
2025-07-24T06:14:04.519264,SOLUSDT,183.502,183.503,65.2,78.9
