timestamp,symbol,bid,ask,bid_vol,ask_vol
2025-07-24T06:13:27.245993,SOLUSDT,183.09,183.1,246.0,229.0
2025-07-24T06:13:27.443157,BTCUSDT,117643.5,117643.6,8247.0,10272.0
2025-07-24T06:13:27.536446,XRPUSDT,3.0712,3.0713,132.0,63440.0
2025-07-24T06:13:27.569268,ETHUSDT,3558.84,3558.85,34256.0,176599.0
2025-07-24T06:13:27.678503,LTCUSDT,109.31,109.32,55175.0,61372.0
2025-07-24T06:13:28.245189,SOLUSDT,183.07,183.08,243.0,570.0
2025-07-24T06:13:28.441191,BTCUSDT,117643.5,117643.6,11939.0,14973.0
2025-07-24T06:13:28.527699,ETHUSDT,3558.8,3558.81,79147.0,283026.0
2025-07-24T06:13:28.540009,XRPUSDT,3.0702,3.0708,50893.0,37392.0
2025-07-24T06:13:28.632690,LTCUSDT,109.29,109.32,70365.0,107278.0
2025-07-24T06:13:29.255625,SOLUSDT,183.05,183.08,48.0,570.0
2025-07-24T06:13:29.519984,BTCUSDT,117643.5,117643.6,13606.0,10411.0
2025-07-24T06:13:29.534341,ETHUSDT,3558.75,3558.76,4994.0,314802.0
2025-07-24T06:13:29.619962,XRPUSDT,3.0702,3.0704,57432.0,58556.0
2025-07-24T06:13:29.640063,LTCUSDT,109.28,109.29,57564.0,21433.0
2025-07-24T06:13:30.222013,SOLUSDT,183.05,183.06,347.0,373.0
2025-07-24T06:13:30.503229,ETHUSDT,3558.72,3558.73,65571.0,326701.0
2025-07-24T06:13:30.526257,BTCUSDT,117643.5,117643.6,12480.0,15485.0
2025-07-24T06:13:30.601497,XRPUSDT,3.0701,3.0706,13596.0,18433.0
2025-07-24T06:13:30.622404,LTCUSDT,109.27,109.3,114835.0,90195.0
2025-07-24T06:13:31.267687,SOLUSDT,183.04,183.05,241.0,384.0
2025-07-24T06:13:31.463283,BTCUSDT,117629.1,117635.2,9395.0,16479.0
2025-07-24T06:13:31.543299,ETHUSDT,3557.46,3557.54,135592.0,316919.0
2025-07-24T06:13:31.609139,XRPUSDT,3.0696,3.0697,41992.0,19634.0
2025-07-24T06:13:31.650295,LTCUSDT,109.25,109.27,34700.0,46617.0
2025-07-24T06:13:32.175554,SOLUSDT,183.05,183.06,230.0,245.0
2025-07-24T06:13:32.496628,BTCUSDT,117629.2,117629.3,125.0,11993.0
2025-07-24T06:13:32.514776,ETHUSDT,3557.46,3557.47,56191.0,144908.0
2025-07-24T06:13:32.593684,XRPUSDT,3.0692,3.0695,17913.0,15885.0
2025-07-24T06:13:32.635312,LTCUSDT,109.25,109.29,34700.0,137991.0
2025-07-24T06:13:33.208424,SOLUSDT,183.08,183.09,534.0,190.0
2025-07-24T06:13:33.520029,BTCUSDT,117629.2,117629.3,137.0,9105.0
2025-07-24T06:13:33.555305,ETHUSDT,3557.53,3557.54,206357.0,24307.0
2025-07-24T06:13:33.624105,XRPUSDT,3.0702,3.0703,64283.0,10191.0
2025-07-24T06:13:33.672392,LTCUSDT,109.29,109.3,77596.0,715.0
2025-07-24T06:13:34.232501,SOLUSDT,183.08,183.09,256.0,164.0
2025-07-24T06:13:34.469305,BTCUSDT,117629.2,117629.3,137.0,9793.0
2025-07-24T06:13:34.525553,ETHUSDT,3557.53,3557.54,30964.0,142737.0
2025-07-24T06:13:34.618317,XRPUSDT,3.0692,3.0696,87902.0,15728.0
2025-07-24T06:13:34.639156,LTCUSDT,109.28,109.29,30902.0,28169.0
2025-07-24T06:13:35.259171,SOLUSDT,183.07,183.09,40.0,600.0
2025-07-24T06:13:35.520957,BTCUSDT,117615.1,117620.6,88.0,15218.0
2025-07-24T06:13:35.529143,ETHUSDT,3553.83,3556.03,83.0,88.0
2025-07-24T06:13:35.606127,XRPUSDT,3.0686,3.0687,27645.0,63820.0
2025-07-24T06:13:35.634054,LTCUSDT,109.25,109.26,46557.0,33147.0
2025-07-24T06:13:36.209137,SOLUSDT,183.07,183.08,159.0,172.0
2025-07-24T06:13:36.450457,BTCUSDT,117615.1,117615.2,138.0,16294.0
2025-07-24T06:13:36.519787,ETHUSDT,3555.57,3555.58,212695.0,143528.0
2025-07-24T06:13:36.629420,LTCUSDT,109.24,109.26,35741.0,141330.0
2025-07-24T06:13:36.629466,XRPUSDT,3.0682,3.0687,89544.0,9150.0
2025-07-24T06:13:37.251589,SOLUSDT,182.98,183.01,19.0,86.0
2025-07-24T06:13:37.468374,BTCUSDT,117594.5,117614.7,5590.0,5.0
2025-07-24T06:13:37.545837,ETHUSDT,3554.78,3555.31,291379.0,33930.0
2025-07-24T06:13:37.582638,XRPUSDT,3.0677,3.0678,59066.0,557.0
2025-07-24T06:13:37.648322,LTCUSDT,109.23,109.26,56611.0,42576.0
2025-07-24T06:13:38.220827,SOLUSDT,183.0,183.01,187.0,116.0
2025-07-24T06:13:38.507181,BTCUSDT,117587.3,117591.2,515.0,5.0
2025-07-24T06:13:38.541166,ETHUSDT,3555.3,3555.31,153586.0,35000.0
2025-07-24T06:13:38.610542,XRPUSDT,3.068,3.0683,58389.0,17880.0
2025-07-24T06:13:38.656203,LTCUSDT,109.23,109.24,26820.0,74212.0
2025-07-24T06:13:39.175177,SOLUSDT,183.0,183.01,187.0,242.0
2025-07-24T06:13:39.433368,BTCUSDT,117582.9,117583.0,14230.0,15474.0
2025-07-24T06:13:39.508616,ETHUSDT,3555.72,3556.15,175145.0,18668.0
2025-07-24T06:13:39.603617,XRPUSDT,3.0695,3.07,7588.0,21452.0
2025-07-24T06:13:39.626316,LTCUSDT,109.25,109.28,28657.0,45821.0
2025-07-24T06:13:40.203087,SOLUSDT,183.03,183.04,160.0,518.0
2025-07-24T06:13:40.441494,BTCUSDT,117582.9,117583.0,10556.0,4512.0
2025-07-24T06:13:40.522199,ETHUSDT,3555.7,3555.99,21109.0,239347.0
2025-07-24T06:13:40.528609,XRPUSDT,3.0691,3.0695,35490.0,17586.0
2025-07-24T06:13:40.636212,LTCUSDT,109.27,109.28,34472.0,45821.0
2025-07-24T06:13:41.237084,SOLUSDT,183.07,183.08,168.0,178.0
2025-07-24T06:13:41.472751,BTCUSDT,117582.9,117583.0,15077.0,7002.0
2025-07-24T06:13:41.536549,ETHUSDT,3556.52,3556.53,235430.0,49067.0
2025-07-24T06:13:41.627330,XRPUSDT,3.0708,3.0716,14306.0,17017.0
2025-07-24T06:13:41.644703,LTCUSDT,109.3,109.35,73614.0,15593.0
2025-07-24T06:13:42.269174,SOLUSDT,183.09,183.14,607.0,232.0
2025-07-24T06:13:42.444618,BTCUSDT,117587.9,117591.6,9687.0,5547.0
2025-07-24T06:13:42.516628,ETHUSDT,3556.83,3557.28,276728.0,22701.0
2025-07-24T06:13:42.609799,XRPUSDT,3.0721,3.0727,17737.0,18923.0
2025-07-24T06:13:42.624200,LTCUSDT,109.36,109.38,16195.0,33894.0
2025-07-24T06:13:43.233023,SOLUSDT,183.12,183.13,179.0,4.0
2025-07-24T06:13:43.536811,BTCUSDT,117591.5,117592.0,13290.0,109.0
2025-07-24T06:13:43.536854,XRPUSDT,3.0725,3.0731,23156.0,14022.0
2025-07-24T06:13:43.536903,ETHUSDT,3557.47,3557.48,152709.0,169774.0
2025-07-24T06:13:43.637163,LTCUSDT,109.39,109.41,61322.0,7539.0
2025-07-24T06:13:44.198118,SOLUSDT,183.17,183.2,641.0,67.0
2025-07-24T06:13:44.431291,BTCUSDT,117606.4,117617.0,12571.0,17.0
2025-07-24T06:13:44.533391,ETHUSDT,3558.0,3558.57,339872.0,89557.0
2025-07-24T06:13:44.600107,XRPUSDT,3.0739,3.074,52049.0,85966.0
2025-07-24T06:13:44.647474,LTCUSDT,109.43,109.46,20872.0,162297.0
2025-07-24T06:13:45.245770,SOLUSDT,183.22,183.27,395.0,52.0
2025-07-24T06:13:45.468686,BTCUSDT,117617.2,117617.3,13167.0,383.0
2025-07-24T06:13:45.532593,XRPUSDT,3.0741,3.0745,45892.0,5497.0
2025-07-24T06:13:45.548111,ETHUSDT,3558.62,3558.79,361748.0,12636.0
2025-07-24T06:13:45.644167,LTCUSDT,109.47,109.49,60310.0,1889.0
2025-07-24T06:13:46.267936,SOLUSDT,183.26,183.27,342.0,12.0
2025-07-24T06:13:46.519343,BTCUSDT,117621.5,117621.6,14529.0,1190.0
2025-07-24T06:13:46.548905,ETHUSDT,3558.91,3558.92,32146.0,7752.0
2025-07-24T06:13:46.619936,XRPUSDT,3.0744,3.0747,18306.0,26129.0
2025-07-24T06:13:46.656605,LTCUSDT,109.47,109.49,63322.0,54118.0
2025-07-24T06:13:47.225275,SOLUSDT,183.27,183.28,215.0,180.0
2025-07-24T06:13:47.509935,XRPUSDT,3.074,3.0741,48711.0,37453.0
2025-07-24T06:13:47.520692,ETHUSDT,3558.91,3558.92,97301.0,113927.0
2025-07-24T06:13:47.526012,BTCUSDT,117621.5,117621.6,13861.0,7433.0
2025-07-24T06:13:47.629202,LTCUSDT,109.47,109.48,36885.0,40925.0
2025-07-24T06:13:48.199634,SOLUSDT,183.27,183.28,207.0,436.0
2025-07-24T06:13:48.437751,BTCUSDT,117621.5,117621.6,15288.0,1110.0
2025-07-24T06:13:48.528614,ETHUSDT,3558.91,3558.92,298235.0,1759.0
2025-07-24T06:13:48.605842,XRPUSDT,3.0743,3.0744,90479.0,3236.0
2025-07-24T06:13:48.628849,LTCUSDT,109.48,109.5,20892.0,50469.0
2025-07-24T06:13:49.215503,SOLUSDT,183.26,183.28,236.0,434.0
2025-07-24T06:13:49.522303,BTCUSDT,117621.7,117621.8,12363.0,1159.0
2025-07-24T06:13:49.526089,ETHUSDT,3558.94,3559.22,333851.0,97657.0
2025-07-24T06:13:49.614018,XRPUSDT,3.0748,3.0749,57775.0,10.0
2025-07-24T06:13:49.642920,LTCUSDT,109.51,109.53,42890.0,20503.0
2025-07-24T06:13:50.228529,SOLUSDT,183.27,183.28,339.0,238.0
2025-07-24T06:13:50.518622,ETHUSDT,3559.24,3559.25,277174.0,22025.0
2025-07-24T06:13:50.525543,BTCUSDT,117621.7,117621.8,17538.0,2429.0
2025-07-24T06:13:50.620333,LTCUSDT,109.52,109.53,24434.0,61917.0
2025-07-24T06:13:50.621926,XRPUSDT,3.0748,3.0749,36259.0,69922.0
2025-07-24T06:13:51.228205,SOLUSDT,183.27,183.28,339.0,526.0
2025-07-24T06:13:51.505545,BTCUSDT,117621.7,117621.8,16293.0,5329.0
2025-07-24T06:13:51.530665,ETHUSDT,3559.24,3559.25,308533.0,27731.0
2025-07-24T06:13:51.612671,XRPUSDT,3.0744,3.0749,16445.0,90614.0
2025-07-24T06:13:51.635687,LTCUSDT,109.5,109.54,25351.0,209175.0
2025-07-24T06:13:52.249690,SOLUSDT,183.24,183.27,264.0,113.0
2025-07-24T06:13:52.499650,BTCUSDT,117621.7,117621.8,15982.0,9099.0
2025-07-24T06:13:52.519302,ETHUSDT,3558.48,3558.49,142557.0,234783.0
2025-07-24T06:13:52.623546,XRPUSDT,3.0734,3.0735,2577.0,104301.0
2025-07-24T06:13:52.631473,LTCUSDT,109.46,109.47,40586.0,33701.0
2025-07-24T06:13:53.235068,SOLUSDT,183.23,183.25,81.0,450.0
2025-07-24T06:13:53.447164,BTCUSDT,117621.7,117621.8,15561.0,8837.0
2025-07-24T06:13:53.530720,ETHUSDT,3558.48,3558.49,142186.0,126632.0
2025-07-24T06:13:53.536828,XRPUSDT,3.073,3.0735,64249.0,9958.0
2025-07-24T06:13:53.634157,LTCUSDT,109.45,109.46,19390.0,31550.0
2025-07-24T06:13:54.204485,SOLUSDT,183.21,183.22,303.0,241.0
2025-07-24T06:13:54.516623,ETHUSDT,3558.48,3558.49,140582.0,126720.0
2025-07-24T06:13:54.525051,BTCUSDT,117621.7,117621.8,13453.0,12162.0
2025-07-24T06:13:54.620018,LTCUSDT,109.44,109.45,26485.0,20703.0
2025-07-24T06:13:54.623068,XRPUSDT,3.073,3.0733,13664.0,49806.0
2025-07-24T06:13:55.230668,SOLUSDT,183.25,183.26,199.0,353.0
2025-07-24T06:13:55.443646,BTCUSDT,117621.7,117621.8,13761.0,11615.0
2025-07-24T06:13:55.526590,ETHUSDT,3558.77,3558.78,126578.0,170530.0
2025-07-24T06:13:55.584593,XRPUSDT,3.0725,3.073,18389.0,69042.0
2025-07-24T06:13:55.627708,LTCUSDT,109.44,109.45,37301.0,31557.0
2025-07-24T06:13:56.268365,SOLUSDT,183.25,183.53,97.0,73.0
2025-07-24T06:13:56.430660,BTCUSDT,117621.7,117621.8,14439.0,3315.0
2025-07-24T06:13:56.514143,ETHUSDT,3558.91,3558.92,255972.0,10061.0
2025-07-24T06:13:56.604245,XRPUSDT,3.0725,3.073,16436.0,42229.0
2025-07-24T06:13:56.630046,LTCUSDT,109.46,109.47,71225.0,32165.0
2025-07-24T06:13:57.206048,SOLUSDT,183.16,183.27,46.0,520.0
2025-07-24T06:13:57.446201,BTCUSDT,117621.7,117621.8,43.0,14696.0
2025-07-24T06:13:57.528480,ETHUSDT,3558.55,3558.61,284969.0,65182.0
2025-07-24T06:13:57.574176,XRPUSDT,3.0708,3.0709,17535.0,7788.0
2025-07-24T06:13:57.634799,LTCUSDT,109.41,109.44,88548.0,23616.0
2025-07-24T06:13:58.250393,SOLUSDT,183.19,183.24,508.0,43.0
2025-07-24T06:13:58.461431,BTCUSDT,117621.7,117621.8,203.0,4164.0
2025-07-24T06:13:58.572730,ETHUSDT,3558.68,3559.19,228965.0,81620.0
2025-07-24T06:13:58.612374,XRPUSDT,3.0708,3.0712,29395.0,40641.0
2025-07-24T06:13:58.638127,LTCUSDT,109.46,109.47,7356.0,92666.0
2025-07-24T06:13:59.263040,SOLUSDT,183.23,183.24,126.0,208.0
2025-07-24T06:13:59.492110,BTCUSDT,117621.7,117621.8,203.0,4501.0
2025-07-24T06:13:59.533349,ETHUSDT,3558.89,3558.9,137646.0,23257.0
2025-07-24T06:13:59.536540,XRPUSDT,3.0701,3.0705,37256.0,14962.0
2025-07-24T06:13:59.637249,LTCUSDT,109.43,109.44,66585.0,2556.0
2025-07-24T06:14:00.250289,SOLUSDT,183.28,183.32,624.0,44.0
2025-07-24T06:14:00.461911,BTCUSDT,117622.2,117630.6,5.0,178.0
2025-07-24T06:14:00.558066,ETHUSDT,3559.31,3560.28,36230.0,46.0
2025-07-24T06:14:00.621073,XRPUSDT,3.0709,3.0712,15057.0,28844.0
2025-07-24T06:14:00.673265,LTCUSDT,109.45,109.47,16898.0,108599.0
2025-07-24T06:14:01.235258,SOLUSDT,183.27,183.3,270.0,300.0
2025-07-24T06:14:01.463290,BTCUSDT,117631.3,117640.8,12973.0,206.0
2025-07-24T06:14:01.547287,ETHUSDT,3559.8,3559.81,125904.0,166659.0
2025-07-24T06:14:01.623826,XRPUSDT,3.0711,3.0718,90127.0,15099.0
2025-07-24T06:14:01.637678,LTCUSDT,109.45,109.48,47226.0,186687.0
2025-07-24T06:14:02.269581,SOLUSDT,183.34,183.36,318.0,297.0
2025-07-24T06:14:02.439334,BTCUSDT,117640.2,117640.3,16937.0,5.0
2025-07-24T06:14:02.535775,ETHUSDT,3560.11,3560.12,46111.0,132093.0
2025-07-24T06:14:02.598834,XRPUSDT,3.0723,3.073,74727.0,20668.0
2025-07-24T06:14:02.660064,LTCUSDT,109.51,109.52,46822.0,48804.0
2025-07-24T06:14:03.246758,SOLUSDT,183.36,183.37,526.0,132.0
2025-07-24T06:14:03.456783,BTCUSDT,117640.2,117640.3,18398.0,5.0
2025-07-24T06:14:03.528353,XRPUSDT,3.0726,3.0728,49723.0,3152.0
2025-07-24T06:14:03.538066,ETHUSDT,3560.5,3560.75,38998.0,77474.0
2025-07-24T06:14:03.643196,LTCUSDT,109.51,109.53,46822.0,1102.0
2025-07-24T06:14:04.247540,SOLUSDT,183.39,183.45,95.0,54.0
2025-07-24T06:14:04.447322,BTCUSDT,117649.3,117649.4,16720.0,2999.0
2025-07-24T06:14:04.519637,XRPUSDT,3.0734,3.0737,88557.0,17956.0
2025-07-24T06:14:04.548950,ETHUSDT,3560.62,3560.75,19741.0,20015.0
2025-07-24T06:14:04.687122,LTCUSDT,109.53,109.54,77307.0,1771.0
2025-07-24T06:14:05.270366,SOLUSDT,183.4,183.44,419.0,47.0
2025-07-24T06:14:05.533372,BTCUSDT,117649.3,117649.4,4274.0,13698.0
2025-07-24T06:14:05.538158,ETHUSDT,3560.34,3560.35,308255.0,117041.0
2025-07-24T06:14:05.605187,XRPUSDT,3.0725,3.0726,30433.0,4329.0
2025-07-24T06:14:05.641166,LTCUSDT,109.51,109.52,2892.0,79131.0
2025-07-24T06:14:06.246602,SOLUSDT,183.42,183.45,242.0,137.0
2025-07-24T06:14:06.519253,ETHUSDT,3562.17,3562.18,27400.0,31635.0
2025-07-24T06:14:06.537164,BTCUSDT,117649.3,117649.4,14075.0,3139.0
2025-07-24T06:14:06.636258,XRPUSDT,3.0734,3.0739,11873.0,32682.0
2025-07-24T06:14:06.648348,LTCUSDT,109.53,109.54,80958.0,5635.0
2025-07-24T06:14:07.241744,SOLUSDT,183.42,183.43,23.0,405.0
2025-07-24T06:14:07.437297,BTCUSDT,117649.3,117649.4,14219.0,3776.0
2025-07-24T06:14:07.571293,ETHUSDT,3562.17,3562.18,100807.0,80087.0
2025-07-24T06:14:07.624076,XRPUSDT,3.0738,3.0741,20218.0,18210.0
2025-07-24T06:14:07.699705,LTCUSDT,109.52,109.53,23328.0,8905.0
2025-07-24T06:14:08.202743,SOLUSDT,183.41,183.43,254.0,635.0
2025-07-24T06:14:08.486565,BTCUSDT,117649.3,117649.4,14475.0,3204.0
2025-07-24T06:14:08.531200,ETHUSDT,3562.17,3562.18,127296.0,134248.0
2025-07-24T06:14:08.614813,XRPUSDT,3.0736,3.0737,57291.0,1335.0
2025-07-24T06:14:08.662477,LTCUSDT,109.52,109.53,65914.0,8048.0
2025-07-24T06:14:09.241632,SOLUSDT,183.43,183.44,193.0,191.0
2025-07-24T06:14:09.536124,ETHUSDT,3562.47,3562.48,267868.0,46.0
2025-07-24T06:14:09.536447,BTCUSDT,117649.3,117649.4,2403.0,12973.0
2025-07-24T06:14:09.610091,XRPUSDT,3.0742,3.0746,18795.0,15166.0
2025-07-24T06:14:09.649983,LTCUSDT,109.53,109.54,7797.0,2833.0
2025-07-24T06:14:10.242512,SOLUSDT,183.45,183.46,460.0,259.0
2025-07-24T06:14:10.450443,BTCUSDT,117649.3,117649.4,5743.0,12706.0
2025-07-24T06:14:10.527335,ETHUSDT,3562.99,3563.21,293955.0,42.0
2025-07-24T06:14:10.611358,XRPUSDT,3.0751,3.0752,62332.0,10339.0
2025-07-24T06:14:10.630631,LTCUSDT,109.54,109.55,58885.0,24263.0
2025-07-24T06:14:11.235680,SOLUSDT,183.45,183.46,460.0,175.0
2025-07-24T06:14:11.507812,BTCUSDT,117649.3,117649.4,5252.0,13419.0
2025-07-24T06:14:11.527368,ETHUSDT,3563.2,3563.21,325703.0,42.0
2025-07-24T06:14:11.605579,XRPUSDT,3.0751,3.0752,32115.0,49502.0
2025-07-24T06:14:11.646923,LTCUSDT,109.54,109.55,31722.0,39061.0
2025-07-24T06:14:12.257097,SOLUSDT,183.45,183.47,585.0,581.0
2025-07-24T06:14:12.487222,BTCUSDT,117649.3,117649.4,10944.0,13363.0
2025-07-24T06:14:12.532519,ETHUSDT,3563.21,3563.52,104635.0,18315.0
2025-07-24T06:14:12.616422,XRPUSDT,3.0752,3.0757,89750.0,15171.0
2025-07-24T06:14:12.632777,LTCUSDT,109.54,109.56,36897.0,29137.0
2025-07-24T06:14:13.277433,SOLUSDT,183.4,183.52,124.0,2.0
2025-07-24T06:14:13.513139,ETHUSDT,3563.93,3564.11,367663.0,56330.0
2025-07-24T06:14:13.525839,XRPUSDT,3.0756,3.0757,15659.0,87448.0
2025-07-24T06:14:13.551527,BTCUSDT,117649.3,117649.4,11125.0,6706.0
2025-07-24T06:14:13.633425,LTCUSDT,109.55,109.56,71468.0,3513.0
2025-07-24T06:14:14.216705,SOLUSDT,183.4,183.52,129.0,2.0
2025-07-24T06:14:14.518547,BTCUSDT,117649.3,117649.4,13365.0,10803.0
2025-07-24T06:14:14.524557,ETHUSDT,3564.37,3564.75,316051.0,6588.0
2025-07-24T06:14:14.616933,XRPUSDT,3.0748,3.0754,62354.0,21354.0
2025-07-24T06:14:14.645622,LTCUSDT,109.56,109.57,32268.0,18541.0
2025-07-24T06:14:15.222389,SOLUSDT,183.39,183.5,2.0,2.0
2025-07-24T06:14:15.521299,BTCUSDT,117649.3,117649.4,13530.0,7250.0
2025-07-24T06:14:15.525499,ETHUSDT,3564.17,3564.18,117694.0,227450.0
2025-07-24T06:14:15.609775,XRPUSDT,3.0745,3.0749,46455.0,1053.0
2025-07-24T06:14:15.655920,LTCUSDT,109.54,109.55,50279.0,1054.0
2025-07-24T06:14:16.250580,SOLUSDT,183.46,183.47,123.0,126.0
2025-07-24T06:14:16.524367,BTCUSDT,117649.3,117649.4,9412.0,5652.0
2025-07-24T06:14:16.577339,ETHUSDT,3564.17,3564.18,115125.0,230418.0
2025-07-24T06:14:16.619076,XRPUSDT,3.0754,3.0755,66043.0,1038.0
2025-07-24T06:14:16.679222,LTCUSDT,109.54,109.57,50279.0,1282.0
2025-07-24T06:14:17.244933,SOLUSDT,183.46,183.47,172.0,167.0
2025-07-24T06:14:17.516636,ETHUSDT,3564.17,3564.18,88986.0,201192.0
2025-07-24T06:14:17.524396,BTCUSDT,117649.3,117649.4,13823.0,10324.0
2025-07-24T06:14:17.602731,XRPUSDT,3.0757,3.0758,9847.0,66888.0
2025-07-24T06:14:17.628418,LTCUSDT,109.56,109.57,54727.0,27774.0
2025-07-24T06:14:18.201552,SOLUSDT,183.46,183.47,172.0,167.0
2025-07-24T06:14:18.519860,BTCUSDT,117649.3,117649.4,14463.0,7296.0
2025-07-24T06:14:18.545935,ETHUSDT,3564.17,3564.18,134163.0,201607.0
2025-07-24T06:14:18.614966,XRPUSDT,3.0756,3.0758,12263.0,86203.0
2025-07-24T06:14:18.662930,LTCUSDT,109.57,109.58,38543.0,30473.0
2025-07-24T06:14:19.210130,SOLUSDT,183.5,183.54,14.0,134.0
2025-07-24T06:14:19.439363,BTCUSDT,117649.3,117649.4,9432.0,4992.0
2025-07-24T06:14:19.527100,ETHUSDT,3564.26,3564.38,191413.0,211779.0
2025-07-24T06:14:19.602421,XRPUSDT,3.0755,3.076,6808.0,17773.0
2025-07-24T06:14:19.637176,LTCUSDT,109.57,109.6,72281.0,25463.0
2025-07-24T06:14:23.259049,SOLUSDT,183.41,183.46,14.0,161.0
2025-07-24T06:14:23.259073,BTCUSDT,117632.8,117633.0,13735.0,473.0
2025-07-24T06:14:23.259097,ETHUSDT,3563.52,3564.09,2183.0,24.0
2025-07-24T06:14:23.259120,XRPUSDT,3.0746,3.0754,13013.0,15624.0
2025-07-24T06:14:23.259143,LTCUSDT,109.57,109.58,131040.0,19032.0
2025-07-24T06:14:23.259166,SOLUSDT,183.47,183.48,131.0,152.0
2025-07-24T06:14:23.259188,BTCUSDT,117632.9,117633.0,355.0,554.0
2025-07-24T06:14:23.259209,ETHUSDT,3565.11,3565.12,267717.0,8139.0
2025-07-24T06:14:23.259231,XRPUSDT,3.0752,3.0753,30153.0,22260.0
2025-07-24T06:14:23.259251,LTCUSDT,109.58,109.59,48902.0,2901.0
2025-07-24T06:14:23.328170,SOLUSDT,183.47,183.48,163.0,130.0
2025-07-24T06:14:23.328194,BTCUSDT,117633.1,117636.8,9357.0,21.0
2025-07-24T06:14:23.328219,ETHUSDT,3565.11,3565.76,360685.0,23058.0
2025-07-24T06:14:23.328244,XRPUSDT,3.0778,3.078,16648.0,554.0
2025-07-24T06:14:23.328269,LTCUSDT,109.6,109.62,37678.0,172742.0
2025-07-24T06:14:23.331575,SOLUSDT,183.49,183.51,148.0,11.0
2025-07-24T06:14:24.019515,BTCUSDT,117649.5,117649.6,17034.0,795.0
2025-07-24T06:14:24.019546,XRPUSDT,3.0779,3.078,27716.0,554.0
2025-07-24T06:14:24.019583,ETHUSDT,3566.1,3566.11,188728.0,41.0
2025-07-24T06:14:24.019619,LTCUSDT,109.64,109.65,73773.0,2416.0
2025-07-24T06:14:24.220033,SOLUSDT,183.54,183.55,35.0,3.0
2025-07-24T06:14:24.484291,BTCUSDT,117649.5,117649.6,12904.0,12.0
2025-07-24T06:14:24.528070,XRPUSDT,3.0779,3.0796,7549.0,13729.0
2025-07-24T06:14:24.528440,ETHUSDT,3566.79,3566.83,305604.0,76253.0
2025-07-24T06:14:24.646048,LTCUSDT,109.68,109.7,4236.0,15788.0
2025-07-24T06:14:25.326802,SOLUSDT,183.53,183.55,148.0,81.0
2025-07-24T06:14:25.513726,ETHUSDT,3567.19,3567.2,148120.0,1142.0
2025-07-24T06:14:25.552624,XRPUSDT,3.0795,3.0801,103530.0,52501.0
2025-07-24T06:14:25.552976,BTCUSDT,117679.8,117680.9,16436.0,210.0
2025-07-24T06:14:25.636704,LTCUSDT,109.73,109.77,87766.0,47236.0
2025-07-24T06:14:26.234332,SOLUSDT,183.53,183.55,12.0,126.0
2025-07-24T06:14:26.446655,BTCUSDT,117685.8,117691.0,84.0,190.0
2025-07-24T06:14:26.530060,ETHUSDT,3567.3,3567.32,23896.0,94177.0
2025-07-24T06:14:26.604324,XRPUSDT,3.0785,3.0804,21070.0,2.0
2025-07-24T06:14:26.630208,LTCUSDT,109.71,109.73,67913.0,23904.0
2025-07-24T06:14:27.224425,SOLUSDT,183.53,183.58,111.0,161.0
2025-07-24T06:14:27.445759,BTCUSDT,117687.1,117687.4,12370.0,101.0
2025-07-24T06:14:27.526702,ETHUSDT,3567.31,3567.32,114080.0,120040.0
2025-07-24T06:14:27.623943,XRPUSDT,3.08,3.0801,22153.0,21162.0
2025-07-24T06:14:27.629423,LTCUSDT,109.72,109.73,22430.0,23904.0
2025-07-24T06:14:28.248396,SOLUSDT,183.57,183.58,160.0,161.0
2025-07-24T06:14:28.448498,BTCUSDT,117691.1,117691.2,204.0,5062.0
2025-07-24T06:14:28.526256,ETHUSDT,3567.31,3567.32,74224.0,130866.0
2025-07-24T06:14:28.615984,XRPUSDT,3.0794,3.0797,14686.0,26012.0
2025-07-24T06:14:28.665940,LTCUSDT,109.72,109.74,186.0,70400.0
2025-07-24T06:14:29.244016,SOLUSDT,183.57,183.58,106.0,161.0
2025-07-24T06:14:29.515925,ETHUSDT,3567.24,3567.32,19260.0,358839.0
2025-07-24T06:14:29.522363,BTCUSDT,117691.1,117691.2,4541.0,4553.0
2025-07-24T06:14:29.613473,XRPUSDT,3.0794,3.0798,24826.0,4549.0
2025-07-24T06:14:29.631892,LTCUSDT,109.73,109.74,35008.0,3760.0
2025-07-24T06:14:30.227772,SOLUSDT,183.57,183.58,131.0,602.0
2025-07-24T06:14:30.429219,BTCUSDT,117691.1,117691.2,4733.0,5133.0
2025-07-24T06:14:30.516214,ETHUSDT,3567.24,3567.25,108765.0,246040.0
2025-07-24T06:14:30.608377,XRPUSDT,3.0796,3.0797,10517.0,24726.0
2025-07-24T06:14:30.623508,LTCUSDT,109.73,109.74,35008.0,41944.0
2025-07-24T06:14:31.221566,SOLUSDT,183.57,183.66,248.0,357.0
2025-07-24T06:14:31.525921,BTCUSDT,117691.1,117699.9,16624.0,3202.0
2025-07-24T06:14:31.532208,ETHUSDT,3567.24,3567.32,316740.0,79371.0
2025-07-24T06:14:31.622465,XRPUSDT,3.08,3.0801,24769.0,25158.0
2025-07-24T06:14:31.639130,LTCUSDT,109.76,109.77,25911.0,78458.0
2025-07-24T06:14:32.201748,SOLUSDT,183.61,183.64,330.0,2.0
2025-07-24T06:14:32.505030,BTCUSDT,117705.8,117772.8,125.0,5.0
2025-07-24T06:14:32.579538,ETHUSDT,3567.94,3567.95,64646.0,165692.0
2025-07-24T06:14:32.619303,XRPUSDT,3.08,3.0804,27445.0,2.0
2025-07-24T06:14:32.683555,LTCUSDT,109.77,109.78,47844.0,20676.0
2025-07-24T06:14:33.240066,SOLUSDT,183.65,183.66,563.0,62.0
2025-07-24T06:14:33.485486,BTCUSDT,117752.0,117752.1,15001.0,385.0
2025-07-24T06:14:33.519086,ETHUSDT,3568.68,3568.69,206.0,145942.0
2025-07-24T06:14:33.568739,XRPUSDT,3.0821,3.0822,28056.0,20286.0
2025-07-24T06:14:33.639521,LTCUSDT,109.79,109.82,145551.0,69736.0
2025-07-24T06:14:34.223965,SOLUSDT,183.66,183.68,116.0,255.0
2025-07-24T06:14:34.511295,BTCUSDT,117752.0,117752.1,9390.0,10221.0
2025-07-24T06:14:34.612109,XRPUSDT,3.0818,3.0826,25495.0,1162.0
2025-07-24T06:14:34.624063,ETHUSDT,3568.68,3569.08,279139.0,9240.0
2025-07-24T06:14:34.624106,LTCUSDT,109.75,109.78,51121.0,194.0
2025-07-24T06:14:35.227002,SOLUSDT,183.71,183.75,149.0,186.0
2025-07-24T06:14:35.444188,BTCUSDT,117752.0,117755.1,12461.0,58.0
2025-07-24T06:14:35.515489,ETHUSDT,3569.51,3569.52,41893.0,227396.0
2025-07-24T06:14:35.533300,XRPUSDT,3.0827,3.0829,23058.0,24869.0
2025-07-24T06:14:35.641779,LTCUSDT,109.78,109.79,9774.0,193752.0
2025-07-24T06:14:36.282184,SOLUSDT,183.73,183.75,200.0,692.0
2025-07-24T06:14:36.507129,BTCUSDT,117755.0,117755.1,2772.0,5578.0
2025-07-24T06:14:36.532721,ETHUSDT,3569.47,3569.48,349177.0,109247.0
2025-07-24T06:14:36.603063,XRPUSDT,3.0827,3.083,22477.0,3847.0
2025-07-24T06:14:36.654843,LTCUSDT,109.77,109.78,87492.0,48429.0
2025-07-24T06:14:37.226004,SOLUSDT,183.79,183.8,78.0,563.0
2025-07-24T06:14:37.445904,BTCUSDT,117755.0,117755.1,10072.0,13365.0
2025-07-24T06:14:37.519782,ETHUSDT,3569.31,3569.35,19714.0,274964.0
2025-07-24T06:14:37.614791,XRPUSDT,3.0833,3.0834,27175.0,7721.0
2025-07-24T06:14:37.629905,LTCUSDT,109.77,109.78,87492.0,69587.0
2025-07-24T06:14:38.204323,SOLUSDT,183.81,183.83,510.0,161.0
2025-07-24T06:14:38.521027,BTCUSDT,117755.0,117755.1,13401.0,12538.0
2025-07-24T06:14:38.524175,ETHUSDT,3570.31,3571.19,75665.0,41.0
2025-07-24T06:14:38.614423,XRPUSDT,3.084,3.0841,22442.0,12341.0
2025-07-24T06:14:38.627842,LTCUSDT,109.8,109.82,54654.0,44103.0
2025-07-24T06:14:39.225757,SOLUSDT,183.79,183.82,250.0,51.0
2025-07-24T06:14:39.453018,BTCUSDT,117755.0,117755.1,9424.0,11541.0
2025-07-24T06:14:39.515611,ETHUSDT,3570.42,3570.5,28232.0,282145.0
2025-07-24T06:14:39.526624,XRPUSDT,3.0844,3.085,17110.0,3209.0
2025-07-24T06:14:39.655967,LTCUSDT,109.81,109.83,38737.0,19735.0
2025-07-24T06:14:40.283302,SOLUSDT,183.79,183.85,643.0,52.0
2025-07-24T06:14:40.445165,BTCUSDT,117755.0,117755.1,8792.0,1422.0
2025-07-24T06:14:40.560004,ETHUSDT,3571.0,3571.19,25325.0,23757.0
2025-07-24T06:14:40.614968,XRPUSDT,3.0873,3.0893,278.0,278.0
2025-07-24T06:14:40.659379,LTCUSDT,109.86,109.88,104486.0,17148.0
2025-07-24T06:14:41.257442,SOLUSDT,183.82,183.83,208.0,206.0
2025-07-24T06:14:41.575689,BTCUSDT,117740.0,117747.6,1421.0,102.0
2025-07-24T06:14:41.591650,LTCUSDT,109.87,109.88,94695.0,120.0
2025-07-24T06:14:41.593105,ETHUSDT,3571.18,3571.28,255207.0,62612.0
2025-07-24T06:14:41.598191,XRPUSDT,3.0873,3.0876,2399.0,15140.0
2025-07-24T06:14:42.238998,SOLUSDT,183.82,183.84,95.0,463.0
2025-07-24T06:14:42.513179,ETHUSDT,3571.27,3571.28,120546.0,81640.0
2025-07-24T06:14:42.524355,BTCUSDT,117740.0,117740.1,3991.0,12227.0
2025-07-24T06:14:42.604159,XRPUSDT,3.0869,3.0872,18980.0,21285.0
2025-07-24T06:14:42.621968,LTCUSDT,109.87,109.88,94695.0,64254.0
2025-07-24T06:14:43.250571,SOLUSDT,183.82,183.83,65.0,170.0
2025-07-24T06:14:43.440920,BTCUSDT,117740.0,117740.1,11053.0,16817.0
2025-07-24T06:14:43.527432,ETHUSDT,3571.05,3571.28,17666.0,292216.0
2025-07-24T06:14:43.635624,XRPUSDT,3.0865,3.087,20767.0,24130.0
2025-07-24T06:14:43.644438,LTCUSDT,109.85,109.88,81011.0,24283.0
2025-07-24T06:14:44.267267,SOLUSDT,183.74,183.79,7.0,539.0
2025-07-24T06:14:44.441957,BTCUSDT,117723.5,117723.6,12894.0,5320.0
2025-07-24T06:14:44.537607,ETHUSDT,3570.08,3570.17,95092.0,313685.0
2025-07-24T06:14:44.606346,XRPUSDT,3.0843,3.0847,1219.0,18834.0
2025-07-24T06:14:44.659323,LTCUSDT,109.83,109.84,44957.0,30241.0
2025-07-24T06:14:45.144481,SOLUSDT,183.69,183.75,47.0,124.0
2025-07-24T06:14:45.430115,BTCUSDT,117723.5,117723.6,7929.0,9706.0
2025-07-24T06:14:45.518740,ETHUSDT,3570.31,3570.33,7075.0,314504.0
2025-07-24T06:14:45.523438,XRPUSDT,3.0833,3.0842,22466.0,5644.0
2025-07-24T06:14:45.621680,LTCUSDT,109.81,109.82,86697.0,9135.0
2025-07-24T06:14:46.230014,SOLUSDT,183.7,183.72,53.0,724.0
2025-07-24T06:14:46.447121,BTCUSDT,117723.5,117723.6,2105.0,3130.0
2025-07-24T06:14:46.526163,ETHUSDT,3570.31,3570.32,12614.0,187130.0
2025-07-24T06:14:46.615062,XRPUSDT,3.0834,3.0836,20896.0,2818.0
2025-07-24T06:14:46.626814,LTCUSDT,109.81,109.82,49447.0,15142.0
2025-07-24T06:14:47.210369,SOLUSDT,183.68,183.71,15.0,338.0
2025-07-24T06:14:47.521276,BTCUSDT,117723.5,117723.6,12701.0,14895.0
2025-07-24T06:14:47.534608,ETHUSDT,3570.53,3570.8,28252.0,26292.0
2025-07-24T06:14:47.611761,XRPUSDT,3.0831,3.0832,4091.0,14941.0
2025-07-24T06:14:47.669105,LTCUSDT,109.79,109.81,100258.0,36188.0
2025-07-24T06:14:48.263222,SOLUSDT,183.68,183.7,3.0,340.0
2025-07-24T06:14:48.522271,BTCUSDT,117723.5,117723.6,10495.0,15608.0
2025-07-24T06:14:48.538162,ETHUSDT,3569.87,3570.05,203725.0,29809.0
2025-07-24T06:14:48.614908,XRPUSDT,3.0825,3.0826,4008.0,17255.0
2025-07-24T06:14:48.656364,LTCUSDT,109.78,109.79,43642.0,31648.0
2025-07-24T06:14:49.242323,SOLUSDT,183.63,183.64,25.0,434.0
2025-07-24T06:14:49.441247,BTCUSDT,117723.5,117723.6,5710.0,10855.0
2025-07-24T06:14:49.533043,ETHUSDT,3569.87,3569.88,33725.0,96064.0
2025-07-24T06:14:49.545392,XRPUSDT,3.0822,3.0825,16899.0,1477.0
2025-07-24T06:14:49.640311,LTCUSDT,109.78,109.79,6955.0,48607.0
2025-07-24T06:14:50.202028,SOLUSDT,183.58,183.61,3.0,321.0
2025-07-24T06:14:50.426819,BTCUSDT,117702.8,117707.1,51.0,7882.0
2025-07-24T06:14:50.531910,ETHUSDT,3568.96,3569.16,46999.0,373218.0
2025-07-24T06:14:50.562519,XRPUSDT,3.0808,3.0816,10603.0,18039.0
2025-07-24T06:14:50.627594,LTCUSDT,109.73,109.74,58265.0,46103.0
2025-07-24T06:14:51.248242,SOLUSDT,183.57,183.58,9.0,210.0
2025-07-24T06:14:51.531686,BTCUSDT,117699.8,117699.9,12614.0,16629.0
2025-07-24T06:14:51.554160,ETHUSDT,3568.24,3568.46,29.0,343015.0
2025-07-24T06:14:51.624478,XRPUSDT,3.0806,3.0813,918.0,2781.0
2025-07-24T06:14:51.647026,LTCUSDT,109.72,109.74,790.0,46103.0
2025-07-24T06:14:52.211187,SOLUSDT,183.54,183.55,230.0,564.0
2025-07-24T06:14:52.499244,BTCUSDT,117699.8,117699.9,7743.0,12292.0
2025-07-24T06:14:52.527705,ETHUSDT,3568.2,3568.71,110035.0,41.0
2025-07-24T06:14:52.573150,XRPUSDT,3.0817,3.0831,22088.0,3578.0
2025-07-24T06:14:52.645376,LTCUSDT,109.71,109.76,283019.0,237536.0
2025-07-24T06:14:53.206529,SOLUSDT,183.55,183.56,152.0,339.0
2025-07-24T06:14:53.445282,BTCUSDT,117699.8,117699.9,11941.0,13696.0
2025-07-24T06:14:53.529931,ETHUSDT,3568.31,3568.59,198120.0,162762.0
2025-07-24T06:14:53.627492,XRPUSDT,3.0823,3.0824,1835.0,22324.0
2025-07-24T06:14:53.630282,LTCUSDT,109.72,109.73,35790.0,81936.0
2025-07-24T06:14:54.253342,SOLUSDT,183.55,183.56,93.0,147.0
2025-07-24T06:14:54.522784,BTCUSDT,117699.8,117699.9,12024.0,13575.0
2025-07-24T06:14:54.531524,ETHUSDT,3568.31,3568.32,198120.0,112591.0
2025-07-24T06:14:54.610696,XRPUSDT,3.0818,3.0823,3047.0,18217.0
2025-07-24T06:14:54.648691,LTCUSDT,109.7,109.72,133309.0,122250.0
2025-07-24T06:14:55.233935,SOLUSDT,183.52,183.53,133.0,151.0
2025-07-24T06:14:55.534493,BTCUSDT,117699.8,117699.9,7213.0,10485.0
2025-07-24T06:14:55.548104,ETHUSDT,3568.14,3568.32,71223.0,138641.0
2025-07-24T06:14:55.621618,XRPUSDT,3.0811,3.082,6.0,20023.0
2025-07-24T06:14:55.653309,LTCUSDT,109.69,109.71,104.0,81203.0
2025-07-24T06:14:56.199255,SOLUSDT,183.52,183.55,305.0,243.0
2025-07-24T06:14:56.520474,BTCUSDT,117699.8,117699.9,11707.0,15452.0
2025-07-24T06:14:56.531043,ETHUSDT,3568.14,3568.15,154455.0,71160.0
2025-07-24T06:14:56.607261,XRPUSDT,3.0811,3.0812,20973.0,16302.0
2025-07-24T06:14:56.645173,LTCUSDT,109.69,109.7,32328.0,2507.0
2025-07-24T06:14:57.203611,SOLUSDT,183.54,183.55,397.0,133.0
2025-07-24T06:14:57.460326,BTCUSDT,117699.8,117699.9,10543.0,16544.0
2025-07-24T06:14:57.523924,ETHUSDT,3568.14,3568.15,154393.0,133069.0
2025-07-24T06:14:57.577720,XRPUSDT,3.0811,3.0815,18831.0,6878.0
2025-07-24T06:14:57.636721,LTCUSDT,109.69,109.7,33983.0,22521.0
2025-07-24T06:14:58.265590,SOLUSDT,183.54,183.57,503.0,150.0
2025-07-24T06:14:58.520416,BTCUSDT,117699.8,117699.9,11121.0,15834.0
2025-07-24T06:14:58.534421,ETHUSDT,3568.14,3568.31,178334.0,167395.0
2025-07-24T06:14:58.629515,XRPUSDT,3.0815,3.082,22314.0,15995.0
2025-07-24T06:14:58.634633,LTCUSDT,109.7,109.71,35057.0,37724.0
2025-07-24T06:14:59.220299,SOLUSDT,183.56,183.57,309.0,109.0
2025-07-24T06:14:59.446392,BTCUSDT,117699.8,117699.9,13511.0,15421.0
2025-07-24T06:14:59.540133,XRPUSDT,3.0817,3.0818,16426.0,19307.0
2025-07-24T06:14:59.540176,ETHUSDT,3568.3,3568.31,84126.0,80086.0
2025-07-24T06:14:59.642185,LTCUSDT,109.7,109.72,122890.0,11775.0
2025-07-24T06:15:00.232470,SOLUSDT,183.57,183.58,198.0,363.0
2025-07-24T06:15:00.450524,BTCUSDT,117699.8,117699.9,14649.0,17523.0
2025-07-24T06:15:00.563801,ETHUSDT,3568.33,3568.89,17193.0,188135.0
2025-07-24T06:15:00.624688,XRPUSDT,3.0823,3.083,19813.0,16396.0
2025-07-24T06:15:00.658079,LTCUSDT,109.7,109.74,28790.0,27463.0
2025-07-24T06:15:01.231822,SOLUSDT,183.64,183.66,57.0,320.0
2025-07-24T06:15:01.538144,BTCUSDT,117714.7,117714.8,571.0,97.0
2025-07-24T06:15:01.541699,ETHUSDT,3568.44,3568.45,132932.0,225855.0
2025-07-24T06:15:01.627711,XRPUSDT,3.0819,3.0824,22019.0,16812.0
2025-07-24T06:15:01.667970,LTCUSDT,109.72,109.74,105405.0,39934.0
2025-07-24T06:15:02.271505,SOLUSDT,183.59,183.6,434.0,81.0
2025-07-24T06:15:02.443354,BTCUSDT,117714.8,117714.9,8782.0,5317.0
2025-07-24T06:15:02.530810,ETHUSDT,3568.0,3568.01,11821.0,123192.0
2025-07-24T06:15:02.576741,XRPUSDT,3.0805,3.0808,278.0,20839.0
2025-07-24T06:15:02.636307,LTCUSDT,109.66,109.71,35044.0,52628.0
2025-07-24T06:15:03.222275,SOLUSDT,183.54,183.55,283.0,339.0
2025-07-24T06:15:03.446245,BTCUSDT,117707.0,117707.1,10202.0,14259.0
2025-07-24T06:15:03.525590,ETHUSDT,3567.68,3567.69,93671.0,95909.0
2025-07-24T06:15:03.591850,XRPUSDT,3.079,3.0796,20773.0,16652.0
2025-07-24T06:15:03.633089,LTCUSDT,109.67,109.68,82401.0,31705.0
2025-07-24T06:15:04.252852,SOLUSDT,183.52,183.53,133.0,453.0
2025-07-24T06:15:04.521225,BTCUSDT,117707.0,117707.1,9706.0,9535.0
2025-07-24T06:15:04.527601,ETHUSDT,3567.67,3567.68,99736.0,32152.0
2025-07-24T06:15:04.612667,XRPUSDT,3.0795,3.0796,19529.0,15283.0
2025-07-24T06:15:04.629427,LTCUSDT,109.67,109.7,82401.0,190830.0
2025-07-24T06:15:05.230690,SOLUSDT,183.52,183.53,220.0,453.0
2025-07-24T06:15:05.437326,BTCUSDT,117707.0,117707.1,14559.0,14191.0
2025-07-24T06:15:05.531212,ETHUSDT,3567.67,3568.22,372281.0,18.0
2025-07-24T06:15:05.544330,XRPUSDT,3.0795,3.0805,8160.0,13689.0
2025-07-24T06:15:05.648000,LTCUSDT,109.7,109.74,9272.0,52037.0
2025-07-24T06:15:06.208455,SOLUSDT,183.57,183.59,358.0,279.0
2025-07-24T06:15:06.445630,BTCUSDT,117716.3,117722.0,991.0,2915.0
2025-07-24T06:15:06.516668,ETHUSDT,3568.83,3568.85,170340.0,181565.0
2025-07-24T06:15:06.612166,XRPUSDT,3.0817,3.0818,15743.0,9235.0
2025-07-24T06:15:06.621369,LTCUSDT,109.73,109.74,69220.0,45826.0
2025-07-24T06:15:07.227055,SOLUSDT,183.57,183.59,188.0,18.0
2025-07-24T06:15:07.441638,BTCUSDT,117721.9,117722.0,10296.0,8880.0
2025-07-24T06:15:07.532546,XRPUSDT,3.0818,3.0819,19534.0,4996.0
2025-07-24T06:15:07.535908,ETHUSDT,3568.74,3568.75,329568.0,144492.0
2025-07-24T06:15:07.638543,LTCUSDT,109.76,109.77,79056.0,37832.0
2025-07-24T06:15:08.285409,SOLUSDT,183.59,183.62,197.0,349.0
2025-07-24T06:15:08.442162,BTCUSDT,117721.9,117722.0,9110.0,1784.0
2025-07-24T06:15:08.527545,ETHUSDT,3569.09,3569.1,245146.0,12980.0
2025-07-24T06:15:08.611376,XRPUSDT,3.0828,3.0829,19583.0,17886.0
2025-07-24T06:15:08.631596,LTCUSDT,109.78,109.79,100919.0,36056.0
2025-07-24T06:15:09.272085,SOLUSDT,183.62,183.65,445.0,1.0
2025-07-24T06:15:09.447568,BTCUSDT,117721.9,117722.0,9110.0,1784.0
2025-07-24T06:15:09.503059,ETHUSDT,3569.09,3569.39,161651.0,41.0
2025-07-24T06:15:09.535740,XRPUSDT,3.0826,3.0828,22072.0,12870.0
2025-07-24T06:15:09.623482,LTCUSDT,109.78,109.8,100919.0,11923.0
2025-07-24T06:15:10.240031,SOLUSDT,183.69,183.7,135.0,423.0
2025-07-24T06:15:10.520589,BTCUSDT,117726.7,117739.7,1817.0,6140.0
2025-07-24T06:15:10.532298,ETHUSDT,3569.63,3569.64,185135.0,61737.0
2025-07-24T06:15:10.616359,XRPUSDT,3.0831,3.0834,18031.0,16641.0
2025-07-24T06:15:10.647308,LTCUSDT,109.8,109.81,123279.0,64681.0
2025-07-24T06:15:11.222935,SOLUSDT,183.69,183.72,519.0,173.0
2025-07-24T06:15:11.445412,BTCUSDT,117739.6,117739.7,11931.0,8203.0
2025-07-24T06:15:11.511744,XRPUSDT,3.084,3.0841,278.0,17379.0
2025-07-24T06:15:11.553342,ETHUSDT,3569.63,3569.87,305698.0,15217.0
2025-07-24T06:15:11.668379,LTCUSDT,109.8,109.81,123279.0,2813.0
2025-07-24T06:15:12.200944,SOLUSDT,183.74,183.75,324.0,108.0
2025-07-24T06:15:12.482470,BTCUSDT,117739.6,117739.7,11873.0,5538.0
2025-07-24T06:15:12.534747,ETHUSDT,3570.43,3570.49,323485.0,33988.0
2025-07-24T06:15:12.615115,XRPUSDT,3.0844,3.0847,18684.0,2947.0
2025-07-24T06:15:12.640856,LTCUSDT,109.84,109.85,107666.0,7748.0
2025-07-24T06:15:13.240538,SOLUSDT,183.76,183.79,285.0,44.0
2025-07-24T06:15:13.519408,BTCUSDT,117744.6,117744.7,1245.0,580.0
2025-07-24T06:15:13.534412,ETHUSDT,3571.0,3571.01,324271.0,77023.0
2025-07-24T06:15:13.541164,XRPUSDT,3.085,3.0853,16982.0,22163.0
2025-07-24T06:15:13.639102,LTCUSDT,109.86,109.88,96674.0,165286.0
2025-07-24T06:15:14.146994,SOLUSDT,183.8,183.81,311.0,177.0
2025-07-24T06:15:14.429256,BTCUSDT,117746.3,117746.4,10070.0,5.0
2025-07-24T06:15:14.518650,ETHUSDT,3571.05,3571.06,241584.0,157435.0
2025-07-24T06:15:14.612371,XRPUSDT,3.0854,3.0856,3053.0,22151.0
2025-07-24T06:15:14.639926,LTCUSDT,109.85,109.89,51825.0,187606.0
2025-07-24T06:15:15.239451,SOLUSDT,183.8,183.81,217.0,325.0
2025-07-24T06:15:15.424545,BTCUSDT,117754.9,117755.0,508.0,116.0
2025-07-24T06:15:15.532519,XRPUSDT,3.0855,3.0859,20443.0,21660.0
2025-07-24T06:15:15.543977,ETHUSDT,3570.89,3570.99,136240.0,138858.0
2025-07-24T06:15:15.647622,LTCUSDT,109.84,109.86,39795.0,126009.0
2025-07-24T06:15:16.200049,SOLUSDT,183.78,183.81,23.0,574.0
2025-07-24T06:15:16.529039,BTCUSDT,117754.9,117755.0,3771.0,639.0
2025-07-24T06:15:16.530357,ETHUSDT,3570.66,3570.67,162907.0,29467.0
2025-07-24T06:15:16.625976,XRPUSDT,3.0845,3.0847,3686.0,19811.0
2025-07-24T06:15:16.640701,LTCUSDT,109.81,109.82,24616.0,1202.0
2025-07-24T06:15:17.224688,SOLUSDT,183.76,183.78,48.0,491.0
2025-07-24T06:15:17.451370,BTCUSDT,117754.9,117755.0,582.0,639.0
2025-07-24T06:15:17.527168,ETHUSDT,3570.82,3570.97,25300.0,266203.0
2025-07-24T06:15:17.604430,XRPUSDT,3.0836,3.0838,14625.0,16548.0
2025-07-24T06:15:17.630261,LTCUSDT,109.82,109.84,52318.0,51869.0
2025-07-24T06:15:18.146280,SOLUSDT,183.75,183.76,489.0,138.0
2025-07-24T06:15:18.439104,BTCUSDT,117754.9,117755.0,7134.0,572.0
2025-07-24T06:15:18.525659,ETHUSDT,3570.66,3570.81,28217.0,185017.0
2025-07-24T06:15:18.599516,XRPUSDT,3.0831,3.0836,12665.0,18083.0
2025-07-24T06:15:18.626959,LTCUSDT,109.83,109.84,1077.0,37884.0
2025-07-24T06:15:19.271723,SOLUSDT,183.71,183.75,213.0,2.0
2025-07-24T06:15:19.528470,BTCUSDT,117744.0,117744.7,7.0,1112.0
2025-07-24T06:15:19.531229,ETHUSDT,3569.92,3570.15,25564.0,30862.0
2025-07-24T06:15:19.611974,XRPUSDT,3.0818,3.0823,2933.0,22396.0
2025-07-24T06:15:19.638568,LTCUSDT,109.79,109.8,1999.0,48768.0
2025-07-24T06:15:20.269818,SOLUSDT,183.67,183.7,325.0,462.0
2025-07-24T06:15:20.510414,BTCUSDT,117729.1,117729.2,6214.0,9357.0
2025-07-24T06:15:20.524167,XRPUSDT,3.0814,3.0815,99419.0,36728.0
2025-07-24T06:15:20.540261,ETHUSDT,3569.68,3569.89,284316.0,20765.0
2025-07-24T06:15:20.641297,LTCUSDT,109.78,109.79,21575.0,73665.0
2025-07-24T06:15:21.282415,SOLUSDT,183.67,183.68,6.0,547.0
2025-07-24T06:15:21.526685,XRPUSDT,3.0817,3.0819,88886.0,13904.0
2025-07-24T06:15:21.529659,ETHUSDT,3569.92,3570.4,9612.0,324617.0
2025-07-24T06:15:21.535095,BTCUSDT,117729.1,117729.2,10926.0,9964.0
2025-07-24T06:15:21.632811,LTCUSDT,109.78,109.79,81563.0,60515.0
2025-07-24T06:15:22.199102,SOLUSDT,183.67,183.68,105.0,230.0
2025-07-24T06:15:22.506611,ETHUSDT,3569.94,3570.07,244555.0,15239.0
2025-07-24T06:15:22.518795,BTCUSDT,117729.1,117729.2,15816.0,8742.0
2025-07-24T06:15:22.604963,XRPUSDT,3.0818,3.0819,88993.0,12626.0
2025-07-24T06:15:22.628775,LTCUSDT,109.79,109.8,40873.0,25719.0
2025-07-24T06:15:23.277820,SOLUSDT,183.67,183.69,611.0,29.0
2025-07-24T06:15:23.440853,BTCUSDT,117729.1,117729.2,8477.0,812.0
2025-07-24T06:15:23.535355,XRPUSDT,3.0819,3.082,81304.0,38988.0
2025-07-24T06:15:23.549364,ETHUSDT,3570.77,3570.78,270267.0,54929.0
2025-07-24T06:15:23.657635,LTCUSDT,109.78,109.8,94425.0,25719.0
2025-07-24T06:15:24.256805,SOLUSDT,183.68,183.7,575.0,30.0
2025-07-24T06:15:24.438764,BTCUSDT,117750.0,117750.1,16104.0,382.0
2025-07-24T06:15:24.525134,ETHUSDT,3570.8,3571.14,280642.0,14003.0
2025-07-24T06:15:24.558387,XRPUSDT,3.0835,3.0842,278.0,18540.0
2025-07-24T06:15:24.626496,LTCUSDT,109.81,109.82,55179.0,7650.0
2025-07-24T06:15:25.217542,SOLUSDT,183.69,183.7,308.0,251.0
2025-07-24T06:15:25.521702,BTCUSDT,117750.0,117753.2,13049.0,120.0
2025-07-24T06:15:25.528945,ETHUSDT,3571.33,3571.76,121303.0,282034.0
2025-07-24T06:15:25.538111,XRPUSDT,3.0837,3.0842,278.0,14996.0
2025-07-24T06:15:25.643590,LTCUSDT,109.81,109.82,55179.0,56318.0
2025-07-24T06:15:26.439389,SOLUSDT,183.69,183.7,308.0,357.0
2025-07-24T06:15:26.458364,BTCUSDT,117753.0,117753.1,11293.0,309.0
2025-07-24T06:15:26.527624,ETHUSDT,3571.39,3571.4,340878.0,99364.0
2025-07-24T06:15:26.541665,XRPUSDT,3.0837,3.084,50312.0,3314.0
2025-07-24T06:15:26.644440,LTCUSDT,109.81,109.84,29715.0,33621.0
2025-07-24T06:15:27.231947,SOLUSDT,183.66,183.7,117.0,518.0
2025-07-24T06:15:27.526757,BTCUSDT,117753.0,117753.1,15794.0,275.0
2025-07-24T06:15:27.547174,XRPUSDT,3.0837,3.084,102497.0,14802.0
2025-07-24T06:15:27.547229,ETHUSDT,3570.69,3570.7,255259.0,128978.0
2025-07-24T06:15:27.663265,LTCUSDT,109.83,109.84,112606.0,7556.0
2025-07-24T06:15:28.247750,SOLUSDT,183.66,183.67,213.0,151.0
2025-07-24T06:15:28.444924,BTCUSDT,117753.0,117753.1,15745.0,275.0
2025-07-24T06:15:28.526247,ETHUSDT,3570.69,3570.7,259298.0,131555.0
2025-07-24T06:15:28.559267,XRPUSDT,3.0839,3.084,13110.0,87555.0
2025-07-24T06:15:28.629791,LTCUSDT,109.82,109.84,26886.0,88909.0
2025-07-24T06:15:29.243264,SOLUSDT,183.63,183.64,161.0,588.0
2025-07-24T06:15:29.442220,BTCUSDT,117753.0,117753.1,16328.0,275.0
2025-07-24T06:15:29.516994,ETHUSDT,3569.93,3569.94,55372.0,265243.0
2025-07-24T06:15:29.537258,XRPUSDT,3.0831,3.0834,16827.0,90095.0
2025-07-24T06:15:29.658312,LTCUSDT,109.8,109.82,24773.0,18181.0
2025-07-24T06:15:30.242054,SOLUSDT,183.63,183.65,674.0,18.0
2025-07-24T06:15:30.519947,BTCUSDT,117769.7,117769.8,6438.0,536.0
2025-07-24T06:15:30.523438,ETHUSDT,3569.93,3569.94,118334.0,96082.0
2025-07-24T06:15:30.534047,XRPUSDT,3.0829,3.0833,18187.0,81170.0
2025-07-24T06:15:30.626533,LTCUSDT,109.79,109.81,145705.0,9949.0
2025-07-24T06:15:31.244132,SOLUSDT,183.58,183.59,187.0,226.0
2025-07-24T06:15:31.430059,BTCUSDT,117769.7,117769.8,10917.0,600.0
2025-07-24T06:15:31.507397,ETHUSDT,3569.68,3569.85,15319.0,248860.0
2025-07-24T06:15:31.620504,XRPUSDT,3.082,3.0821,5153.0,81084.0
2025-07-24T06:15:31.631737,LTCUSDT,109.78,109.79,94425.0,112565.0
2025-07-24T06:15:32.251999,SOLUSDT,183.55,183.58,41.0,593.0
2025-07-24T06:15:32.534185,BTCUSDT,117769.7,117769.8,10525.0,600.0
2025-07-24T06:15:32.547248,ETHUSDT,3569.15,3569.37,88794.0,134899.0
2025-07-24T06:15:32.603448,XRPUSDT,3.0815,3.0816,10283.0,75593.0
2025-07-24T06:15:32.668793,LTCUSDT,109.75,109.77,15831.0,118289.0
2025-07-24T06:15:33.242620,SOLUSDT,183.54,183.55,531.0,303.0
2025-07-24T06:15:33.449555,BTCUSDT,117769.7,117769.8,10726.0,600.0
2025-07-24T06:15:33.523203,ETHUSDT,3569.15,3569.16,167102.0,97143.0
2025-07-24T06:15:33.604858,XRPUSDT,3.0815,3.0816,63269.0,75585.0
2025-07-24T06:15:33.642833,LTCUSDT,109.74,109.77,7779.0,76477.0
2025-07-24T06:15:34.220715,SOLUSDT,183.54,183.55,547.0,109.0
2025-07-24T06:15:34.445683,BTCUSDT,117769.7,117769.8,6253.0,564.0
2025-07-24T06:15:34.521817,ETHUSDT,3569.15,3569.16,142458.0,104084.0
2025-07-24T06:15:34.619014,XRPUSDT,3.0825,3.0828,104668.0,43173.0
2025-07-24T06:15:34.626835,LTCUSDT,109.74,109.77,119986.0,257593.0
2025-07-24T06:15:35.242597,SOLUSDT,183.55,183.56,125.0,376.0
2025-07-24T06:15:35.519049,BTCUSDT,117769.7,117769.8,10727.0,600.0
2025-07-24T06:15:35.522353,ETHUSDT,3569.15,3569.16,110555.0,73786.0
2025-07-24T06:15:35.526884,XRPUSDT,3.0827,3.0828,69628.0,16913.0
2025-07-24T06:15:35.621429,LTCUSDT,109.76,109.78,51578.0,41744.0
2025-07-24T06:15:36.223634,SOLUSDT,183.57,183.58,198.0,245.0
2025-07-24T06:15:36.537178,BTCUSDT,117769.7,117769.8,12057.0,524.0
2025-07-24T06:15:36.539054,ETHUSDT,3569.5,3569.51,283859.0,26989.0
2025-07-24T06:15:36.617982,XRPUSDT,3.0832,3.0835,14498.0,65608.0
2025-07-24T06:15:36.646407,LTCUSDT,109.75,109.78,33395.0,90499.0
2025-07-24T06:15:37.236314,SOLUSDT,183.51,183.55,351.0,42.0
2025-07-24T06:15:37.518176,ETHUSDT,3568.86,3568.87,185251.0,21809.0
2025-07-24T06:15:37.521160,BTCUSDT,117753.1,117753.2,6338.0,8606.0
2025-07-24T06:15:37.607479,XRPUSDT,3.0821,3.0827,25963.0,16077.0
2025-07-24T06:15:37.630543,LTCUSDT,109.72,109.74,47499.0,185101.0
2025-07-24T06:15:38.225276,SOLUSDT,183.53,183.54,120.0,208.0
2025-07-24T06:15:38.472711,BTCUSDT,117753.1,117753.2,7412.0,7347.0
2025-07-24T06:15:38.524791,ETHUSDT,3569.22,3569.23,58880.0,229534.0
2025-07-24T06:15:38.618753,XRPUSDT,3.0811,3.0816,14313.0,106402.0
2025-07-24T06:15:38.621760,LTCUSDT,109.7,109.72,96381.0,116494.0
2025-07-24T06:15:39.215382,SOLUSDT,183.52,183.53,270.0,260.0
2025-07-24T06:15:39.445430,BTCUSDT,117753.1,117753.2,11196.0,16050.0
2025-07-24T06:15:39.530369,ETHUSDT,3568.99,3569.01,117.0,94029.0
2025-07-24T06:15:39.539366,XRPUSDT,3.0808,3.0812,16859.0,38421.0
2025-07-24T06:15:39.644745,LTCUSDT,109.69,109.71,2697.0,86385.0
2025-07-24T06:15:40.263657,SOLUSDT,183.48,183.49,607.0,61.0
2025-07-24T06:15:40.448858,BTCUSDT,117753.1,117753.2,9082.0,12449.0
2025-07-24T06:15:40.523839,ETHUSDT,3568.75,3568.76,7670.0,178198.0
2025-07-24T06:15:40.602222,XRPUSDT,3.0807,3.0809,478.0,33625.0
2025-07-24T06:15:40.626194,LTCUSDT,109.68,109.69,9679.0,107474.0
2025-07-24T06:15:41.265412,SOLUSDT,183.48,183.49,407.0,52.0
2025-07-24T06:15:41.525641,BTCUSDT,117753.1,117753.2,9291.0,17217.0
2025-07-24T06:15:41.529356,ETHUSDT,3568.75,3568.76,6927.0,142259.0
2025-07-24T06:15:41.605344,XRPUSDT,3.0803,3.0809,17135.0,87633.0
2025-07-24T06:15:41.634828,LTCUSDT,109.68,109.69,14322.0,49803.0
2025-07-24T06:15:42.242455,SOLUSDT,183.46,183.48,327.0,42.0
2025-07-24T06:15:42.524031,ETHUSDT,3568.62,3568.63,101546.0,227293.0
2025-07-24T06:15:42.524098,BTCUSDT,117753.1,117753.2,9052.0,17010.0
2025-07-24T06:15:42.611653,XRPUSDT,3.0806,3.0807,89353.0,29243.0
2025-07-24T06:15:42.624199,LTCUSDT,109.66,109.67,999.0,79180.0
2025-07-24T06:15:43.235222,SOLUSDT,183.46,183.47,86.0,505.0
2025-07-24T06:15:43.440985,BTCUSDT,117753.1,117753.2,2657.0,12449.0
2025-07-24T06:15:43.530580,ETHUSDT,3568.01,3568.39,24913.0,24.0
2025-07-24T06:15:43.624162,XRPUSDT,3.0806,3.081,3842.0,91243.0
2025-07-24T06:15:43.650677,LTCUSDT,109.64,109.65,3975.0,146156.0
2025-07-24T06:15:44.250290,SOLUSDT,183.4,183.41,306.0,532.0
2025-07-24T06:15:44.433644,BTCUSDT,117753.1,117753.2,12884.0,16930.0
2025-07-24T06:15:44.535682,ETHUSDT,3567.74,3568.01,43894.0,154163.0
2025-07-24T06:15:44.614834,XRPUSDT,3.0797,3.0801,34149.0,63006.0
2025-07-24T06:15:44.646279,LTCUSDT,109.62,109.63,2588.0,59779.0
2025-07-24T06:15:45.216911,SOLUSDT,183.36,183.4,50.0,181.0
2025-07-24T06:15:45.430633,BTCUSDT,117736.5,117752.7,183.0,5.0
2025-07-24T06:15:45.513505,ETHUSDT,3567.35,3567.38,78019.0,219398.0
2025-07-24T06:15:45.628208,XRPUSDT,3.0796,3.0798,3262.0,16725.0
2025-07-24T06:15:45.641142,LTCUSDT,109.63,109.64,73877.0,30486.0
2025-07-24T06:15:46.215263,SOLUSDT,183.38,183.4,587.0,115.0
2025-07-24T06:15:46.518538,BTCUSDT,117736.6,117736.7,7308.0,11322.0
2025-07-24T06:15:46.525426,ETHUSDT,3567.35,3567.36,107169.0,263212.0
2025-07-24T06:15:46.618847,XRPUSDT,3.0802,3.0805,86339.0,5260.0
2025-07-24T06:15:46.628675,LTCUSDT,109.63,109.64,73877.0,1873.0
2025-07-24T06:15:47.230907,SOLUSDT,183.39,183.4,569.0,32.0
2025-07-24T06:15:47.527982,BTCUSDT,117736.6,117736.7,11882.0,16415.0
2025-07-24T06:15:47.547960,ETHUSDT,3567.35,3567.36,232573.0,185953.0
2025-07-24T06:15:47.602387,XRPUSDT,3.0804,3.0805,93196.0,23106.0
2025-07-24T06:15:47.663195,LTCUSDT,109.63,109.64,37466.0,3902.0
2025-07-24T06:15:48.210158,SOLUSDT,183.39,183.41,301.0,45.0
2025-07-24T06:15:48.512863,ETHUSDT,3567.91,3568.63,205173.0,1954.0
2025-07-24T06:15:48.521670,BTCUSDT,117737.1,117745.7,5.0,3693.0
2025-07-24T06:15:48.617782,XRPUSDT,3.0819,3.0822,85966.0,15769.0
2025-07-24T06:15:48.626716,LTCUSDT,109.71,109.73,102714.0,36409.0
2025-07-24T06:15:49.232612,SOLUSDT,183.42,183.44,424.0,68.0
2025-07-24T06:15:49.444582,BTCUSDT,117745.6,117745.7,10609.0,5830.0
2025-07-24T06:15:49.537296,ETHUSDT,3568.62,3568.63,106150.0,3691.0
2025-07-24T06:15:49.606369,XRPUSDT,3.082,3.0825,66986.0,28759.0
2025-07-24T06:15:49.645832,LTCUSDT,109.7,109.71,29354.0,5984.0
2025-07-24T06:15:50.204329,SOLUSDT,183.44,183.45,257.0,170.0
2025-07-24T06:15:50.523836,BTCUSDT,117746.1,117752.2,5.0,3420.0
2025-07-24T06:15:50.527065,XRPUSDT,3.0824,3.0832,87701.0,18007.0
2025-07-24T06:15:50.617538,ETHUSDT,3568.74,3569.23,338169.0,4278.0
2025-07-24T06:15:50.618251,LTCUSDT,109.72,109.73,83710.0,8528.0
2025-07-24T06:15:51.242995,SOLUSDT,183.44,183.47,121.0,546.0
2025-07-24T06:15:51.469449,BTCUSDT,117752.1,117752.2,9665.0,6022.0
2025-07-24T06:15:51.528630,ETHUSDT,3568.84,3568.85,32564.0,158011.0
2025-07-24T06:15:51.604948,XRPUSDT,3.0819,3.0827,68591.0,55228.0
2025-07-24T06:15:51.642308,LTCUSDT,109.7,109.72,138952.0,88476.0
2025-07-24T06:15:52.257755,SOLUSDT,183.4,183.43,21.0,567.0
2025-07-24T06:15:52.482409,BTCUSDT,117743.7,117745.2,2029.0,4802.0
2025-07-24T06:15:52.536502,ETHUSDT,3568.09,3568.36,30001.0,27576.0
2025-07-24T06:15:52.623670,XRPUSDT,3.0807,3.0812,41316.0,14647.0
2025-07-24T06:15:52.633314,LTCUSDT,109.64,109.67,41977.0,43973.0
2025-07-24T06:15:53.261223,SOLUSDT,183.38,183.39,307.0,589.0
2025-07-24T06:15:53.511693,ETHUSDT,3568.09,3568.1,69828.0,154766.0
2025-07-24T06:15:53.520845,BTCUSDT,117743.7,117743.8,6256.0,11640.0
2025-07-24T06:15:53.610975,XRPUSDT,3.0806,3.0808,16825.0,104707.0
2025-07-24T06:15:53.634683,LTCUSDT,109.64,109.65,41977.0,5995.0
2025-07-24T06:15:54.226235,SOLUSDT,183.37,183.39,56.0,174.0
2025-07-24T06:15:54.514180,BTCUSDT,117743.7,117743.8,15285.0,4723.0
2025-07-24T06:15:54.515680,ETHUSDT,3568.09,3568.1,105907.0,148092.0
2025-07-24T06:15:54.619995,XRPUSDT,3.0806,3.0807,20959.0,90015.0
2025-07-24T06:15:54.623512,LTCUSDT,109.64,109.65,6013.0,61290.0
2025-07-24T06:15:55.229187,SOLUSDT,183.34,183.37,234.0,312.0
2025-07-24T06:15:55.452748,BTCUSDT,117743.7,117743.8,15716.0,1973.0
2025-07-24T06:15:55.541278,ETHUSDT,3568.0,3568.01,82813.0,313096.0
2025-07-24T06:15:55.603416,XRPUSDT,3.08,3.0801,55047.0,91737.0
2025-07-24T06:15:55.664611,LTCUSDT,109.61,109.62,3319.0,155090.0
2025-07-24T06:15:56.225559,SOLUSDT,183.34,183.35,49.0,483.0
2025-07-24T06:15:56.435807,BTCUSDT,117743.7,117743.8,15617.0,10305.0
2025-07-24T06:15:56.522052,ETHUSDT,3567.74,3568.01,157262.0,167848.0
2025-07-24T06:15:56.611388,XRPUSDT,3.0796,3.0797,3262.0,83585.0
2025-07-24T06:15:56.627087,LTCUSDT,109.6,109.62,4408.0,155090.0
2025-07-24T06:15:57.158824,SOLUSDT,183.31,183.32,302.0,158.0
2025-07-24T06:15:57.526192,BTCUSDT,117743.7,117743.8,6317.0,13487.0
2025-07-24T06:15:57.571234,ETHUSDT,3567.54,3567.55,89533.0,113905.0
2025-07-24T06:15:57.591030,XRPUSDT,3.0796,3.0797,3262.0,89944.0
2025-07-24T06:15:57.663844,LTCUSDT,109.58,109.59,38345.0,135892.0
2025-07-24T06:15:58.244662,SOLUSDT,183.32,183.34,228.0,44.0
2025-07-24T06:15:58.519957,BTCUSDT,117743.7,117743.8,14192.0,1891.0
2025-07-24T06:15:58.529502,XRPUSDT,3.0796,3.08,110672.0,4716.0
2025-07-24T06:15:58.537936,ETHUSDT,3567.84,3567.92,308612.0,7162.0
2025-07-24T06:15:58.657791,LTCUSDT,109.59,109.6,32206.0,49614.0
2025-07-24T06:15:59.249754,SOLUSDT,183.35,183.36,140.0,222.0
2025-07-24T06:15:59.454339,BTCUSDT,117743.7,117743.8,14179.0,8283.0
2025-07-24T06:15:59.525403,ETHUSDT,3567.91,3567.92,163513.0,63471.0
2025-07-24T06:15:59.583726,XRPUSDT,3.0796,3.0797,3262.0,30121.0
2025-07-24T06:15:59.645521,LTCUSDT,109.57,109.59,56005.0,46594.0
2025-07-24T06:16:00.180154,SOLUSDT,183.32,183.34,71.0,49.0
2025-07-24T06:16:00.508707,BTCUSDT,117743.7,117743.8,9380.0,2947.0
2025-07-24T06:16:00.545665,ETHUSDT,3568.01,3568.44,305320.0,2.0
2025-07-24T06:16:00.632137,XRPUSDT,3.0808,3.0815,269.0,16424.0
2025-07-24T06:16:00.659016,LTCUSDT,109.61,109.64,78679.0,176824.0
2025-07-24T06:16:01.273455,SOLUSDT,183.43,183.46,600.0,46.0
2025-07-24T06:16:01.537174,ETHUSDT,3568.98,3568.99,29301.0,27917.0
2025-07-24T06:16:01.537215,BTCUSDT,117753.1,117753.2,4945.0,4732.0
2025-07-24T06:16:01.617942,XRPUSDT,3.0801,3.0815,16001.0,42756.0
2025-07-24T06:16:01.642970,LTCUSDT,109.58,109.64,95191.0,42152.0
2025-07-24T06:16:02.248352,SOLUSDT,183.35,183.39,44.0,425.0
2025-07-24T06:16:02.480051,BTCUSDT,117753.1,117753.2,15871.0,13589.0
2025-07-24T06:16:02.549848,ETHUSDT,3568.45,3568.46,1832.0,33627.0
2025-07-24T06:16:02.614566,XRPUSDT,3.08,3.0801,34933.0,9918.0
2025-07-24T06:16:02.653141,LTCUSDT,109.58,109.59,44191.0,112360.0
2025-07-24T06:16:03.214124,SOLUSDT,183.39,183.4,412.0,121.0
2025-07-24T06:16:03.494027,BTCUSDT,117753.1,117753.2,15374.0,13409.0
2025-07-24T06:16:03.525969,ETHUSDT,3568.45,3568.46,126743.0,140251.0
2025-07-24T06:16:03.572194,XRPUSDT,3.0809,3.081,79183.0,42501.0
2025-07-24T06:16:03.621185,LTCUSDT,109.6,109.62,33300.0,36722.0
2025-07-24T06:16:04.313229,SOLUSDT,183.39,183.4,67.0,524.0
2025-07-24T06:16:04.522989,BTCUSDT,117753.1,117753.2,10404.0,14002.0
2025-07-24T06:16:04.543618,ETHUSDT,3568.45,3568.46,213570.0,115339.0
2025-07-24T06:16:04.623723,XRPUSDT,3.08,3.0804,2662.0,15793.0
2025-07-24T06:16:04.660154,LTCUSDT,109.58,109.59,86667.0,71807.0
2025-07-24T06:16:05.213322,SOLUSDT,183.37,183.38,157.0,451.0
2025-07-24T06:16:05.448351,BTCUSDT,117753.1,117753.2,1491.0,13285.0
2025-07-24T06:16:05.516813,ETHUSDT,3568.27,3568.46,29585.0,267170.0
2025-07-24T06:16:05.571411,XRPUSDT,3.0796,3.0799,3253.0,67585.0
2025-07-24T06:16:05.628597,LTCUSDT,109.54,109.59,323316.0,64923.0
2025-07-24T06:16:06.268346,SOLUSDT,183.32,183.33,118.0,525.0
2025-07-24T06:16:06.450452,BTCUSDT,117746.3,117746.4,8240.0,13329.0
2025-07-24T06:16:06.560793,ETHUSDT,3567.91,3567.92,176942.0,162173.0
2025-07-24T06:16:06.619403,XRPUSDT,3.0796,3.0797,3253.0,97873.0
2025-07-24T06:16:06.659169,LTCUSDT,109.5,109.55,25090.0,99386.0
2025-07-24T06:16:07.267312,SOLUSDT,183.35,183.36,80.0,395.0
2025-07-24T06:16:07.445926,BTCUSDT,117746.3,117746.4,2517.0,14228.0
2025-07-24T06:16:07.601249,XRPUSDT,3.0772,3.0791,17184.0,6466.0
2025-07-24T06:16:07.623225,LTCUSDT,109.47,109.5,39375.0,58669.0
2025-07-24T06:16:07.623269,ETHUSDT,3567.78,3567.92,37.0,342646.0
2025-07-24T06:16:08.269537,SOLUSDT,183.28,183.29,57.0,579.0
2025-07-24T06:16:08.437932,BTCUSDT,117743.7,117743.8,4096.0,14330.0
2025-07-24T06:16:08.533072,ETHUSDT,3566.88,3567.23,13282.0,226125.0
2025-07-24T06:16:08.621252,XRPUSDT,3.076,3.0765,7732.0,8428.0
2025-07-24T06:16:08.652628,LTCUSDT,109.44,109.46,10573.0,63420.0
2025-07-24T06:16:09.269368,SOLUSDT,183.22,183.25,17.0,298.0
2025-07-24T06:16:09.443140,BTCUSDT,117739.6,117739.7,1882.0,13758.0
2025-07-24T06:16:09.524663,ETHUSDT,3565.44,3566.8,2958.0,24.0
2025-07-24T06:16:09.544827,XRPUSDT,3.0751,3.0756,82173.0,24951.0
2025-07-24T06:16:09.626105,LTCUSDT,109.43,109.44,74180.0,12921.0
2025-07-24T06:16:10.219079,SOLUSDT,183.21,183.22,119.0,239.0
2025-07-24T06:16:10.521237,BTCUSDT,117727.2,117727.3,10994.0,14412.0
2025-07-24T06:16:10.531976,ETHUSDT,3566.0,3566.01,138823.0,138269.0
2025-07-24T06:16:10.598098,XRPUSDT,3.0748,3.0749,9154.0,81502.0
2025-07-24T06:16:10.632428,LTCUSDT,109.39,109.43,109744.0,76510.0
2025-07-24T06:16:11.265141,SOLUSDT,183.2,183.21,149.0,263.0
2025-07-24T06:16:11.528227,BTCUSDT,117727.2,117727.3,6619.0,9990.0
2025-07-24T06:16:11.538065,XRPUSDT,3.0747,3.0756,12489.0,14527.0
2025-07-24T06:16:11.545183,ETHUSDT,3566.0,3566.01,126902.0,171642.0
2025-07-24T06:16:11.665747,LTCUSDT,109.43,109.46,22524.0,196857.0
2025-07-24T06:16:12.235772,SOLUSDT,183.21,183.23,259.0,386.0
2025-07-24T06:16:12.468652,BTCUSDT,117727.2,117727.3,6619.0,9990.0
2025-07-24T06:16:12.542296,ETHUSDT,3566.0,3566.01,100940.0,138269.0
2025-07-24T06:16:12.604053,XRPUSDT,3.0741,3.0744,571.0,14091.0
2025-07-24T06:16:12.643722,LTCUSDT,109.43,109.44,70939.0,5772.0
2025-07-24T06:16:13.239979,SOLUSDT,183.21,183.22,337.0,60.0
2025-07-24T06:16:13.439701,BTCUSDT,117727.2,117727.3,11400.0,14457.0
2025-07-24T06:16:13.521035,ETHUSDT,3566.0,3566.01,100940.0,138198.0
2025-07-24T06:16:13.529739,XRPUSDT,3.0738,3.0742,269.0,109991.0
2025-07-24T06:16:13.628138,LTCUSDT,109.42,109.45,86008.0,86881.0
2025-07-24T06:16:14.249902,SOLUSDT,183.15,183.19,52.0,497.0
2025-07-24T06:16:14.526332,BTCUSDT,117727.2,117727.3,7975.0,16892.0
2025-07-24T06:16:14.526393,ETHUSDT,3565.74,3565.93,7448.0,330446.0
2025-07-24T06:16:14.610084,XRPUSDT,3.0729,3.073,8.0,87052.0
2025-07-24T06:16:14.634115,LTCUSDT,109.41,109.42,26500.0,79538.0
2025-07-24T06:16:15.266808,SOLUSDT,183.1,183.16,53.0,487.0
2025-07-24T06:16:15.524299,ETHUSDT,3565.0,3565.07,6594.0,255990.0
2025-07-24T06:16:15.543669,BTCUSDT,117710.7,117720.1,11435.0,30.0
2025-07-24T06:16:15.605389,XRPUSDT,3.0714,3.0718,43280.0,8122.0
2025-07-24T06:16:15.631643,LTCUSDT,109.37,109.39,52176.0,32052.0
2025-07-24T06:16:16.229908,SOLUSDT,183.08,183.11,111.0,303.0
2025-07-24T06:16:16.440767,BTCUSDT,117710.7,117710.8,15357.0,15863.0
2025-07-24T06:16:16.524849,ETHUSDT,3564.24,3564.57,97092.0,221214.0
2025-07-24T06:16:16.605354,XRPUSDT,3.0712,3.0713,83029.0,15694.0
2025-07-24T06:16:16.632907,LTCUSDT,109.33,109.34,38860.0,95173.0
2025-07-24T06:16:17.251474,SOLUSDT,183.08,183.1,452.0,118.0
2025-07-24T06:16:17.499969,ETHUSDT,3564.24,3564.25,176279.0,164723.0
2025-07-24T06:16:17.522763,BTCUSDT,117710.7,117710.8,15377.0,10571.0
2025-07-24T06:16:17.524245,XRPUSDT,3.0714,3.0719,7921.0,18793.0
2025-07-24T06:16:17.628417,LTCUSDT,109.35,109.36,97787.0,41962.0
2025-07-24T06:16:18.233411,SOLUSDT,183.09,183.1,237.0,136.0
2025-07-24T06:16:18.447805,BTCUSDT,117710.7,117710.8,10292.0,10571.0
2025-07-24T06:16:18.571150,ETHUSDT,3564.24,3564.55,252352.0,2641.0
2025-07-24T06:16:18.603131,XRPUSDT,3.0715,3.0726,57812.0,49458.0
2025-07-24T06:16:18.672895,LTCUSDT,109.34,109.39,94903.0,11334.0
2025-07-24T06:16:19.243621,SOLUSDT,183.15,183.16,171.0,405.0
2025-07-24T06:16:19.468737,BTCUSDT,117710.7,117710.8,14994.0,5833.0
2025-07-24T06:16:19.523992,ETHUSDT,3565.18,3565.19,25135.0,155757.0
2025-07-24T06:16:19.617802,XRPUSDT,3.0724,3.0729,419.0,103973.0
2025-07-24T06:16:19.625291,LTCUSDT,109.38,109.41,53576.0,51189.0
2025-07-24T06:16:20.250325,SOLUSDT,183.09,183.12,422.0,30.0
2025-07-24T06:16:20.522263,BTCUSDT,117710.7,117710.8,15332.0,10158.0
2025-07-24T06:16:20.540212,ETHUSDT,3564.46,3564.47,185578.0,95694.0
2025-07-24T06:16:20.610013,XRPUSDT,3.0715,3.0716,29494.0,25994.0
2025-07-24T06:16:20.642292,LTCUSDT,109.35,109.36,42195.0,25701.0
2025-07-24T06:16:21.274267,SOLUSDT,183.05,183.06,22.0,657.0
2025-07-24T06:16:21.444677,BTCUSDT,117672.4,117672.6,2523.0,5.0
2025-07-24T06:16:21.499188,ETHUSDT,3564.11,3564.12,31899.0,29542.0
2025-07-24T06:16:21.619389,XRPUSDT,3.0706,3.0709,15412.0,21894.0
2025-07-24T06:16:21.626514,LTCUSDT,109.34,109.35,24510.0,60939.0
2025-07-24T06:16:22.255819,SOLUSDT,183.0,183.05,189.0,161.0
2025-07-24T06:16:22.443576,BTCUSDT,117653.7,117657.7,57.0,2570.0
2025-07-24T06:16:22.555004,ETHUSDT,3563.29,3563.98,1921.0,14836.0
2025-07-24T06:16:22.605015,XRPUSDT,3.0702,3.0703,2.0,36239.0
2025-07-24T06:16:22.666811,LTCUSDT,109.3,109.34,5339.0,140462.0
2025-07-24T06:16:23.203862,SOLUSDT,182.95,182.98,28.0,379.0
2025-07-24T06:16:23.512892,ETHUSDT,3562.72,3562.95,58823.0,34565.0
2025-07-24T06:16:23.520858,BTCUSDT,117639.0,117639.1,905.0,283.0
2025-07-24T06:16:23.618611,XRPUSDT,3.0687,3.0688,113038.0,11679.0
2025-07-24T06:16:23.636897,LTCUSDT,109.26,109.27,57450.0,35845.0
2025-07-24T06:16:24.249510,SOLUSDT,182.92,182.93,17.0,491.0
2025-07-24T06:16:24.439678,BTCUSDT,117635.8,117635.9,88.0,637.0
2025-07-24T06:16:24.534183,ETHUSDT,3560.86,3561.31,2446.0,1722.0
2025-07-24T06:16:24.604567,XRPUSDT,3.0682,3.0683,19291.0,14223.0
2025-07-24T06:16:24.646449,LTCUSDT,109.25,109.26,275994.0,21543.0
2025-07-24T06:16:25.228446,SOLUSDT,182.87,182.89,143.0,516.0
2025-07-24T06:16:25.497589,BTCUSDT,117635.8,117635.9,62.0,9989.0
2025-07-24T06:16:25.531832,ETHUSDT,3560.76,3560.77,165980.0,173278.0
2025-07-24T06:16:25.633644,XRPUSDT,3.0676,3.0677,4104.0,20918.0
2025-07-24T06:16:25.634970,LTCUSDT,109.25,109.26,307060.0,32516.0
2025-07-24T06:16:26.271488,SOLUSDT,182.86,182.87,92.0,629.0
2025-07-24T06:16:26.451342,BTCUSDT,117635.8,117635.9,62.0,9989.0
2025-07-24T06:16:26.523823,XRPUSDT,3.0632,3.0643,266.0,299.0
2025-07-24T06:16:26.529210,ETHUSDT,3559.36,3561.01,144511.0,20140.0
2025-07-24T06:16:26.642386,LTCUSDT,109.13,109.26,114.0,754.0
2025-07-24T06:16:27.229234,SOLUSDT,182.78,182.79,96.0,567.0
2025-07-24T06:16:27.441265,BTCUSDT,117620.7,117623.6,2.0,1299.0
2025-07-24T06:16:27.517522,ETHUSDT,3559.83,3559.84,93559.0,101731.0
2025-07-24T06:16:27.611210,XRPUSDT,3.061,3.0623,207.0,3279.0
2025-07-24T06:16:27.628863,LTCUSDT,109.17,109.2,44778.0,73626.0
2025-07-24T06:16:28.229957,SOLUSDT,182.82,182.84,98.0,1.0
2025-07-24T06:16:28.441783,BTCUSDT,117615.4,117615.5,1013.0,9373.0
2025-07-24T06:16:28.524419,ETHUSDT,3560.22,3560.23,122764.0,235887.0
2025-07-24T06:16:28.598918,XRPUSDT,3.0629,3.0637,488.0,499.0
2025-07-24T06:16:28.666600,LTCUSDT,109.22,109.23,21736.0,49309.0
2025-07-24T06:16:29.268459,SOLUSDT,182.8,182.82,340.0,354.0
2025-07-24T06:16:29.499395,BTCUSDT,117615.4,117615.5,1745.0,10503.0
2025-07-24T06:16:29.514373,ETHUSDT,3560.22,3560.23,52838.0,233828.0
2025-07-24T06:16:29.608000,XRPUSDT,3.0611,3.0634,279.0,22459.0
2025-07-24T06:16:29.634499,LTCUSDT,109.19,109.23,77498.0,49309.0
2025-07-24T06:16:30.237372,SOLUSDT,182.71,182.75,19.0,594.0
2025-07-24T06:16:30.517798,ETHUSDT,3556.9,3558.88,83.0,24.0
2025-07-24T06:16:30.517841,BTCUSDT,117606.0,117606.1,3136.0,12139.0
2025-07-24T06:16:30.602205,XRPUSDT,3.0603,3.0609,19050.0,3944.0
2025-07-24T06:16:30.619240,LTCUSDT,109.13,109.15,3169.0,65213.0
2025-07-24T06:16:31.232544,SOLUSDT,182.72,182.77,651.0,4.0
2025-07-24T06:16:31.522496,BTCUSDT,117606.0,117606.2,8009.0,521.0
2025-07-24T06:16:31.541799,ETHUSDT,3558.76,3560.08,285794.0,29.0
2025-07-24T06:16:31.608823,XRPUSDT,3.0615,3.062,266.0,1514.0
2025-07-24T06:16:31.649025,LTCUSDT,109.15,109.21,34652.0,65846.0
2025-07-24T06:16:32.228089,SOLUSDT,182.84,182.86,158.0,402.0
2025-07-24T06:16:32.515953,BTCUSDT,117608.0,117608.1,9569.0,10986.0
2025-07-24T06:16:32.546168,ETHUSDT,3560.2,3560.21,132386.0,85456.0
2025-07-24T06:16:32.618739,XRPUSDT,3.0624,3.0625,18423.0,22713.0
2025-07-24T06:16:32.645060,LTCUSDT,109.25,109.26,76577.0,42365.0
2025-07-24T06:16:33.260080,SOLUSDT,182.83,182.86,29.0,402.0
2025-07-24T06:16:33.459461,BTCUSDT,117608.0,117608.1,8335.0,12207.0
2025-07-24T06:16:33.525752,ETHUSDT,3559.88,3559.89,1029.0,302140.0
2025-07-24T06:16:33.530377,XRPUSDT,3.0607,3.061,266.0,20461.0
2025-07-24T06:16:33.637509,LTCUSDT,109.21,109.22,3054.0,61280.0
2025-07-24T06:16:34.248900,SOLUSDT,182.79,182.8,268.0,371.0
2025-07-24T06:16:34.447109,BTCUSDT,117606.0,117607.2,241.0,9929.0
2025-07-24T06:16:34.523167,ETHUSDT,3559.31,3559.68,1934.0,283304.0
2025-07-24T06:16:34.602551,XRPUSDT,3.0601,3.0602,2.0,6439.0
2025-07-24T06:16:34.645193,LTCUSDT,109.15,109.22,34652.0,61280.0
2025-07-24T06:16:35.222953,SOLUSDT,182.71,182.72,109.0,299.0
2025-07-24T06:16:35.438148,BTCUSDT,117590.1,117590.2,919.0,8741.0
2025-07-24T06:16:35.501564,ETHUSDT,3558.78,3558.94,184276.0,100580.0
2025-07-24T06:16:35.575758,XRPUSDT,3.059,3.0594,18215.0,2749.0
2025-07-24T06:16:35.652405,LTCUSDT,109.13,109.15,3180.0,55923.0
2025-07-24T06:16:36.205989,SOLUSDT,182.68,182.7,44.0,64.0
2025-07-24T06:16:36.444011,BTCUSDT,117588.1,117590.2,915.0,4823.0
2025-07-24T06:16:36.530576,ETHUSDT,3558.04,3558.05,856.0,245497.0
2025-07-24T06:16:36.618554,XRPUSDT,3.0574,3.058,13765.0,3717.0
2025-07-24T06:16:36.646063,LTCUSDT,109.1,109.12,55873.0,32090.0
2025-07-24T06:16:37.286994,SOLUSDT,182.63,182.66,49.0,249.0
2025-07-24T06:16:37.444914,BTCUSDT,117578.1,117586.7,5.0,5190.0
2025-07-24T06:16:37.548695,ETHUSDT,3556.5,3556.87,1372.0,2676.0
2025-07-24T06:16:37.611952,XRPUSDT,3.0567,3.0569,8113.0,22346.0
2025-07-24T06:16:37.650299,LTCUSDT,109.02,109.06,67419.0,11084.0
2025-07-24T06:16:38.224991,SOLUSDT,182.58,182.59,51.0,97.0
2025-07-24T06:16:38.432008,BTCUSDT,117560.7,117560.8,5319.0,8566.0
2025-07-24T06:16:38.556964,ETHUSDT,3556.52,3556.53,93096.0,366569.0
2025-07-24T06:16:38.633244,XRPUSDT,3.0553,3.0561,2782.0,17130.0
2025-07-24T06:16:38.683021,LTCUSDT,108.98,109.09,24547.0,51875.0
2025-07-24T06:16:39.250380,SOLUSDT,182.56,182.59,98.0,102.0
2025-07-24T06:16:39.424205,BTCUSDT,117560.7,117560.8,6985.0,8441.0
2025-07-24T06:16:39.514376,ETHUSDT,3556.51,3556.53,143956.0,25172.0
2025-07-24T06:16:39.573487,XRPUSDT,3.0557,3.0559,18405.0,21146.0
2025-07-24T06:16:39.630442,LTCUSDT,109.04,109.05,62901.0,72407.0
2025-07-24T06:16:40.227260,SOLUSDT,182.58,182.62,14.0,100.0
2025-07-24T06:16:40.519367,BTCUSDT,117560.7,117560.8,11803.0,11548.0
2025-07-24T06:16:40.530249,ETHUSDT,3556.84,3556.85,208099.0,32257.0
2025-07-24T06:16:40.601904,XRPUSDT,3.0557,3.0561,10891.0,21560.0
2025-07-24T06:16:40.639588,LTCUSDT,109.07,109.08,47398.0,29303.0
2025-07-24T06:16:41.228055,SOLUSDT,182.58,182.63,8.0,122.0
2025-07-24T06:16:41.438994,BTCUSDT,117560.7,117560.8,2720.0,7251.0
2025-07-24T06:16:41.531829,XRPUSDT,3.0551,3.0552,1054.0,17122.0
2025-07-24T06:16:41.532523,ETHUSDT,3556.58,3556.62,87819.0,87464.0
2025-07-24T06:16:41.640642,LTCUSDT,109.04,109.05,24435.0,59308.0
2025-07-24T06:16:42.207399,SOLUSDT,182.58,182.6,79.0,18.0
2025-07-24T06:16:42.518746,BTCUSDT,117560.7,117560.8,12128.0,11782.0
2025-07-24T06:16:42.523134,ETHUSDT,3556.68,3556.69,165573.0,211872.0
2025-07-24T06:16:42.604909,XRPUSDT,3.0554,3.0556,21578.0,19116.0
2025-07-24T06:16:42.640691,LTCUSDT,109.05,109.06,2553.0,71744.0
2025-07-24T06:16:43.271089,SOLUSDT,182.55,182.58,98.0,124.0
2025-07-24T06:16:43.433249,BTCUSDT,117560.0,117560.1,3421.0,9363.0
2025-07-24T06:16:43.521660,ETHUSDT,3556.31,3556.53,286461.0,117813.0
2025-07-24T06:16:43.624135,XRPUSDT,3.0547,3.0548,8248.0,18650.0
2025-07-24T06:16:43.627974,LTCUSDT,109.03,109.04,76557.0,12445.0
2025-07-24T06:16:44.232990,SOLUSDT,182.58,182.59,98.0,25.0
2025-07-24T06:16:44.535958,BTCUSDT,117560.0,117560.1,5944.0,9363.0
2025-07-24T06:16:44.535997,ETHUSDT,3556.61,3556.62,28334.0,121766.0
2025-07-24T06:16:44.618086,XRPUSDT,3.0552,3.056,22303.0,2919.0
2025-07-24T06:16:44.647007,LTCUSDT,109.03,109.07,53701.0,72027.0
2025-07-24T06:16:45.203947,SOLUSDT,182.63,182.68,109.0,121.0
2025-07-24T06:16:45.523347,BTCUSDT,117560.0,117560.1,17763.0,13327.0
2025-07-24T06:16:45.526915,ETHUSDT,3557.22,3557.69,7844.0,293938.0
2025-07-24T06:16:45.617932,XRPUSDT,3.0559,3.0562,22193.0,18494.0
2025-07-24T06:16:45.644093,LTCUSDT,109.06,109.09,86374.0,32165.0
2025-07-24T06:16:46.229909,SOLUSDT,182.62,182.63,121.0,123.0
2025-07-24T06:16:46.447488,BTCUSDT,117560.0,117560.1,9416.0,12297.0
2025-07-24T06:16:46.536419,ETHUSDT,3556.99,3557.23,26167.0,24792.0
2025-07-24T06:16:46.606641,XRPUSDT,3.0566,3.0569,207.0,3742.0
2025-07-24T06:16:46.635419,LTCUSDT,109.07,109.12,36018.0,30835.0
2025-07-24T06:16:47.237787,SOLUSDT,182.6,182.62,110.0,127.0
2025-07-24T06:16:47.443156,BTCUSDT,117560.0,117560.1,4014.0,8025.0
2025-07-24T06:16:47.531369,ETHUSDT,3556.6,3557.02,1900.0,2313.0
2025-07-24T06:16:47.586549,XRPUSDT,3.0549,3.0556,16668.0,1004.0
2025-07-24T06:16:47.632293,LTCUSDT,109.08,109.1,36404.0,36170.0
2025-07-24T06:16:48.238630,SOLUSDT,182.56,182.59,8.0,106.0
2025-07-24T06:16:48.516398,BTCUSDT,117555.5,117555.6,5.0,437.0
2025-07-24T06:16:48.516455,ETHUSDT,3556.18,3556.58,64.0,104078.0
2025-07-24T06:16:48.617803,XRPUSDT,3.0542,3.0549,12506.0,21844.0
2025-07-24T06:16:48.622498,LTCUSDT,109.04,109.08,27377.0,35893.0
2025-07-24T06:16:49.252893,SOLUSDT,182.51,182.53,124.0,106.0
2025-07-24T06:16:49.528528,BTCUSDT,117545.3,117545.4,4431.0,11228.0
2025-07-24T06:16:49.528571,ETHUSDT,3556.27,3556.28,107190.0,131242.0
2025-07-24T06:16:49.604040,XRPUSDT,3.0531,3.0551,548.0,3234.0
2025-07-24T06:16:49.639750,LTCUSDT,109.01,109.04,87020.0,72570.0
2025-07-24T06:16:50.160919,SOLUSDT,182.5,182.52,108.0,141.0
2025-07-24T06:16:50.444516,BTCUSDT,117541.3,117541.4,210.0,576.0
2025-07-24T06:16:50.528054,ETHUSDT,3555.73,3555.74,59447.0,14618.0
2025-07-24T06:16:50.617464,XRPUSDT,3.053,3.0536,17199.0,21313.0
2025-07-24T06:16:50.642604,LTCUSDT,108.96,109.04,63700.0,59787.0
2025-07-24T06:16:51.227623,SOLUSDT,182.55,182.56,118.0,106.0
2025-07-24T06:16:51.524473,BTCUSDT,117541.3,117541.4,1850.0,13228.0
2025-07-24T06:16:51.532743,ETHUSDT,3556.0,3556.01,83801.0,111286.0
2025-07-24T06:16:51.613580,XRPUSDT,3.0535,3.0536,19027.0,20455.0
2025-07-24T06:16:51.651372,LTCUSDT,109.01,109.02,56857.0,82361.0
2025-07-24T06:16:52.234666,SOLUSDT,182.56,182.57,118.0,111.0
2025-07-24T06:16:52.468351,BTCUSDT,117541.3,117541.4,1850.0,10441.0
2025-07-24T06:16:52.521079,ETHUSDT,3556.0,3556.02,136591.0,260489.0
2025-07-24T06:16:52.613160,XRPUSDT,3.0533,3.0538,20254.0,10.0
2025-07-24T06:16:52.620664,LTCUSDT,108.95,109.06,85351.0,71199.0
2025-07-24T06:16:53.255786,SOLUSDT,182.54,182.55,112.0,102.0
2025-07-24T06:16:53.518388,BTCUSDT,117538.5,117538.6,1850.0,11870.0
2025-07-24T06:16:53.535685,ETHUSDT,3556.01,3556.02,140026.0,30190.0
2025-07-24T06:16:53.610574,XRPUSDT,3.0535,3.0536,21382.0,13871.0
2025-07-24T06:16:53.643645,LTCUSDT,108.96,109.08,61757.0,81757.0
2025-07-24T06:19:53.361312,SOLUSDT,182.54,182.55,112.0,102.0
2025-07-24T06:19:53.361348,BTCUSDT,117538.5,117538.6,1850.0,16180.0
2025-07-24T06:19:53.361386,ETHUSDT,3556.01,3556.02,22881.0,109745.0
2025-07-24T06:19:53.361422,XRPUSDT,3.0539,3.0545,3147.0,21791.0
2025-07-24T06:19:53.361577,LTCUSDT,108.94,109.06,76951.0,71713.0
2025-07-24T06:19:53.361609,SOLUSDT,182.54,182.55,117.0,93.0
2025-07-24T06:19:53.361632,BTCUSDT,117538.5,117538.6,1850.0,16656.0
2025-07-24T06:19:53.361656,ETHUSDT,3555.73,3555.74,108242.0,75214.0
2025-07-24T06:19:53.361680,XRPUSDT,3.054,3.0544,3225.0,22554.0
2025-07-24T06:19:53.361702,LTCUSDT,108.97,108.99,85078.0,75576.0
2025-07-24T06:19:53.361725,SOLUSDT,182.53,182.54,107.0,109.0
2025-07-24T06:19:53.361746,BTCUSDT,117538.5,117538.6,1850.0,16310.0
2025-07-24T06:19:53.361769,ETHUSDT,3555.4,3555.41,150567.0,210357.0
2025-07-24T06:19:53.361791,XRPUSDT,3.0542,3.0546,16499.0,17747.0
2025-07-24T06:19:53.361811,LTCUSDT,108.97,108.98,85858.0,55120.0
2025-07-24T06:19:53.361832,SOLUSDT,182.51,182.54,10.0,109.0
2025-07-24T06:19:53.361853,BTCUSDT,117523.6,117538.1,205.0,5.0
2025-07-24T06:19:53.361897,ETHUSDT,3554.76,3554.82,1552.0,296863.0
2025-07-24T06:19:53.361923,XRPUSDT,3.053,3.0537,14507.0,679.0
2025-07-24T06:19:53.361944,LTCUSDT,108.94,108.95,82100.0,49452.0
2025-07-24T06:19:53.361966,SOLUSDT,182.53,182.54,129.0,40.0
2025-07-24T06:19:53.361987,BTCUSDT,117523.7,117523.8,12400.0,15273.0
2025-07-24T06:19:53.362009,ETHUSDT,3554.21,3554.98,16587.0,20032.0
2025-07-24T06:19:53.362031,XRPUSDT,3.0539,3.0545,2800.0,13253.0
2025-07-24T06:19:53.362052,LTCUSDT,108.97,109.0,52822.0,72083.0
2025-07-24T06:19:53.362074,SOLUSDT,182.51,182.54,11.0,103.0
2025-07-24T06:19:53.362095,XRPUSDT,3.0531,3.0539,20271.0,499.0
2025-07-24T06:19:53.362118,BTCUSDT,117523.7,117523.8,15998.0,14639.0
2025-07-24T06:19:53.362140,ETHUSDT,3554.61,3554.65,261757.0,95940.0
2025-07-24T06:19:53.362162,LTCUSDT,108.92,108.94,17691.0,84331.0
2025-07-24T06:19:53.362183,SOLUSDT,182.48,182.51,110.0,10.0
2025-07-24T06:19:53.362203,BTCUSDT,117523.7,117523.8,16778.0,12815.0
2025-07-24T06:19:53.362226,ETHUSDT,3554.72,3554.73,213601.0,159852.0
2025-07-24T06:19:53.362249,XRPUSDT,3.0525,3.0528,19778.0,21364.0
2025-07-24T06:19:53.362269,LTCUSDT,108.91,108.93,20393.0,65925.0
2025-07-24T06:19:53.362288,SOLUSDT,182.48,182.49,583.0,52.0
2025-07-24T06:19:53.362307,BTCUSDT,117523.7,117532.9,12454.0,19183.0
2025-07-24T06:19:53.362327,ETHUSDT,3555.27,3555.31,86379.0,44111.0
2025-07-24T06:19:53.362347,XRPUSDT,3.0517,3.0534,1756.0,3013.0
2025-07-24T06:19:53.362367,LTCUSDT,108.91,108.99,47934.0,40116.0
2025-07-24T06:19:53.362389,SOLUSDT,182.51,182.56,588.0,137.0
2025-07-24T06:19:53.362412,BTCUSDT,117517.2,117517.3,61.0,669.0
2025-07-24T06:19:53.362435,ETHUSDT,3555.3,3555.31,114446.0,69804.0
2025-07-24T06:19:53.362457,XRPUSDT,3.0514,3.0524,77.0,21134.0
2025-07-24T06:19:53.362479,LTCUSDT,108.89,108.96,55744.0,42677.0
2025-07-24T06:19:53.362502,SOLUSDT,182.43,182.49,95.0,32.0
2025-07-24T06:19:53.362523,BTCUSDT,117500.0,117504.8,9508.0,31.0
2025-07-24T06:19:53.362543,ETHUSDT,3554.38,3554.69,49.0,32816.0
2025-07-24T06:19:53.362563,XRPUSDT,3.0502,3.0503,18049.0,19251.0
2025-07-24T06:19:53.362584,LTCUSDT,108.87,108.88,4517.0,72033.0
2025-07-24T06:19:53.362605,SOLUSDT,182.42,182.44,442.0,51.0
2025-07-24T06:19:53.362626,BTCUSDT,117489.4,117489.5,9044.0,4.0
2025-07-24T06:19:53.362649,ETHUSDT,3554.65,3555.13,24945.0,41.0
2025-07-24T06:19:53.362669,XRPUSDT,3.0506,3.0512,8057.0,18111.0
2025-07-24T06:19:53.362690,LTCUSDT,108.88,108.9,66100.0,7850.0
2025-07-24T06:19:53.362712,SOLUSDT,182.46,182.51,474.0,1.0
2025-07-24T06:19:53.362733,BTCUSDT,117499.4,117533.9,196.0,17463.0
2025-07-24T06:19:53.362753,XRPUSDT,3.0521,3.0526,19878.0,16560.0
2025-07-24T06:19:53.362774,ETHUSDT,3555.73,3556.05,290856.0,41.0
2025-07-24T06:19:53.362796,LTCUSDT,108.9,108.92,27079.0,28474.0
2025-07-24T06:19:53.362816,SOLUSDT,182.58,182.64,372.0,91.0
2025-07-24T06:19:53.362837,BTCUSDT,117522.9,117523.0,13318.0,3640.0
2025-07-24T06:19:53.362859,ETHUSDT,3556.42,3556.73,252176.0,5266.0
2025-07-24T06:19:53.362903,XRPUSDT,3.0536,3.0537,19996.0,17232.0
2025-07-24T06:19:53.362925,LTCUSDT,108.94,108.97,74748.0,78444.0
2025-07-24T06:19:53.362946,SOLUSDT,182.59,182.63,259.0,2.0
2025-07-24T06:19:53.362968,BTCUSDT,117522.9,117523.0,6884.0,10669.0
2025-07-24T06:19:53.362988,ETHUSDT,3556.35,3556.73,323323.0,56387.0
2025-07-24T06:19:53.363006,XRPUSDT,3.0519,3.0522,22334.0,499.0
2025-07-24T06:19:53.363023,LTCUSDT,108.89,108.93,4177.0,55761.0
2025-07-24T06:20:17.970021,SOLUSDT,182.96,182.97,218.0,226.0
2025-07-24T06:20:17.970052,BTCUSDT,117535.3,117535.4,11208.0,14299.0
2025-07-24T06:20:17.970084,ETHUSDT,3559.24,3559.79,21783.0,333380.0
2025-07-24T06:20:17.970620,XRPUSDT,3.0666,3.0669,91942.0,817.0
2025-07-24T06:20:17.970655,LTCUSDT,109.35,109.36,3093.0,29071.0
2025-07-24T06:20:18.990733,SOLUSDT,182.97,182.98,425.0,234.0
2025-07-24T06:20:19.095212,BTCUSDT,117535.3,117535.4,14912.0,14016.0
2025-07-24T06:20:19.095238,ETHUSDT,3559.45,3559.46,212303.0,123838.0
2025-07-24T06:20:19.095259,XRPUSDT,3.0667,3.0669,67890.0,28753.0
2025-07-24T06:20:19.095278,LTCUSDT,109.35,109.36,18040.0,29071.0
2025-07-24T06:20:19.517779,SOLUSDT,182.97,182.98,208.0,155.0
2025-07-24T06:20:19.517809,BTCUSDT,117535.3,117541.3,15965.0,11714.0
2025-07-24T06:20:19.529321,ETHUSDT,3559.45,3559.46,238181.0,133181.0
2025-07-24T06:20:19.596767,XRPUSDT,3.0663,3.0668,15840.0,80229.0
2025-07-24T06:20:19.630701,LTCUSDT,109.33,109.36,20421.0,40567.0
2025-07-24T06:20:20.212022,SOLUSDT,182.97,182.98,101.0,294.0
2025-07-24T06:20:20.439773,BTCUSDT,117541.2,117541.3,15868.0,10804.0
2025-07-24T06:20:20.513223,ETHUSDT,3559.45,3559.46,125445.0,133702.0
2025-07-24T06:20:20.604123,XRPUSDT,3.0661,3.0664,11838.0,30361.0
2025-07-24T06:20:20.625980,LTCUSDT,109.29,109.34,130552.0,81731.0
2025-07-24T06:20:21.246184,SOLUSDT,182.94,182.95,255.0,251.0
2025-07-24T06:20:21.439552,BTCUSDT,117538.3,117541.3,8019.0,17677.0
2025-07-24T06:20:21.509274,XRPUSDT,3.0661,3.0662,83442.0,26067.0
2025-07-24T06:20:21.520658,ETHUSDT,3558.77,3558.78,334604.0,58017.0
2025-07-24T06:20:21.624191,LTCUSDT,109.31,109.32,42895.0,4979.0
2025-07-24T06:20:22.240154,SOLUSDT,182.94,182.95,255.0,275.0
2025-07-24T06:20:22.436108,BTCUSDT,117528.1,117535.4,641.0,11717.0
2025-07-24T06:20:22.505182,ETHUSDT,3558.99,3559.0,138260.0,183016.0
2025-07-24T06:20:22.563970,XRPUSDT,3.0654,3.0656,41432.0,64354.0
2025-07-24T06:20:22.620428,LTCUSDT,109.29,109.32,24122.0,19733.0
2025-07-24T06:20:23.211494,SOLUSDT,182.94,182.96,209.0,49.0
2025-07-24T06:20:23.516374,BTCUSDT,117528.1,117528.2,15757.0,13133.0
2025-07-24T06:20:23.520816,ETHUSDT,3558.81,3559.13,182431.0,8122.0
2025-07-24T06:20:23.582597,XRPUSDT,3.066,3.0668,8098.0,18394.0
2025-07-24T06:20:23.633526,LTCUSDT,109.3,109.33,46408.0,67263.0
2025-07-24T06:20:24.273758,SOLUSDT,182.98,182.99,20.0,239.0
2025-07-24T06:20:24.433586,BTCUSDT,117528.1,117528.2,16033.0,1348.0
2025-07-24T06:20:24.509138,ETHUSDT,3559.3,3559.31,321130.0,157977.0
2025-07-24T06:20:24.613100,XRPUSDT,3.0668,3.0669,57175.0,24403.0
2025-07-24T06:20:24.623757,LTCUSDT,109.32,109.33,23226.0,3739.0
2025-07-24T06:20:25.209412,SOLUSDT,182.97,183.03,719.0,47.0
2025-07-24T06:20:25.441518,BTCUSDT,117534.9,117535.4,15137.0,3312.0
2025-07-24T06:20:25.526114,ETHUSDT,3559.99,3560.13,30798.0,3311.0
2025-07-24T06:20:25.602684,XRPUSDT,3.068,3.0687,76678.0,3673.0
2025-07-24T06:20:25.638942,LTCUSDT,109.37,109.39,2755.0,29208.0
2025-07-24T06:20:26.458666,SOLUSDT,183.04,183.07,289.0,307.0
2025-07-24T06:20:26.525632,BTCUSDT,117535.3,117535.4,15202.0,2967.0
2025-07-24T06:20:26.547000,ETHUSDT,3560.14,3560.15,106860.0,214131.0
2025-07-24T06:20:26.547057,XRPUSDT,3.0676,3.0677,66669.0,256.0
2025-07-24T06:20:26.650650,LTCUSDT,109.36,109.38,86878.0,56942.0
2025-07-24T06:20:27.195131,SOLUSDT,183.06,183.07,488.0,307.0
2025-07-24T06:20:27.518152,BTCUSDT,117535.8,117551.2,5.0,278.0
2025-07-24T06:20:27.522112,XRPUSDT,3.0678,3.0693,7918.0,4428.0
2025-07-24T06:20:27.527190,ETHUSDT,3560.14,3560.47,349842.0,3927.0
2025-07-24T06:20:27.636370,LTCUSDT,109.43,109.44,24937.0,12182.0
2025-07-24T06:20:28.268271,SOLUSDT,183.12,183.14,9.0,48.0
2025-07-24T06:20:28.423115,BTCUSDT,117557.6,117557.7,15065.0,10424.0
2025-07-24T06:20:28.515717,ETHUSDT,3560.83,3560.84,189185.0,182347.0
2025-07-24T06:20:28.607246,XRPUSDT,3.0693,3.0696,52072.0,256.0
2025-07-24T06:20:28.621082,LTCUSDT,109.43,109.44,65314.0,43874.0
2025-07-24T06:20:29.230465,SOLUSDT,183.13,183.14,163.0,239.0
2025-07-24T06:20:29.440054,BTCUSDT,117557.6,117557.7,15479.0,11340.0
2025-07-24T06:20:29.508494,XRPUSDT,3.0698,3.0701,74590.0,256.0
2025-07-24T06:20:29.540028,ETHUSDT,3560.83,3560.84,116457.0,33822.0
2025-07-24T06:20:29.646667,LTCUSDT,109.46,109.48,34488.0,25578.0
2025-07-24T06:20:30.254573,SOLUSDT,183.14,183.17,118.0,364.0
2025-07-24T06:20:30.445095,BTCUSDT,117557.6,117557.7,15456.0,4841.0
2025-07-24T06:20:30.518935,ETHUSDT,3560.83,3560.84,137309.0,64332.0
2025-07-24T06:20:30.599260,XRPUSDT,3.07,3.0704,113492.0,2069.0
2025-07-24T06:20:30.620132,LTCUSDT,109.47,109.48,22030.0,11748.0
2025-07-24T06:20:31.238814,SOLUSDT,183.11,183.17,44.0,364.0
2025-07-24T06:20:31.443521,BTCUSDT,117557.9,117558.4,9066.0,988.0
2025-07-24T06:20:31.518170,XRPUSDT,3.0689,3.0696,53230.0,174.0
2025-07-24T06:20:31.525391,ETHUSDT,3561.02,3561.23,210740.0,234623.0
2025-07-24T06:20:31.637265,LTCUSDT,109.44,109.45,32833.0,76561.0
2025-07-24T06:20:32.233678,SOLUSDT,183.09,183.11,330.0,370.0
2025-07-24T06:20:32.436961,BTCUSDT,117561.0,117561.1,14465.0,10319.0
2025-07-24T06:20:32.515085,ETHUSDT,3560.68,3560.96,266794.0,41.0
2025-07-24T06:20:32.606819,XRPUSDT,3.068,3.0684,19722.0,16559.0
2025-07-24T06:20:32.618942,LTCUSDT,109.42,109.45,26893.0,36522.0
2025-07-24T06:20:33.157743,SOLUSDT,183.1,183.12,557.0,4.0
2025-07-24T06:20:33.446401,BTCUSDT,117561.0,117564.1,16119.0,1064.0
2025-07-24T06:20:33.510996,ETHUSDT,3561.74,3562.21,26802.0,188830.0
2025-07-24T06:20:33.529302,XRPUSDT,3.0693,3.0694,41096.0,9456.0
2025-07-24T06:20:33.620060,LTCUSDT,109.47,109.48,36338.0,25242.0
2025-07-24T06:20:34.254304,SOLUSDT,183.19,183.2,340.0,238.0
2025-07-24T06:20:34.434979,BTCUSDT,117571.4,117571.5,10859.0,226.0
2025-07-24T06:20:34.526042,ETHUSDT,3562.2,3562.21,70019.0,209710.0
2025-07-24T06:20:34.613239,XRPUSDT,3.069,3.0691,18514.0,56858.0
2025-07-24T06:20:34.649502,LTCUSDT,109.47,109.48,49085.0,23441.0
2025-07-24T06:20:35.229661,SOLUSDT,183.15,183.18,267.0,391.0
2025-07-24T06:20:35.431407,BTCUSDT,117571.4,117571.5,10846.0,5577.0
2025-07-24T06:20:35.513050,ETHUSDT,3561.52,3561.53,122876.0,73711.0
2025-07-24T06:20:35.534636,XRPUSDT,3.0684,3.0685,17824.0,62957.0
2025-07-24T06:20:35.630178,LTCUSDT,109.46,109.47,40038.0,13361.0
2025-07-24T06:20:36.250703,SOLUSDT,183.15,183.18,26.0,448.0
2025-07-24T06:20:36.435279,BTCUSDT,117571.4,117571.5,2304.0,5469.0
2025-07-24T06:20:36.520672,ETHUSDT,3561.52,3561.7,48139.0,360265.0
2025-07-24T06:20:36.596175,XRPUSDT,3.0676,3.068,4873.0,107243.0
2025-07-24T06:20:36.638592,LTCUSDT,109.44,109.47,80019.0,122809.0
2025-07-24T06:20:37.154941,SOLUSDT,183.1,183.14,14.0,553.0
2025-07-24T06:20:37.515637,BTCUSDT,117558.1,117558.2,2495.0,4900.0
2025-07-24T06:20:37.520314,ETHUSDT,3560.85,3560.86,215549.0,178890.0
2025-07-24T06:20:37.535108,XRPUSDT,3.0659,3.0664,2733.0,673.0
2025-07-24T06:20:37.638192,LTCUSDT,109.39,109.41,276312.0,8495.0
2025-07-24T06:20:38.254699,SOLUSDT,183.04,183.07,4.0,588.0
2025-07-24T06:20:38.445232,BTCUSDT,117539.0,117551.7,373.0,2015.0
2025-07-24T06:20:38.508999,ETHUSDT,3559.64,3560.03,21013.0,281516.0
2025-07-24T06:20:38.600316,XRPUSDT,3.0641,3.065,18612.0,78615.0
2025-07-24T06:20:38.613104,LTCUSDT,109.33,109.35,3418.0,62524.0
2025-07-24T06:20:39.153593,SOLUSDT,183.02,183.03,502.0,164.0
2025-07-24T06:20:39.441481,BTCUSDT,117538.3,117538.4,16711.0,12692.0
2025-07-24T06:20:39.523422,ETHUSDT,3559.6,3559.63,253478.0,87185.0
2025-07-24T06:20:39.553606,XRPUSDT,3.064,3.0644,1645.0,25868.0
2025-07-24T06:20:39.629306,LTCUSDT,109.32,109.33,26820.0,61715.0
2025-07-24T06:20:40.270306,SOLUSDT,183.01,183.03,281.0,84.0
2025-07-24T06:20:40.441950,BTCUSDT,117538.3,117538.4,19166.0,13957.0
2025-07-24T06:20:40.517958,ETHUSDT,3559.62,3559.86,116217.0,189465.0
2025-07-24T06:20:40.554712,XRPUSDT,3.0638,3.064,16070.0,4339.0
2025-07-24T06:20:40.632198,LTCUSDT,109.32,109.33,23848.0,29758.0
2025-07-24T06:20:41.195301,SOLUSDT,183.01,183.02,123.0,418.0
2025-07-24T06:20:41.518240,ETHUSDT,3559.85,3559.86,130308.0,42104.0
2025-07-24T06:20:41.522723,XRPUSDT,3.0639,3.0642,77582.0,455.0
2025-07-24T06:20:41.529062,BTCUSDT,117538.3,117538.4,16067.0,13147.0
2025-07-24T06:20:41.622057,LTCUSDT,109.34,109.35,24228.0,75611.0
2025-07-24T06:20:42.238625,SOLUSDT,183.01,183.03,161.0,221.0
2025-07-24T06:20:42.418890,BTCUSDT,117538.3,117538.4,17250.0,5334.0
2025-07-24T06:20:42.515775,ETHUSDT,3560.46,3560.47,25484.0,22468.0
2025-07-24T06:20:42.606276,XRPUSDT,3.0652,3.0653,33410.0,9153.0
2025-07-24T06:20:42.629501,LTCUSDT,109.36,109.38,109858.0,173971.0
2025-07-24T06:20:43.196529,SOLUSDT,183.02,183.03,207.0,539.0
2025-07-24T06:20:43.525277,ETHUSDT,3560.46,3560.47,217697.0,11818.0
2025-07-24T06:20:43.527666,BTCUSDT,117538.3,117549.1,18122.0,1409.0
2025-07-24T06:20:43.624664,XRPUSDT,3.0651,3.0655,65558.0,1102.0
2025-07-24T06:20:43.629316,LTCUSDT,109.35,109.37,7830.0,57916.0
2025-07-24T06:20:44.198251,SOLUSDT,183.0,183.03,606.0,387.0
2025-07-24T06:20:44.516856,ETHUSDT,3560.11,3560.3,125782.0,266108.0
2025-07-24T06:20:44.534602,BTCUSDT,117549.0,117549.1,13998.0,10119.0
2025-07-24T06:20:44.598703,XRPUSDT,3.0647,3.065,10976.0,16180.0
2025-07-24T06:20:44.620335,LTCUSDT,109.33,109.34,21308.0,31960.0
2025-07-24T06:20:45.211951,SOLUSDT,183.0,183.01,606.0,224.0
2025-07-24T06:20:45.436130,BTCUSDT,117549.0,117549.1,6036.0,11398.0
2025-07-24T06:20:45.535104,ETHUSDT,3560.11,3560.38,136402.0,86812.0
2025-07-24T06:20:45.535162,XRPUSDT,3.0647,3.0648,56132.0,11398.0
2025-07-24T06:20:45.634593,LTCUSDT,109.32,109.33,27274.0,20644.0
2025-07-24T06:20:46.214123,SOLUSDT,183.0,183.01,517.0,418.0
2025-07-24T06:20:46.440964,BTCUSDT,117549.0,117549.1,4467.0,16637.0
2025-07-24T06:20:46.528929,ETHUSDT,3560.11,3560.38,103772.0,281731.0
2025-07-24T06:20:46.597263,XRPUSDT,3.0638,3.0644,694.0,174.0
2025-07-24T06:20:46.619674,LTCUSDT,109.3,109.32,5276.0,88210.0
2025-07-24T06:20:47.213075,SOLUSDT,182.95,182.96,31.0,556.0
2025-07-24T06:20:47.435349,BTCUSDT,117538.5,117538.6,666.0,8762.0
2025-07-24T06:20:47.524417,ETHUSDT,3559.62,3559.63,24856.0,32501.0
2025-07-24T06:20:47.611913,XRPUSDT,3.0631,3.0632,47570.0,83517.0
2025-07-24T06:20:47.629688,LTCUSDT,109.28,109.29,30892.0,3805.0
2025-07-24T06:20:48.248033,SOLUSDT,182.95,182.98,643.0,164.0
2025-07-24T06:20:48.503138,BTCUSDT,117538.5,117538.6,6460.0,8682.0
2025-07-24T06:20:48.518221,ETHUSDT,3559.85,3559.86,257721.0,173252.0
2025-07-24T06:20:48.605456,XRPUSDT,3.064,3.0642,1357.0,15782.0
2025-07-24T06:20:48.613481,LTCUSDT,109.32,109.33,23202.0,23109.0
2025-07-24T06:20:49.137088,SOLUSDT,182.97,183.02,192.0,56.0
2025-07-24T06:20:49.440385,BTCUSDT,117539.0,117549.1,5.0,1444.0
2025-07-24T06:20:49.525018,XRPUSDT,3.0658,3.0664,38595.0,15034.0
2025-07-24T06:20:49.526506,ETHUSDT,3561.18,3561.36,28453.0,123.0
2025-07-24T06:20:49.631462,LTCUSDT,109.4,109.42,413.0,38618.0
2025-07-24T06:20:50.214271,SOLUSDT,183.03,183.04,287.0,212.0
2025-07-24T06:20:50.427150,BTCUSDT,117549.0,117549.1,14046.0,760.0
2025-07-24T06:20:50.519960,ETHUSDT,3561.35,3561.36,151388.0,47626.0
2025-07-24T06:20:50.599624,XRPUSDT,3.0659,3.0666,22356.0,6618.0
2025-07-24T06:20:50.641060,LTCUSDT,109.4,109.41,1284.0,32527.0
2025-07-24T06:20:51.243022,SOLUSDT,183.04,183.05,168.0,332.0
2025-07-24T06:20:51.519596,BTCUSDT,117549.1,117549.2,13905.0,2124.0
2025-07-24T06:20:51.549837,XRPUSDT,3.0661,3.0666,14011.0,25962.0
2025-07-24T06:20:51.584451,ETHUSDT,3561.35,3561.86,225206.0,97130.0
2025-07-24T06:20:51.686110,LTCUSDT,109.4,109.41,28041.0,23484.0
2025-07-24T06:20:52.239694,SOLUSDT,183.06,183.07,163.0,376.0
2025-07-24T06:20:52.400362,BTCUSDT,117549.1,117552.9,14706.0,881.0
2025-07-24T06:20:52.522376,ETHUSDT,3561.85,3561.86,102175.0,114823.0
2025-07-24T06:20:52.600608,XRPUSDT,3.0663,3.0665,59846.0,17636.0
2025-07-24T06:20:52.634852,LTCUSDT,109.41,109.42,10671.0,28109.0
2025-07-24T06:20:53.239751,SOLUSDT,183.03,183.07,284.0,37.0
2025-07-24T06:20:53.516057,XRPUSDT,3.066,3.0662,2610.0,82020.0
2025-07-24T06:20:53.522185,ETHUSDT,3561.48,3561.49,118675.0,259636.0
2025-07-24T06:20:53.529048,BTCUSDT,117552.8,117552.9,14824.0,9298.0
2025-07-24T06:20:53.628627,LTCUSDT,109.39,109.41,25359.0,43763.0
2025-07-24T06:20:54.216983,SOLUSDT,183.03,183.04,284.0,388.0
2025-07-24T06:20:54.432297,BTCUSDT,117552.8,117552.9,14958.0,771.0
2025-07-24T06:20:54.511117,ETHUSDT,3561.45,3561.46,36216.0,350703.0
2025-07-24T06:20:54.605770,XRPUSDT,3.066,3.0661,41359.0,18313.0
2025-07-24T06:20:54.618006,LTCUSDT,109.39,109.4,25859.0,13840.0
2025-07-24T06:20:55.253412,SOLUSDT,183.03,183.06,673.0,22.0
2025-07-24T06:20:55.437331,BTCUSDT,117552.8,117552.9,14981.0,283.0
2025-07-24T06:20:55.527986,ETHUSDT,3561.45,3561.46,144047.0,77750.0
2025-07-24T06:20:55.610747,XRPUSDT,3.0666,3.0667,95304.0,2998.0
2025-07-24T06:20:55.639539,LTCUSDT,109.41,109.42,18704.0,63163.0
2025-07-24T06:20:56.230115,SOLUSDT,183.06,183.09,527.0,34.0
2025-07-24T06:20:56.427133,BTCUSDT,117553.4,117559.4,19.0,194.0
2025-07-24T06:20:56.515114,ETHUSDT,3561.92,3561.93,33289.0,111074.0
2025-07-24T06:20:56.608206,XRPUSDT,3.0672,3.0673,29976.0,21800.0
2025-07-24T06:20:56.620783,LTCUSDT,109.42,109.44,68113.0,3714.0
2025-07-24T06:20:57.215256,SOLUSDT,183.08,183.1,500.0,207.0
2025-07-24T06:20:57.478339,BTCUSDT,117559.2,117559.3,14597.0,1264.0
2025-07-24T06:20:57.514541,XRPUSDT,3.0672,3.0673,57695.0,18854.0
2025-07-24T06:20:57.524929,ETHUSDT,3561.92,3561.93,254857.0,114147.0
2025-07-24T06:20:57.625253,LTCUSDT,109.43,109.44,21664.0,86806.0
2025-07-24T06:20:58.234202,SOLUSDT,183.11,183.12,121.0,248.0
2025-07-24T06:20:58.518915,ETHUSDT,3561.73,3561.93,35460.0,150170.0
2025-07-24T06:20:58.518962,BTCUSDT,117559.2,117559.3,14342.0,7355.0
2025-07-24T06:20:58.608387,XRPUSDT,3.0664,3.067,69.0,119775.0
2025-07-24T06:20:58.621743,LTCUSDT,109.41,109.42,3394.0,58522.0
2025-07-24T06:20:59.219741,SOLUSDT,183.06,183.07,231.0,546.0
2025-07-24T06:20:59.436821,BTCUSDT,117559.2,117559.3,9638.0,3212.0
2025-07-24T06:20:59.516368,XRPUSDT,3.0657,3.066,16192.0,43111.0
2025-07-24T06:20:59.527456,ETHUSDT,3561.46,3561.57,27558.0,31408.0
2025-07-24T06:20:59.634785,LTCUSDT,109.39,109.4,22310.0,38984.0
2025-07-24T06:21:00.236639,SOLUSDT,183.05,183.06,45.0,332.0
2025-07-24T06:21:00.450346,BTCUSDT,117559.2,117559.3,9581.0,5575.0
2025-07-24T06:21:00.567112,ETHUSDT,3560.71,3561.47,2247.0,328963.0
2025-07-24T06:21:00.621767,XRPUSDT,3.0653,3.0659,15884.0,24215.0
2025-07-24T06:21:00.673702,LTCUSDT,109.34,109.4,276340.0,42757.0
2025-07-24T06:21:01.279446,SOLUSDT,182.95,182.98,56.0,111.0
2025-07-24T06:21:01.454070,BTCUSDT,117552.9,117553.0,222.0,574.0
2025-07-24T06:21:01.525343,ETHUSDT,3560.1,3560.27,37929.0,32805.0
2025-07-24T06:21:01.604623,XRPUSDT,3.0638,3.0639,12812.0,8130.0
2025-07-24T06:21:01.641643,LTCUSDT,109.29,109.33,65431.0,13926.0
2025-07-24T06:21:02.216800,SOLUSDT,182.98,183.02,343.0,42.0
2025-07-24T06:21:02.440358,BTCUSDT,117552.8,117552.9,8578.0,11614.0
2025-07-24T06:21:02.552283,ETHUSDT,3560.51,3560.54,18734.0,24970.0
2025-07-24T06:21:02.625506,XRPUSDT,3.0648,3.065,16273.0,38721.0
2025-07-24T06:21:02.654839,LTCUSDT,109.35,109.36,19801.0,17112.0
2025-07-24T06:21:03.231723,SOLUSDT,183.01,183.02,189.0,144.0
2025-07-24T06:21:03.440430,BTCUSDT,117552.8,117552.9,14540.0,13517.0
2025-07-24T06:21:03.525324,ETHUSDT,3560.52,3560.53,143265.0,84734.0
2025-07-24T06:21:03.553837,XRPUSDT,3.0649,3.065,85954.0,21409.0
2025-07-24T06:21:03.631770,LTCUSDT,109.35,109.37,79304.0,347.0
2025-07-24T06:21:04.252358,SOLUSDT,183.03,183.04,406.0,225.0
2025-07-24T06:21:04.436704,BTCUSDT,117552.8,117552.9,14494.0,13489.0
2025-07-24T06:21:04.521747,XRPUSDT,3.066,3.0661,88332.0,530.0
2025-07-24T06:21:04.535458,ETHUSDT,3560.93,3560.94,99809.0,83286.0
2025-07-24T06:21:04.641123,LTCUSDT,109.37,109.38,18481.0,39245.0
2025-07-24T06:21:05.217252,SOLUSDT,183.03,183.04,223.0,225.0
2025-07-24T06:21:05.448114,BTCUSDT,117552.8,117552.9,9433.0,8036.0
2025-07-24T06:21:05.525812,ETHUSDT,3560.93,3560.94,106042.0,91835.0
2025-07-24T06:21:05.549941,XRPUSDT,3.0664,3.0666,28802.0,499.0
2025-07-24T06:21:05.628919,LTCUSDT,109.36,109.39,25107.0,137590.0
2025-07-24T06:21:06.251483,SOLUSDT,183.03,183.05,223.0,118.0
2025-07-24T06:21:06.511120,ETHUSDT,3561.04,3561.05,260006.0,91121.0
2025-07-24T06:21:06.514758,BTCUSDT,117552.8,117552.9,10255.0,1338.0
2025-07-24T06:21:06.606521,XRPUSDT,3.0666,3.0671,5000.0,81766.0
2025-07-24T06:21:06.626288,LTCUSDT,109.38,109.39,18307.0,49851.0
2025-07-24T06:21:07.228519,SOLUSDT,182.99,183.0,305.0,27.0
2025-07-24T06:21:07.516462,BTCUSDT,117552.8,117552.9,13828.0,11915.0
2025-07-24T06:21:07.521835,ETHUSDT,3561.04,3561.05,161185.0,98353.0
2025-07-24T06:21:07.622220,XRPUSDT,3.066,3.0661,2884.0,79235.0
2025-07-24T06:21:07.635271,LTCUSDT,109.36,109.38,63860.0,45470.0
2025-07-24T06:21:08.223724,SOLUSDT,182.99,183.02,305.0,151.0
2025-07-24T06:21:08.523848,BTCUSDT,117552.8,117552.9,9550.0,2721.0
2025-07-24T06:21:08.538540,ETHUSDT,3560.44,3560.97,161349.0,41.0
2025-07-24T06:21:08.622210,XRPUSDT,3.0657,3.0662,25680.0,1240.0
2025-07-24T06:21:08.647758,LTCUSDT,109.36,109.38,6103.0,114531.0
2025-07-24T06:21:09.249258,SOLUSDT,182.98,182.99,151.0,350.0
2025-07-24T06:21:09.521697,BTCUSDT,117550.1,117550.2,222.0,648.0
2025-07-24T06:21:09.522795,ETHUSDT,3560.23,3560.45,95775.0,225643.0
2025-07-24T06:21:09.625509,XRPUSDT,3.065,3.0651,40248.0,31332.0
2025-07-24T06:21:09.636696,LTCUSDT,109.34,109.35,40676.0,26302.0
2025-07-24T06:21:10.223258,SOLUSDT,183.01,183.02,372.0,173.0
2025-07-24T06:21:10.428846,BTCUSDT,117550.0,117550.1,12013.0,5396.0
2025-07-24T06:21:10.517415,ETHUSDT,3560.23,3560.24,218149.0,47843.0
2025-07-24T06:21:10.611271,LTCUSDT,109.35,109.36,42703.0,31202.0
2025-07-24T06:21:10.612181,XRPUSDT,3.0657,3.0658,33827.0,18215.0
2025-07-24T06:21:11.227682,SOLUSDT,183.01,183.02,372.0,136.0
2025-07-24T06:21:11.522370,BTCUSDT,117550.0,117550.1,13310.0,15281.0
2025-07-24T06:21:11.528007,XRPUSDT,3.0657,3.0661,90459.0,1455.0
2025-07-24T06:21:11.542388,ETHUSDT,3560.23,3560.25,218149.0,16989.0
2025-07-24T06:21:11.643961,LTCUSDT,109.36,109.37,28173.0,1572.0
2025-07-24T06:21:12.208566,SOLUSDT,183.03,183.04,293.0,252.0
2025-07-24T06:21:12.516732,ETHUSDT,3560.58,3560.59,217803.0,149855.0
2025-07-24T06:21:12.523489,BTCUSDT,117550.0,117550.1,6440.0,6677.0
2025-07-24T06:21:12.560811,XRPUSDT,3.0668,3.0669,53320.0,14108.0
2025-07-24T06:21:12.639010,LTCUSDT,109.36,109.37,28173.0,2620.0
2025-07-24T06:21:13.236120,SOLUSDT,183.01,183.02,196.0,12.0
2025-07-24T06:21:13.514199,BTCUSDT,117550.0,117550.1,7224.0,10622.0
2025-07-24T06:21:13.518705,ETHUSDT,3560.57,3560.59,548.0,34402.0
2025-07-24T06:21:13.598859,XRPUSDT,3.0662,3.0665,16398.0,16762.0
2025-07-24T06:21:13.625187,LTCUSDT,109.35,109.36,24884.0,1869.0
2025-07-24T06:21:14.211046,SOLUSDT,183.02,183.05,39.0,291.0
2025-07-24T06:21:14.512170,ETHUSDT,3560.58,3560.59,291482.0,16167.0
2025-07-24T06:21:14.517452,BTCUSDT,117550.0,117550.1,10641.0,14087.0
2025-07-24T06:21:14.620777,LTCUSDT,109.36,109.37,81909.0,9529.0
2025-07-24T06:21:14.623065,XRPUSDT,3.0663,3.0665,7939.0,16517.0
2025-07-24T06:21:15.245055,SOLUSDT,183.02,183.03,173.0,540.0
2025-07-24T06:21:15.520416,ETHUSDT,3560.58,3560.59,213172.0,43667.0
2025-07-24T06:21:15.520509,BTCUSDT,117550.0,117550.1,6068.0,9192.0
2025-07-24T06:21:15.600521,XRPUSDT,3.0662,3.0665,18512.0,14779.0
2025-07-24T06:21:15.637690,LTCUSDT,109.35,109.37,24957.0,51596.0
2025-07-24T06:21:16.227345,SOLUSDT,182.99,183.0,217.0,482.0
2025-07-24T06:21:16.518236,BTCUSDT,117540.0,117540.1,15364.0,14001.0
2025-07-24T06:21:16.522597,ETHUSDT,3560.06,3560.07,131543.0,294109.0
2025-07-24T06:21:16.613674,XRPUSDT,3.0662,3.0666,11239.0,3102.0
2025-07-24T06:21:16.638448,LTCUSDT,109.35,109.36,35889.0,7814.0
2025-07-24T06:21:17.195509,SOLUSDT,183.02,183.03,146.0,434.0
2025-07-24T06:21:17.480917,BTCUSDT,117540.0,117540.1,15699.0,2160.0
2025-07-24T06:21:17.518580,ETHUSDT,3560.38,3560.39,318815.0,94494.0
2025-07-24T06:21:17.518627,XRPUSDT,3.0665,3.0666,8269.0,41293.0
2025-07-24T06:21:17.636031,LTCUSDT,109.35,109.36,50865.0,16201.0
2025-07-24T06:21:18.212001,SOLUSDT,182.97,182.99,65.0,72.0
2025-07-24T06:21:18.448429,BTCUSDT,117550.2,117550.3,12319.0,6698.0
2025-07-24T06:21:18.507348,ETHUSDT,3560.06,3560.36,1104.0,41.0
2025-07-24T06:21:18.565256,XRPUSDT,3.0659,3.066,47435.0,3929.0
2025-07-24T06:21:18.624096,LTCUSDT,109.33,109.34,3538.0,94499.0
2025-07-24T06:21:19.218166,SOLUSDT,182.97,182.98,230.0,256.0
2025-07-24T06:21:19.440486,BTCUSDT,117550.2,117550.3,19247.0,14060.0
2025-07-24T06:21:19.529675,ETHUSDT,3560.06,3560.07,6797.0,306285.0
2025-07-24T06:21:19.616150,XRPUSDT,3.066,3.0662,14423.0,601.0
2025-07-24T06:21:19.665778,LTCUSDT,109.33,109.34,17423.0,61286.0
2025-07-24T06:21:20.233065,SOLUSDT,182.97,182.98,337.0,390.0
2025-07-24T06:21:20.473851,BTCUSDT,117550.2,117550.3,11184.0,7926.0
2025-07-24T06:21:20.508225,ETHUSDT,3560.06,3560.07,11334.0,333333.0
2025-07-24T06:21:20.612126,XRPUSDT,3.0662,3.0674,50426.0,14244.0
2025-07-24T06:21:20.619099,LTCUSDT,109.33,109.36,114453.0,75456.0
2025-07-24T06:21:21.235163,SOLUSDT,183.01,183.02,518.0,211.0
2025-07-24T06:21:21.486356,BTCUSDT,117550.2,117550.3,16255.0,7597.0
2025-07-24T06:21:21.516704,ETHUSDT,3560.06,3560.07,154370.0,183613.0
2025-07-24T06:21:21.522928,XRPUSDT,3.067,3.0674,6844.0,14615.0
2025-07-24T06:21:21.638190,LTCUSDT,109.34,109.35,3522.0,103489.0
2025-07-24T06:21:22.232502,SOLUSDT,183.01,183.02,163.0,424.0
2025-07-24T06:21:22.514229,BTCUSDT,117550.2,117550.3,16391.0,8751.0
2025-07-24T06:21:22.527858,ETHUSDT,3560.06,3560.07,155837.0,137083.0
2025-07-24T06:21:22.608139,XRPUSDT,3.0671,3.0672,6007.0,98588.0
2025-07-24T06:21:22.654477,LTCUSDT,109.33,109.35,52757.0,53651.0
2025-07-24T06:21:23.242842,SOLUSDT,182.95,182.98,53.0,521.0
2025-07-24T06:21:23.500553,BTCUSDT,117550.2,117550.3,15716.0,13001.0
2025-07-24T06:21:23.521926,ETHUSDT,3559.62,3559.63,318799.0,24709.0
2025-07-24T06:21:23.619431,XRPUSDT,3.0664,3.0668,70558.0,6151.0
2025-07-24T06:21:23.642514,LTCUSDT,109.31,109.32,62709.0,2194.0
2025-07-24T06:21:24.248631,SOLUSDT,182.98,182.99,191.0,186.0
2025-07-24T06:21:24.508103,ETHUSDT,3559.62,3559.63,321250.0,57683.0
2025-07-24T06:21:24.521732,BTCUSDT,117550.2,117550.3,11032.0,8680.0
2025-07-24T06:21:24.611910,XRPUSDT,3.0669,3.0671,33.0,84911.0
2025-07-24T06:21:24.613610,LTCUSDT,109.32,109.33,62286.0,1425.0
2025-07-24T06:21:25.155042,SOLUSDT,182.99,183.0,141.0,598.0
2025-07-24T06:21:25.421571,BTCUSDT,117550.2,117550.3,17120.0,13429.0
2025-07-24T06:21:25.518345,ETHUSDT,3559.63,3559.64,3124.0,368966.0
2025-07-24T06:21:25.518386,XRPUSDT,3.0665,3.0666,6867.0,34661.0
2025-07-24T06:21:25.637058,LTCUSDT,109.3,109.31,4519.0,72647.0
2025-07-24T06:21:26.245022,SOLUSDT,182.95,182.97,489.0,9.0
2025-07-24T06:21:26.514257,BTCUSDT,117550.2,117550.3,14802.0,11521.0
2025-07-24T06:21:26.521225,ETHUSDT,3559.35,3559.36,47957.0,332309.0
2025-07-24T06:21:26.606343,XRPUSDT,3.0661,3.0662,5699.0,26374.0
2025-07-24T06:21:26.618812,LTCUSDT,109.27,109.28,39233.0,24100.0
2025-07-24T06:21:27.211739,SOLUSDT,182.95,182.96,293.0,159.0
2025-07-24T06:21:27.437446,BTCUSDT,117550.2,117550.3,9598.0,7150.0
2025-07-24T06:21:27.522163,ETHUSDT,3559.35,3559.36,215810.0,340197.0
2025-07-24T06:21:27.593108,XRPUSDT,3.0661,3.0664,43089.0,8517.0
2025-07-24T06:21:27.632714,LTCUSDT,109.27,109.29,39233.0,29757.0
2025-07-24T06:21:28.246025,SOLUSDT,182.95,182.96,330.0,120.0
2025-07-24T06:21:28.438586,BTCUSDT,117550.2,117550.3,10540.0,5715.0
2025-07-24T06:21:28.521238,ETHUSDT,3559.35,3559.36,236880.0,21370.0
2025-07-24T06:21:28.574354,XRPUSDT,3.0661,3.0664,84228.0,4211.0
2025-07-24T06:21:28.625217,LTCUSDT,109.28,109.29,24002.0,4446.0
2025-07-24T06:21:29.211924,SOLUSDT,182.96,182.97,294.0,294.0
2025-07-24T06:21:29.425919,BTCUSDT,117550.2,117550.3,15531.0,10555.0
2025-07-24T06:21:29.510791,ETHUSDT,3559.35,3559.36,59074.0,130056.0
2025-07-24T06:21:29.596523,XRPUSDT,3.0662,3.0666,95222.0,14100.0
2025-07-24T06:21:29.619263,LTCUSDT,109.28,109.29,3479.0,18376.0
2025-07-24T06:21:30.251409,SOLUSDT,182.97,183.0,52.0,274.0
2025-07-24T06:21:30.439129,BTCUSDT,117550.2,117550.3,16033.0,1659.0
2025-07-24T06:21:30.614185,XRPUSDT,3.0675,3.0676,24660.0,63600.0
2025-07-24T06:21:30.618857,ETHUSDT,3559.52,3559.53,291733.0,104205.0
2025-07-24T06:21:30.618926,LTCUSDT,109.29,109.3,80053.0,33462.0
2025-07-24T06:21:31.223071,SOLUSDT,182.97,182.99,170.0,104.0
2025-07-24T06:21:31.459743,BTCUSDT,117553.6,117553.7,467.0,255.0
2025-07-24T06:21:31.507671,ETHUSDT,3559.52,3559.53,3414.0,228271.0
2025-07-24T06:21:31.608502,XRPUSDT,3.0662,3.0671,18655.0,17129.0
2025-07-24T06:21:31.639073,LTCUSDT,109.23,109.29,40064.0,38385.0
2025-07-24T06:21:32.231453,SOLUSDT,182.89,182.93,57.0,2.0
2025-07-24T06:21:32.528161,BTCUSDT,117553.7,117553.8,15537.0,13365.0
2025-07-24T06:21:32.545451,ETHUSDT,3558.42,3558.52,16791.0,333630.0
2025-07-24T06:21:32.598765,XRPUSDT,3.0645,3.0648,95486.0,17567.0
2025-07-24T06:21:32.651456,LTCUSDT,109.22,109.23,17534.0,35359.0
2025-07-24T06:21:33.257364,SOLUSDT,182.89,182.9,289.0,227.0
2025-07-24T06:21:33.434234,BTCUSDT,117553.7,117553.8,15313.0,13223.0
2025-07-24T06:21:33.506771,ETHUSDT,3558.42,3558.43,124976.0,143205.0
2025-07-24T06:21:33.542016,XRPUSDT,3.0648,3.0649,17850.0,38696.0
2025-07-24T06:21:33.621950,LTCUSDT,109.2,109.21,20884.0,3589.0
2025-07-24T06:21:34.214755,SOLUSDT,182.9,182.91,221.0,460.0
2025-07-24T06:21:34.527032,ETHUSDT,3558.57,3558.58,160392.0,204144.0
2025-07-24T06:21:34.535661,BTCUSDT,117553.7,117553.8,15524.0,13014.0
2025-07-24T06:21:34.598284,XRPUSDT,3.0648,3.0649,17352.0,87131.0
2025-07-24T06:21:34.647615,LTCUSDT,109.2,109.21,50706.0,11749.0
2025-07-24T06:21:35.208666,SOLUSDT,182.89,182.9,6.0,468.0
2025-07-24T06:21:35.426233,BTCUSDT,117553.7,117553.8,7667.0,12936.0
2025-07-24T06:21:35.518806,XRPUSDT,3.0648,3.0655,59254.0,15521.0
2025-07-24T06:21:35.523390,ETHUSDT,3558.57,3558.58,206760.0,4099.0
2025-07-24T06:21:35.632030,LTCUSDT,109.2,109.21,27697.0,11530.0
2025-07-24T06:24:34.299287,SOLUSDT,182.91,182.93,641.0,52.0
2025-07-24T06:24:34.299309,BTCUSDT,117553.7,117553.8,9502.0,8191.0
2025-07-24T06:24:34.299330,ETHUSDT,3559.09,3559.1,310200.0,12972.0
2025-07-24T06:24:34.299350,XRPUSDT,3.0661,3.0666,25766.0,86457.0
2025-07-24T06:24:34.299369,LTCUSDT,109.24,109.26,24777.0,20733.0
2025-07-24T06:24:34.299387,SOLUSDT,182.93,182.98,461.0,42.0
2025-07-24T06:24:34.299409,ETHUSDT,3559.09,3559.32,311137.0,4853.0
2025-07-24T06:24:34.299433,BTCUSDT,117553.7,117553.8,10040.0,9914.0
2025-07-24T06:24:34.299465,XRPUSDT,3.0667,3.0678,80074.0,15712.0
2025-07-24T06:24:34.299496,LTCUSDT,109.29,109.31,79228.0,891.0
2025-07-24T06:24:34.299518,SOLUSDT,183.0,183.02,41.0,147.0
2025-07-24T06:24:34.299547,BTCUSDT,117565.3,117565.4,16028.0,12024.0
2025-07-24T06:24:34.299579,ETHUSDT,3559.51,3559.52,339349.0,110131.0
2025-07-24T06:24:34.299608,XRPUSDT,3.0677,3.0678,6763.0,25285.0
2025-07-24T06:24:34.299642,LTCUSDT,109.28,109.33,20499.0,125034.0
2025-07-24T06:24:34.299677,SOLUSDT,183.0,183.01,284.0,205.0
2025-07-24T06:24:34.299708,BTCUSDT,117565.3,117565.4,12792.0,1116.0
2025-07-24T06:24:34.299738,ETHUSDT,3559.51,3559.52,245104.0,112135.0
2025-07-24T06:24:34.299763,XRPUSDT,3.0674,3.068,15834.0,16102.0
2025-07-24T06:24:34.299784,LTCUSDT,109.26,109.29,183.0,17131.0
