timestamp,symbol,bid,ask,bid_vol,ask_vol
2025-07-24T15:35:17.509835,BTC-USDT,118707.0,118707.01,0.5121,31.7789
2025-07-24T15:35:17.510008,BTC-USDT,118707.0,118707.01,0.5121,31.7789
2025-07-24T15:35:17.510044,ETH-USDT,3718.89,3719.0,5.889,6.147
2025-07-24T15:35:17.510090,SOL-USDT,188.09,188.13,125.022,117.433
2025-07-24T15:35:17.510133,XRP-USDT,3.216,3.2175,82965.1,17945.2
2025-07-24T15:35:17.510178,LTC-USDT,113.62,113.7,29.33,16.328
2025-07-24T15:35:18.046583,LTC-USDT,113.62,113.7,29.33,16.328
2025-07-24T15:35:18.058770,XRP-USDT,3.2162,3.2177,363.5,57774.6
2025-07-24T15:35:18.067822,SOL-USDT,188.09,188.13,125.022,117.433
2025-07-24T15:35:19.091975,LTC-USDT,113.65,113.7,55.286,16.328
2025-07-24T15:35:19.114935,SOL-USDT,188.09,188.14,125.022,94.258
2025-07-24T15:35:19.115909,ETH-USDT,3719.17,3719.26,7.261,0.08
2025-07-24T15:35:19.127456,BTC-USDT,118707.0,118707.01,0.5121,31.7789
2025-07-24T15:35:20.146929,LTC-USDT,113.62,113.7,29.33,16.328
2025-07-24T15:35:20.149389,XRP-USDT,3.2164,3.2179,137558.7,1687.0
2025-07-24T15:35:20.157848,SOL-USDT,188.08,188.11,98.372,94.382
2025-07-24T15:35:21.187308,LTC-USDT,113.62,113.67,29.33,98.329
2025-07-24T15:35:21.204519,SOL-USDT,188.06,188.11,114.804,219.24
2025-07-24T15:35:21.206252,ETH-USDT,3718.26,3718.75,5.594,6.531
2025-07-24T15:35:21.217322,BTC-USDT,118707.0,118707.01,0.5121,31.7789
2025-07-24T15:35:22.227970,LTC-USDT,113.62,113.67,29.33,98.329
2025-07-24T15:35:22.241540,XRP-USDT,3.2167,3.2182,129704.6,19805.0
2025-07-24T15:35:22.252528,SOL-USDT,188.09,188.12,106.435,120.682
2025-07-24T15:35:22.253741,ETH-USDT,3718.67,3718.76,3.084,7.156
2025-07-24T15:35:23.300380,SOL-USDT,188.06,188.12,114.804,120.682
2025-07-24T15:35:23.302128,ETH-USDT,3719.17,3719.26,6.011,0.08
2025-07-24T15:35:23.316507,BTC-USDT,118707.0,118707.01,0.5121,31.7789
2025-07-24T15:35:24.339326,XRP-USDT,3.2171,3.2186,142167.5,10312.6
2025-07-24T15:35:24.348660,SOL-USDT,188.06,188.16,114.804,127.356
2025-07-24T15:35:24.350243,ETH-USDT,3719.93,3720.04,7.667,6.114
2025-07-24T15:35:25.538112,LTC-USDT,113.61,113.67,11.226,98.329
2025-07-24T15:35:25.564946,SOL-USDT,188.09,188.13,89.016,119.584
2025-07-24T15:35:25.566554,ETH-USDT,3719.36,3719.45,5.425,6.137
2025-07-24T15:35:25.579068,BTC-USDT,118707.0,118707.01,0.5121,31.7789
2025-07-24T15:35:26.600281,XRP-USDT,3.2176,3.2191,3141.8,20152.7
2025-07-24T15:35:26.609539,SOL-USDT,188.14,188.17,99.428,93.493
2025-07-24T15:35:26.610857,ETH-USDT,3719.88,3719.97,6.605,3.172
2025-07-24T15:35:27.652410,SOL-USDT,188.13,188.17,120.293,124.348
2025-07-24T15:35:27.653864,ETH-USDT,3720.36,3720.45,5.617,5.386
2025-07-24T15:35:27.666099,BTC-USDT,118707.0,118707.01,0.5121,31.7789
2025-07-24T15:35:28.675914,LTC-USDT,113.64,113.7,80.162,16.328
2025-07-24T15:35:28.690475,XRP-USDT,3.2188,3.2204,22246.6,14324.8
2025-07-24T15:35:28.704096,ETH-USDT,3720.45,3720.6,7.489,6.729
2025-07-24T15:35:28.714710,BTC-USDT,118707.0,118707.01,0.5121,31.7789
2025-07-24T15:35:29.723550,LTC-USDT,113.64,113.7,80.162,16.328
2025-07-24T15:35:29.735536,XRP-USDT,3.2198,3.2213,140173.3,86.1
2025-07-24T15:35:29.745291,SOL-USDT,188.13,188.17,120.293,124.348
2025-07-24T15:35:29.746949,ETH-USDT,3720.53,3720.62,7.347,0.09
2025-07-24T15:35:30.767566,LTC-USDT,113.64,113.7,80.162,16.328
2025-07-24T15:35:30.792316,ETH-USDT,3721.29,3721.38,3.299,7.519
2025-07-24T15:35:30.804680,BTC-USDT,118707.0,118707.01,0.5121,31.7789
2025-07-24T15:35:31.840599,ETH-USDT,3721.29,3721.45,3.299,2.656
2025-07-24T15:35:32.873971,XRP-USDT,3.2199,3.2214,147738.8,97562.8
2025-07-24T15:35:32.883365,SOL-USDT,188.16,188.22,125.012,114.532
2025-07-24T15:35:32.886126,ETH-USDT,3722.59,3722.68,7.205,5.442
2025-07-24T15:35:32.896484,BTC-USDT,118707.0,118707.01,0.5121,31.7789
2025-07-24T15:35:33.905861,LTC-USDT,113.67,113.72,119.665,11.959
2025-07-24T15:35:33.918550,XRP-USDT,3.2211,3.2226,57619.6,32552.0
2025-07-24T15:35:33.928116,SOL-USDT,188.19,188.22,88.196,114.532
2025-07-24T15:35:33.929597,ETH-USDT,3723.06,3723.15,7.58,6.654
2025-07-24T15:35:34.953188,LTC-USDT,113.71,113.76,80.269,18.41
2025-07-24T15:35:34.975032,SOL-USDT,188.27,188.3,118.309,67.436
2025-07-24T15:35:34.976579,ETH-USDT,3723.97,3724.06,5.593,6.309
2025-07-24T15:35:34.988740,BTC-USDT,118707.0,118707.01,0.5121,31.7789
2025-07-24T15:35:35.998525,LTC-USDT,113.71,113.77,80.269,75.182
2025-07-24T15:35:36.019334,SOL-USDT,188.3,188.35,100.001,38.65
2025-07-24T15:35:36.021371,ETH-USDT,3725.25,3725.34,5.024,5.778
2025-07-24T15:35:37.055987,XRP-USDT,3.2224,3.2239,107266.6,20625.3
2025-07-24T15:35:37.065352,SOL-USDT,188.33,188.36,117.257,37.787
2025-07-24T15:35:37.066860,ETH-USDT,3725.95,3726.04,5.571,0.84
2025-07-24T15:35:37.079575,BTC-USDT,118734.54,118734.55,29.737,0.1028
2025-07-24T15:35:38.145353,LTC-USDT,113.75,113.81,83.75,18.372
2025-07-24T15:35:38.158381,XRP-USDT,3.2241,3.2256,16.6,21315.3
2025-07-24T15:35:38.169758,SOL-USDT,188.36,188.43,100.255,41.182
2025-07-24T15:35:38.171573,ETH-USDT,3726.33,3726.89,6.959,0.361
2025-07-24T15:35:38.185145,BTC-USDT,118734.54,118734.55,29.737,0.1028
2025-07-24T15:35:39.195772,LTC-USDT,113.8,113.85,59.632,27.834
2025-07-24T15:35:39.216508,SOL-USDT,188.39,188.43,90.983,41.182
2025-07-24T15:35:39.218029,ETH-USDT,3726.33,3726.69,6.959,7.355
2025-07-24T15:35:39.229123,BTC-USDT,118752.26,118752.27,28.8718,1.2941
2025-07-24T15:35:40.242633,LTC-USDT,113.79,113.85,16.554,27.834
2025-07-24T15:35:40.253858,XRP-USDT,3.2245,3.2257,55770.5,2.1
2025-07-24T15:35:40.263454,SOL-USDT,188.39,188.44,90.983,96.323
2025-07-24T15:35:40.265470,ETH-USDT,3726.44,3726.53,5.391,7.231
2025-07-24T15:35:41.308242,SOL-USDT,188.42,188.46,120.779,94.019
2025-07-24T15:35:41.309823,ETH-USDT,3726.44,3726.69,5.391,7.355
2025-07-24T15:35:41.321051,BTC-USDT,118752.26,118752.27,28.8718,1.2941
2025-07-24T15:35:42.330531,LTC-USDT,113.78,113.85,12.138,27.834
2025-07-24T15:35:42.347766,XRP-USDT,3.2258,3.2273,154892.9,4679.4
2025-07-24T15:35:42.357904,SOL-USDT,188.41,188.44,120.041,100.625
2025-07-24T15:35:42.359841,ETH-USDT,3726.11,3726.2,1.414,6.838
2025-07-24T15:35:43.407174,SOL-USDT,188.41,188.44,120.041,126.064
2025-07-24T15:35:43.408556,ETH-USDT,3724.19,3725.89,6.051,5.92
2025-07-24T15:35:43.419277,BTC-USDT,118752.26,118752.27,28.8718,1.2941
2025-07-24T15:35:44.428292,LTC-USDT,113.75,113.82,83.75,72.369
2025-07-24T15:35:44.440757,XRP-USDT,3.2242,3.2257,5363.3,53079.0
2025-07-24T15:35:44.449874,SOL-USDT,188.34,188.38,125.339,115.802
2025-07-24T15:35:44.451084,ETH-USDT,3725.24,3725.33,6.161,3.192
2025-07-24T15:35:44.462245,BTC-USDT,118752.26,118752.27,28.8718,1.2941
2025-07-24T15:35:45.472989,LTC-USDT,113.78,113.85,85.894,15.128
2025-07-24T15:35:45.497367,SOL-USDT,188.51,188.56,123.633,29.389
2025-07-24T15:35:45.498224,ETH-USDT,3726.47,3726.56,5.27,5.864
2025-07-24T15:35:46.530695,XRP-USDT,3.2256,3.2271,149011.7,89725.6
2025-07-24T15:35:46.539858,SOL-USDT,188.51,188.56,123.633,29.389
2025-07-24T15:35:46.541339,ETH-USDT,3726.44,3726.53,6.12,6.358
2025-07-24T15:35:47.597891,BTC-USDT,118765.38,118765.39,10.9031,12.1529
2025-07-24T15:35:48.606632,LTC-USDT,113.81,113.92,102.344,14.196
2025-07-24T15:35:48.619236,XRP-USDT,3.2263,3.2278,32381.4,71517.6
2025-07-24T15:35:48.630275,ETH-USDT,3726.44,3729.98,6.12,2.956
2025-07-24T15:35:48.641369,BTC-USDT,118765.38,118765.39,10.9031,12.1529
2025-07-24T15:35:49.651230,LTC-USDT,113.86,113.91,12.054,49.978
2025-07-24T15:35:49.674557,SOL-USDT,188.59,188.65,36.872,95.376
2025-07-24T15:35:49.679441,ETH-USDT,3729.98,3730.13,6.17,0.142
2025-07-24T15:35:49.688147,BTC-USDT,118778.07,118778.14,0.66,0.0002
2025-07-24T15:35:50.697495,LTC-USDT,113.87,113.92,52.819,14.379
2025-07-24T15:35:50.711443,XRP-USDT,3.2282,3.2297,19068.9,16.6
2025-07-24T15:35:50.721847,SOL-USDT,188.66,188.69,96.57,57.093
2025-07-24T15:35:50.725329,ETH-USDT,3731.17,3731.26,7.473,4.002
2025-07-24T15:35:51.743997,LTC-USDT,113.87,113.95,52.819,26.781
2025-07-24T15:35:51.756929,XRP-USDT,3.228,3.2295,9284.1,60269.0
2025-07-24T15:35:51.766484,SOL-USDT,188.62,188.66,105.099,85.509
2025-07-24T15:35:51.768491,ETH-USDT,3732.3,3732.4,2.502,0.114
2025-07-24T15:35:51.780484,BTC-USDT,118794.98,118795.0,9.7249,0.0001
2025-07-24T15:35:52.789752,LTC-USDT,113.9,113.95,48.076,26.781
2025-07-24T15:35:52.811133,SOL-USDT,188.59,188.66,91.4,103.802
2025-07-24T15:35:52.812436,ETH-USDT,3732.74,3732.83,6.557,7.386
2025-07-24T15:35:52.823624,BTC-USDT,118794.98,118794.99,9.7249,16.4015
2025-07-24T15:35:53.833219,LTC-USDT,113.9,113.97,48.076,20.645
2025-07-24T15:35:53.846978,XRP-USDT,3.2287,3.2302,55744.5,52024.3
2025-07-24T15:35:53.859506,SOL-USDT,188.62,188.65,95.762,123.682
2025-07-24T15:35:53.860909,ETH-USDT,3731.67,3731.76,0.026,6.855
2025-07-24T15:35:54.914621,SOL-USDT,188.62,188.65,95.762,123.682
2025-07-24T15:35:54.918712,ETH-USDT,3731.56,3732.05,5.986,5.679
2025-07-24T15:35:54.930900,BTC-USDT,118794.98,118794.99,9.7249,16.4015
2025-07-24T15:35:55.940730,LTC-USDT,113.87,113.94,52.819,99.475
2025-07-24T15:35:55.952937,XRP-USDT,3.2275,3.2302,16891.6,52024.3
2025-07-24T15:35:55.961985,SOL-USDT,188.48,188.51,91.101,118.749
2025-07-24T15:35:55.963760,ETH-USDT,3729.28,3729.37,6.343,3.637
2025-07-24T15:35:56.983833,LTC-USDT,113.87,113.94,52.819,99.475
2025-07-24T15:35:56.997406,XRP-USDT,3.2275,3.229,16891.6,142970.4
2025-07-24T15:35:57.008186,SOL-USDT,188.48,188.51,91.101,118.749
2025-07-24T15:35:57.010011,ETH-USDT,3729.47,3729.56,5.923,0.892
2025-07-24T15:35:57.022574,BTC-USDT,118786.53,118786.54,0.1485,32.468
2025-07-24T15:35:58.036152,LTC-USDT,113.87,113.94,52.819,99.475
2025-07-24T15:35:58.045657,XRP-USDT,3.228,3.2295,69589.0,43307.4
2025-07-24T15:35:58.055569,SOL-USDT,188.48,188.53,91.101,92.054
2025-07-24T15:35:59.214046,LTC-USDT,113.85,113.91,15.692,71.184
2025-07-24T15:35:59.237159,ETH-USDT,3729.64,3729.73,7.437,7.365
2025-07-24T15:35:59.247062,BTC-USDT,118786.53,118786.54,0.1485,32.468
2025-07-24T15:36:00.256290,LTC-USDT,113.85,113.91,15.692,71.184
2025-07-24T15:36:00.269858,XRP-USDT,3.2291,3.2306,140551.8,30193.3
2025-07-24T15:36:00.281126,SOL-USDT,188.46,188.53,103.505,92.054
2025-07-24T15:36:00.282409,ETH-USDT,3730.16,3730.25,7.28,5.194
2025-07-24T15:36:01.302818,LTC-USDT,113.78,113.83,37.035,92.038
2025-07-24T15:36:01.327230,SOL-USDT,188.4,188.44,77.911,108.853
2025-07-24T15:36:01.327991,ETH-USDT,3727.51,3727.6,4.174,7.38
2025-07-24T15:36:01.339187,BTC-USDT,118786.53,118786.54,0.1485,32.468
2025-07-24T15:36:02.349143,LTC-USDT,113.75,113.83,83.75,92.038
2025-07-24T15:36:02.362157,XRP-USDT,3.2253,3.2268,28779.9,95708.6
2025-07-24T15:36:02.373259,SOL-USDT,188.32,188.35,120.674,117.67
2025-07-24T15:36:02.375136,ETH-USDT,3727.34,3727.83,6.695,0.031
2025-07-24T15:36:03.491129,LTC-USDT,113.74,113.79,21.353,121.627
2025-07-24T15:36:03.511402,XRP-USDT,3.2253,3.2268,28779.9,95708.6
2025-07-24T15:36:03.520632,SOL-USDT,188.25,188.29,123.816,120.55
2025-07-24T15:36:03.523021,ETH-USDT,3727.19,3727.28,4.859,6.401
2025-07-24T15:36:03.540947,BTC-USDT,118753.61,118753.62,1.7542,29.2835
2025-07-24T15:36:04.546560,LTC-USDT,113.73,113.79,32.767,121.627
2025-07-24T15:36:04.560155,XRP-USDT,3.2231,3.2246,23601.9,44009.7
2025-07-24T15:36:04.572801,ETH-USDT,3727.18,3727.27,0.144,5.384
2025-07-24T15:36:04.583901,BTC-USDT,118752.26,118752.27,0.1567,33.0021
2025-07-24T15:36:05.594267,LTC-USDT,113.71,113.76,80.269,48.048
2025-07-24T15:36:05.620477,SOL-USDT,188.19,188.23,88.196,113.709
2025-07-24T15:36:05.621768,ETH-USDT,3727.34,3727.43,0.514,6.741
2025-07-24T15:36:06.663457,XRP-USDT,3.2226,3.2241,60287.8,36973.0
2025-07-24T15:36:06.665597,SOL-USDT,188.19,188.23,88.196,113.709
2025-07-24T15:36:06.667410,ETH-USDT,3726.92,3727.01,7.07,6.5
2025-07-24T15:36:07.706494,XRP-USDT,3.2219,3.2234,24179.4,10343.8
2025-07-24T15:36:07.717461,ETH-USDT,3726.44,3726.65,6.12,6.052
2025-07-24T15:36:07.729318,BTC-USDT,118740.0,118740.01,0.0372,22.407
2025-07-24T15:36:08.739352,LTC-USDT,113.67,113.74,21.267,96.73
2025-07-24T15:36:08.763181,SOL-USDT,188.11,188.14,92.701,127.402
2025-07-24T15:36:08.764528,ETH-USDT,3725.69,3725.78,6.909,7.546
2025-07-24T15:36:08.777526,BTC-USDT,118720.0,118720.01,1.1258,27.8617
2025-07-24T15:36:09.786198,LTC-USDT,113.66,113.71,28.877,119.629
2025-07-24T15:36:09.809106,SOL-USDT,188.08,188.11,110.406,125.868
2025-07-24T15:36:09.810455,ETH-USDT,3725.5,3725.59,0.4,7.377
2025-07-24T15:36:09.822724,BTC-USDT,118720.0,118720.01,1.1258,27.8617
2025-07-24T15:36:10.833089,LTC-USDT,113.64,113.71,32.372,119.629
2025-07-24T15:36:10.847140,XRP-USDT,3.22,3.2215,174763.0,66730.6
2025-07-24T15:36:10.856718,SOL-USDT,188.03,188.06,12.47,100.514
2025-07-24T15:36:10.858187,ETH-USDT,3724.09,3724.58,0.443,6.047
2025-07-24T15:36:10.877679,BTC-USDT,118700.36,118700.37,4.1152,23.5641
2025-07-24T15:36:11.882804,LTC-USDT,113.59,113.64,22.075,71.92
2025-07-24T15:36:11.896459,XRP-USDT,3.2186,3.2201,62415.1,49417.2
2025-07-24T15:36:11.906937,SOL-USDT,187.9,187.96,33.845,104.195
2025-07-24T15:36:11.908510,ETH-USDT,3723.68,3723.93,2.695,6.112
2025-07-24T15:36:12.929680,LTC-USDT,113.59,113.64,22.075,71.92
2025-07-24T15:36:12.955039,SOL-USDT,187.97,188.01,91.276,109.036
2025-07-24T15:36:12.957458,ETH-USDT,3724.17,3724.26,7.698,3.527
2025-07-24T15:36:12.970672,BTC-USDT,118692.0,118692.01,0.0044,18.8156
2025-07-24T15:36:13.980161,LTC-USDT,113.59,113.67,22.075,89.375
2025-07-24T15:36:14.001423,SOL-USDT,187.97,188.01,91.276,109.036
2025-07-24T15:36:14.003123,ETH-USDT,3724.29,3724.55,7.502,0.155
2025-07-24T15:36:15.023918,LTC-USDT,113.59,113.64,22.075,70.542
2025-07-24T15:36:15.036878,XRP-USDT,3.2198,3.2213,136426.7,49414.0
2025-07-24T15:36:15.047230,SOL-USDT,187.89,187.92,114.182,102.67
2025-07-24T15:36:15.049213,ETH-USDT,3724.01,3724.33,0.187,5.736
2025-07-24T15:36:15.060852,BTC-USDT,118692.0,118692.01,0.0044,18.8156
2025-07-24T15:36:16.071957,LTC-USDT,113.59,113.67,22.075,89.375
2025-07-24T15:36:16.088766,XRP-USDT,3.2203,3.2218,181569.4,20024.2
2025-07-24T15:36:16.099668,SOL-USDT,187.95,188.0,116.697,92.82
2025-07-24T15:36:16.101392,ETH-USDT,3724.54,3724.98,5.181,4.292
2025-07-24T15:36:17.122564,LTC-USDT,113.59,113.64,22.075,60.938
2025-07-24T15:36:17.144476,SOL-USDT,187.91,187.94,86.741,98.116
2025-07-24T15:36:17.146148,ETH-USDT,3723.64,3724.05,6.839,5.838
2025-07-24T15:36:17.160880,BTC-USDT,118692.0,118692.01,0.0044,18.8156
2025-07-24T15:36:18.171540,LTC-USDT,113.56,113.64,21.945,60.938
2025-07-24T15:36:18.184153,XRP-USDT,3.2188,3.2204,91598.0,20394.9
2025-07-24T15:36:18.194101,SOL-USDT,187.91,187.94,86.741,98.116
2025-07-24T15:36:18.195574,ETH-USDT,3723.64,3724.05,6.839,5.838
2025-07-24T15:36:19.238450,SOL-USDT,187.88,187.91,50.463,99.11
2025-07-24T15:36:19.254021,BTC-USDT,118661.19,118661.2,1.1351,25.5025
2025-07-24T15:36:20.280595,XRP-USDT,3.2196,3.2211,172099.7,31317.5
2025-07-24T15:36:20.290329,SOL-USDT,187.92,187.96,126.111,126.057
2025-07-24T15:36:20.294208,ETH-USDT,3723.64,3724.05,6.839,5.838
2025-07-24T15:36:21.311170,LTC-USDT,113.59,113.64,65.22,60.938
2025-07-24T15:36:21.332413,SOL-USDT,187.96,187.99,114.504,126.378
2025-07-24T15:36:21.348502,BTC-USDT,118661.19,118661.2,1.1351,25.5025
2025-07-24T15:36:22.358011,LTC-USDT,113.66,113.71,26.005,119.629
2025-07-24T15:36:22.372385,XRP-USDT,3.2203,3.2218,80128.4,20024.2
2025-07-24T15:36:22.383625,SOL-USDT,188.0,188.03,102.728,101.413
2025-07-24T15:36:22.385152,ETH-USDT,3725.21,3725.3,0.066,6.031
2025-07-24T15:36:22.396735,BTC-USDT,118661.19,118661.2,1.1351,25.5025
2025-07-24T15:36:23.406332,LTC-USDT,113.63,113.68,12.002,72.117
2025-07-24T15:36:23.426153,SOL-USDT,188.05,188.12,97.447,181.58
2025-07-24T15:36:23.427649,ETH-USDT,3724.2,3724.29,0.1,7.115
2025-07-24T15:36:23.438741,BTC-USDT,118695.65,118695.66,13.0256,5.7802
2025-07-24T15:36:24.449871,LTC-USDT,113.61,113.66,20.352,89.288
2025-07-24T15:36:24.462909,XRP-USDT,3.2207,3.2222,50.4,72021.2
2025-07-24T15:36:24.475828,SOL-USDT,187.93,187.97,117.624,104.383
2025-07-24T15:36:24.475876,ETH-USDT,3721.78,3721.87,1.574,6.036
2025-07-24T15:36:25.499199,LTC-USDT,113.55,113.6,21.362,73.431
2025-07-24T15:36:25.520752,SOL-USDT,187.85,187.88,55.984,87.534
2025-07-24T15:36:25.522047,ETH-USDT,3721.59,3721.68,0.14,5.581
2025-07-24T15:36:25.533992,BTC-USDT,118671.68,118671.69,0.1144,21.7401
2025-07-24T15:36:26.542838,LTC-USDT,113.48,113.53,30.27,47.454
2025-07-24T15:36:26.555267,XRP-USDT,3.2181,3.2196,124019.5,42885.4
2025-07-24T15:36:26.565048,SOL-USDT,187.85,187.9,55.984,74.981
2025-07-24T15:36:26.566449,ETH-USDT,3720.76,3721.65,0.027,7.678
2025-07-24T15:36:26.578321,BTC-USDT,118671.68,118671.69,0.1144,21.7401
2025-07-24T15:36:27.588383,LTC-USDT,113.48,113.54,30.27,18.124
2025-07-24T15:36:27.612305,ETH-USDT,3721.13,3721.22,6.0,7.625
2025-07-24T15:36:27.622905,BTC-USDT,118659.94,118659.95,1.1118,29.5852
2025-07-24T15:36:28.632024,LTC-USDT,113.51,113.59,75.871,9.895
2025-07-24T15:36:28.644447,XRP-USDT,3.2176,3.2191,8024.6,420.2
2025-07-24T15:36:28.656362,ETH-USDT,3721.13,3721.41,6.0,1.727
2025-07-24T15:36:28.667974,BTC-USDT,118650.0,118650.01,2.2543,24.4037
2025-07-24T15:36:29.678252,LTC-USDT,113.51,113.59,75.871,9.895
2025-07-24T15:36:29.698551,SOL-USDT,187.96,187.99,105.945,107.309
2025-07-24T15:36:29.699968,ETH-USDT,3722.12,3722.49,6.986,0.118
2025-07-24T15:36:30.720328,LTC-USDT,113.55,113.6,65.345,14.575
2025-07-24T15:36:30.733652,XRP-USDT,3.2194,3.2209,166766.1,53808.3
2025-07-24T15:36:30.744086,SOL-USDT,187.92,187.99,124.66,107.309
2025-07-24T15:36:30.746121,ETH-USDT,3722.32,3722.41,4.917,7.471
2025-07-24T15:36:30.761634,BTC-USDT,118650.0,118650.01,2.2543,24.4037
2025-07-24T15:36:31.770206,LTC-USDT,113.51,113.57,20.587,71.486
2025-07-24T15:36:31.785345,XRP-USDT,3.2183,3.2198,4549.0,32714.2
2025-07-24T15:36:31.793807,SOL-USDT,187.9,187.94,113.023,105.593
2025-07-24T15:36:31.795209,ETH-USDT,3722.03,3722.12,0.128,6.526
2025-07-24T15:36:31.805865,BTC-USDT,118661.87,118661.88,24.0276,0.4021
2025-07-24T15:36:32.815109,LTC-USDT,113.46,113.52,29.773,83.125
2025-07-24T15:36:32.836958,SOL-USDT,187.86,187.91,119.031,109.969
2025-07-24T15:36:32.839126,ETH-USDT,3721.78,3721.87,0.744,6.19
2025-07-24T15:36:32.851311,BTC-USDT,118661.87,118661.88,24.0276,0.4021
2025-07-24T15:36:33.885826,SOL-USDT,187.9,187.94,117.998,105.593
2025-07-24T15:36:33.887099,ETH-USDT,3722.27,3722.36,5.469,7.655
2025-07-24T15:36:34.916239,LTC-USDT,113.48,113.54,83.93,84.55
2025-07-24T15:36:34.924334,XRP-USDT,3.2192,3.2207,149882.7,51674.5
2025-07-24T15:36:34.935543,SOL-USDT,187.93,187.97,103.803,106.543
2025-07-24T15:36:34.942571,ETH-USDT,3722.58,3722.67,6.857,0.424
2025-07-24T15:36:34.951137,BTC-USDT,118661.87,118661.88,24.0276,0.4021
2025-07-24T15:36:35.960316,LTC-USDT,113.51,113.57,78.69,25.847
2025-07-24T15:36:35.972428,XRP-USDT,3.22,3.2215,132293.7,70943.2
2025-07-24T15:36:35.982387,SOL-USDT,187.96,187.99,99.26,107.309
2025-07-24T15:36:35.983856,ETH-USDT,3723.26,3723.35,5.262,2.445
2025-07-24T15:36:37.005817,LTC-USDT,113.59,113.64,52.431,20.663
2025-07-24T15:36:37.030150,SOL-USDT,188.13,188.16,103.891,96.825
2025-07-24T15:36:37.031086,ETH-USDT,3724.54,3724.63,5.338,3.426
2025-07-24T15:36:37.042063,BTC-USDT,118712.03,118712.6,0.8305,0.0002
2025-07-24T15:36:38.053486,LTC-USDT,113.59,113.68,71.117,72.117
2025-07-24T15:36:38.078044,SOL-USDT,188.13,188.16,103.891,96.825
2025-07-24T15:36:38.079673,ETH-USDT,3724.3,3724.39,0.762,7.336
2025-07-24T15:36:38.091203,BTC-USDT,118712.03,118712.6,0.8305,0.0002
2025-07-24T15:36:39.102212,LTC-USDT,113.59,113.66,18.686,51.822
2025-07-24T15:36:39.116666,XRP-USDT,3.2221,3.2236,83129.8,24434.1
2025-07-24T15:36:39.126513,SOL-USDT,188.08,188.13,107.676,106.167
2025-07-24T15:36:39.128002,ETH-USDT,3723.67,3723.76,0.044,7.673
2025-07-24T15:36:39.139453,BTC-USDT,118727.52,118727.53,5.4573,0.0635
2025-07-24T15:36:40.148407,LTC-USDT,113.57,113.62,20.34,77.737
2025-07-24T15:36:40.161428,XRP-USDT,3.2203,3.2218,99695.4,29680.0
2025-07-24T15:36:40.170912,SOL-USDT,188.03,188.09,112.51,117.59
2025-07-24T15:36:40.172356,ETH-USDT,3723.08,3723.17,0.106,7.362
2025-07-24T15:36:41.219932,SOL-USDT,188.07,188.1,121.914,93.764
2025-07-24T15:36:41.221431,ETH-USDT,3723.38,3723.76,7.164,7.673
2025-07-24T15:36:41.233051,BTC-USDT,118706.0,118706.01,3.0935,25.4714
2025-07-24T15:36:42.242863,LTC-USDT,113.55,113.62,25.589,77.737
2025-07-24T15:36:42.253995,XRP-USDT,3.221,3.2225,156205.9,36319.3
2025-07-24T15:36:42.264131,SOL-USDT,188.06,188.09,113.735,122.204
2025-07-24T15:36:42.265530,ETH-USDT,3723.38,3723.76,7.164,7.673
2025-07-24T15:36:42.276920,BTC-USDT,118706.0,118706.01,3.0935,25.4714
2025-07-24T15:36:43.289110,LTC-USDT,113.54,113.6,81.663,75.306
2025-07-24T15:36:43.310594,SOL-USDT,188.06,188.09,113.735,122.204
2025-07-24T15:36:43.311284,ETH-USDT,3722.58,3722.8,6.857,5.899
2025-07-24T15:36:43.323138,BTC-USDT,118706.0,118706.01,3.0935,25.4714
2025-07-24T15:36:44.347686,XRP-USDT,3.2193,3.2208,40814.8,21098.0
2025-07-24T15:36:44.358544,SOL-USDT,188.07,188.1,101.154,110.357
2025-07-24T15:36:44.360066,ETH-USDT,3722.88,3722.98,6.632,7.458
2025-07-24T15:36:45.405332,SOL-USDT,188.08,188.12,110.475,97.675
2025-07-24T15:36:45.419575,BTC-USDT,118706.0,118706.01,3.0935,25.4714
2025-07-24T15:36:46.427764,LTC-USDT,113.53,113.6,21.513,75.306
2025-07-24T15:36:46.440433,XRP-USDT,3.2197,3.2212,3145.5,20447.9
2025-07-24T15:36:46.452943,SOL-USDT,188.04,188.07,101.651,99.978
2025-07-24T15:36:46.466385,BTC-USDT,118706.0,118706.01,3.0935,25.4714
2025-07-24T15:36:47.477682,LTC-USDT,113.51,113.56,26.475,60.901
2025-07-24T15:36:47.504885,SOL-USDT,188.0,188.04,100.7,87.368
2025-07-24T15:36:47.506320,ETH-USDT,3722.64,3722.73,6.175,7.674
2025-07-24T15:36:48.528117,LTC-USDT,113.51,113.56,26.475,60.901
2025-07-24T15:36:48.542058,XRP-USDT,3.2186,3.2201,51813.9,39748.3
2025-07-24T15:36:48.551803,SOL-USDT,187.94,187.97,104.612,98.037
2025-07-24T15:36:48.553197,ETH-USDT,3722.15,3722.24,6.645,6.562
2025-07-24T15:36:49.576927,LTC-USDT,113.48,113.53,122.136,64.965
2025-07-24T15:36:49.591658,XRP-USDT,3.2173,3.2201,35847.8,39748.3
2025-07-24T15:36:49.603819,SOL-USDT,187.94,187.97,104.612,98.037
2025-07-24T15:36:49.606034,ETH-USDT,3722.15,3722.24,6.645,6.562
2025-07-24T15:36:49.618053,BTC-USDT,118687.95,118687.96,1.9103,21.1783
2025-07-24T15:36:50.640511,XRP-USDT,3.2173,3.2188,35847.8,67925.5
2025-07-24T15:36:50.650895,SOL-USDT,187.94,187.97,104.612,98.037
2025-07-24T15:36:50.664278,BTC-USDT,118687.95,118687.96,1.9103,21.1783
2025-07-24T15:36:51.705062,LTC-USDT,113.48,113.54,122.136,20.938
2025-07-24T15:36:51.724973,SOL-USDT,187.97,188.02,96.908,114.333
2025-07-24T15:36:51.726701,ETH-USDT,3722.64,3722.73,5.789,7.674
2025-07-24T15:36:51.740710,BTC-USDT,118687.95,118687.96,1.9103,21.1783
2025-07-24T15:36:52.750512,LTC-USDT,113.51,113.57,23.007,21.881
2025-07-24T15:36:52.764369,XRP-USDT,3.2193,3.2208,64852.3,31608.7
2025-07-24T15:36:52.775909,SOL-USDT,188.0,188.04,95.137,87.368
2025-07-24T15:36:52.777852,ETH-USDT,3722.64,3722.73,5.789,7.674
2025-07-24T15:36:52.790149,BTC-USDT,118687.95,118687.96,1.9103,1.2605
2025-07-24T15:36:53.800105,LTC-USDT,113.48,113.53,122.136,58.854
2025-07-24T15:36:53.814445,XRP-USDT,3.2176,3.2208,26132.4,31608.7
2025-07-24T15:36:53.824828,SOL-USDT,187.95,187.98,126.714,116.251
2025-07-24T15:36:53.826293,ETH-USDT,3720.98,3721.07,6.26,4.966
2025-07-24T15:36:54.848920,LTC-USDT,113.44,113.5,21.289,70.507
2025-07-24T15:36:55.007485,XRP-USDT,3.2176,3.2191,26132.4,24790.5
2025-07-24T15:36:55.017369,SOL-USDT,187.82,187.86,71.073,87.028
2025-07-24T15:36:55.019326,ETH-USDT,3720.3,3720.39,6.871,2.643
2025-07-24T15:36:55.036831,BTC-USDT,117750.0,118687.96,1.0372,1.2605
2025-07-24T15:36:56.043912,LTC-USDT,113.42,113.47,10.347,74.759
2025-07-24T15:36:56.058429,XRP-USDT,3.2155,3.217,45406.9,26766.0
2025-07-24T15:36:56.067950,SOL-USDT,187.79,187.82,21.921,119.321
2025-07-24T15:36:56.069421,ETH-USDT,3720.1,3720.39,0.168,2.643
2025-07-24T15:36:56.079978,BTC-USDT,118679.51,118679.52,0.2686,29.3889
2025-07-24T15:36:57.090088,LTC-USDT,113.42,113.47,10.347,74.759
2025-07-24T15:36:57.112161,SOL-USDT,187.85,187.89,88.228,124.222
2025-07-24T15:36:57.129788,BTC-USDT,118660.0,118660.01,4.1858,28.2206
2025-07-24T15:36:58.153966,XRP-USDT,3.2149,3.2164,30103.5,6545.8
2025-07-24T15:36:58.164331,SOL-USDT,187.84,187.89,76.92,124.222
2025-07-24T15:36:58.165888,ETH-USDT,3719.96,3720.79,6.991,0.545
2025-07-24T15:36:59.185447,LTC-USDT,113.4,113.47,17.961,74.759
2025-07-24T15:36:59.207355,SOL-USDT,187.82,187.89,120.726,237.476
2025-07-24T15:36:59.209058,ETH-USDT,3719.96,3720.06,6.991,6.412
2025-07-24T15:36:59.221159,BTC-USDT,118660.0,118660.01,4.1858,28.2206
2025-07-24T15:37:00.245200,XRP-USDT,3.2156,3.2171,144592.8,10321.5
2025-07-24T15:37:00.264708,SOL-USDT,187.88,187.92,111.7,119.876
2025-07-24T15:37:00.264777,ETH-USDT,3720.3,3720.39,7.701,2.555
2025-07-24T15:37:01.280949,LTC-USDT,113.44,113.5,95.038,30.013
2025-07-24T15:37:01.304803,SOL-USDT,187.88,187.92,111.7,89.781
2025-07-24T15:37:01.308410,ETH-USDT,3721.03,3721.52,0.047,7.4
2025-07-24T15:37:01.315530,BTC-USDT,118660.0,118660.01,4.1858,28.2206
2025-07-24T15:37:02.323990,LTC-USDT,113.4,113.47,17.961,43.968
2025-07-24T15:37:02.338753,XRP-USDT,3.2152,3.2167,9635.4,21571.7
2025-07-24T15:37:02.348649,SOL-USDT,187.85,187.88,119.58,98.604
2025-07-24T15:37:02.350184,ETH-USDT,3720.54,3720.63,1.892,6.772
2025-07-24T15:37:02.362800,BTC-USDT,118660.0,118660.01,4.1858,28.2206
2025-07-24T15:37:03.398480,SOL-USDT,187.89,187.92,93.759,89.781
2025-07-24T15:37:03.400354,ETH-USDT,3720.41,3720.63,7.471,6.772
2025-07-24T15:37:04.423032,LTC-USDT,113.38,113.44,9.266,84.784
2025-07-24T15:37:04.436764,XRP-USDT,3.2151,3.2166,2608.1,18502.6
2025-07-24T15:37:04.446002,SOL-USDT,187.82,187.87,105.042,114.031
2025-07-24T15:37:04.447373,ETH-USDT,3719.79,3719.88,0.224,5.895
2025-07-24T15:37:05.467572,LTC-USDT,113.38,113.44,9.266,84.784
2025-07-24T15:37:05.487681,SOL-USDT,187.86,187.89,87.622,100.669
2025-07-24T15:37:05.500522,BTC-USDT,118660.0,118660.01,4.1858,28.2206
2025-07-24T15:37:06.510489,LTC-USDT,113.4,113.47,103.608,18.817
2025-07-24T15:37:06.522914,XRP-USDT,3.2155,3.217,125116.7,34905.5
2025-07-24T15:37:06.531839,SOL-USDT,187.89,187.94,94.941,98.814
2025-07-24T15:37:06.546075,BTC-USDT,118660.0,118660.01,4.1858,28.2206
2025-07-24T15:37:07.557300,LTC-USDT,113.38,113.47,9.266,18.817
2025-07-24T15:37:07.581335,SOL-USDT,187.84,187.88,105.363,86.652
2025-07-24T15:37:07.582889,ETH-USDT,3719.54,3719.63,0.011,6.897
2025-07-24T15:37:08.604171,LTC-USDT,113.37,113.44,5.481,69.29
2025-07-24T15:37:08.618743,XRP-USDT,3.2135,3.215,30599.4,60224.8
2025-07-24T15:37:08.628792,SOL-USDT,187.82,187.88,105.042,86.652
2025-07-24T15:37:08.630576,ETH-USDT,3718.68,3718.77,0.54,5.227
2025-07-24T15:37:09.653822,LTC-USDT,113.31,113.38,2.643,90.137
2025-07-24T15:37:09.667259,XRP-USDT,3.2117,3.2132,9741.9,51573.1
2025-07-24T15:37:09.676408,SOL-USDT,187.76,187.81,62.516,103.871
2025-07-24T15:37:09.677983,ETH-USDT,3718.23,3718.32,5.802,7.272
2025-07-24T15:37:09.690475,BTC-USDT,118660.0,118660.01,4.1858,28.2206
2025-07-24T15:37:10.700379,LTC-USDT,113.31,113.38,2.643,90.137
2025-07-24T15:37:10.715990,XRP-USDT,3.2117,3.2132,9741.9,51573.1
2025-07-24T15:37:10.727274,SOL-USDT,187.74,187.78,43.139,101.461
2025-07-24T15:37:10.731457,ETH-USDT,3717.98,3718.07,0.187,6.368
2025-07-24T15:37:10.742350,BTC-USDT,118642.23,119500.0,0.3221,0.0001
2025-07-24T15:37:11.752487,LTC-USDT,113.3,113.35,11.459,97.906
2025-07-24T15:37:11.772759,SOL-USDT,187.74,187.81,43.139,102.667
2025-07-24T15:37:11.774257,ETH-USDT,3718.15,3718.24,0.027,6.277
2025-07-24T15:37:11.785805,BTC-USDT,118642.23,118642.24,0.3221,26.7945
2025-07-24T15:37:12.794240,LTC-USDT,113.23,113.29,21.217,41.183
2025-07-24T15:37:12.806717,XRP-USDT,3.212,3.2136,1874.1,114.5
2025-07-24T15:37:12.816627,SOL-USDT,187.67,187.71,39.561,116.253
2025-07-24T15:37:12.818280,ETH-USDT,3717.46,3717.55,0.26,6.424
2025-07-24T15:37:12.830372,BTC-USDT,118640.0,118640.01,2.2494,23.8574
2025-07-24T15:37:13.854532,XRP-USDT,3.21,3.2115,996833.2,20137.0
2025-07-24T15:37:13.865727,SOL-USDT,187.64,187.68,49.094,103.373
2025-07-24T15:37:13.869684,ETH-USDT,3716.58,3717.07,6.751,0.109
2025-07-24T15:37:14.888371,LTC-USDT,113.23,113.29,21.217,41.183
2025-07-24T15:37:14.909640,SOL-USDT,187.62,187.65,59.819,91.168
2025-07-24T15:37:14.911042,ETH-USDT,3715.98,3716.09,0.009,6.471
2025-07-24T15:37:14.923061,BTC-USDT,118623.85,119500.0,3.4207,0.0001
2025-07-24T15:37:15.933229,LTC-USDT,113.22,113.27,32.755,73.988
2025-07-24T15:37:15.956902,SOL-USDT,187.63,187.67,91.622,121.665
2025-07-24T15:37:15.958384,ETH-USDT,3716.34,3717.07,7.075,0.109
2025-07-24T15:37:15.970640,BTC-USDT,118623.85,118623.86,3.4207,15.1978
2025-07-24T15:37:16.986710,LTC-USDT,113.3,113.35,37.639,25.423
2025-07-24T15:37:16.996205,XRP-USDT,3.2106,3.2121,119924.0,81037.5
2025-07-24T15:37:17.006117,SOL-USDT,187.7,187.75,116.688,114.573
2025-07-24T15:37:17.007470,ETH-USDT,3717.72,3717.81,7.02,7.365
2025-07-24T15:37:17.018176,BTC-USDT,118614.84,118614.85,7.8874,4.6617
2025-07-24T15:37:18.028259,LTC-USDT,113.26,113.32,18.269,78.289
2025-07-24T15:37:18.042574,XRP-USDT,3.2126,3.2141,105567.8,33.3
2025-07-24T15:37:18.052450,SOL-USDT,187.7,187.76,95.286,107.107
2025-07-24T15:37:19.076131,LTC-USDT,113.26,113.32,18.269,78.289
2025-07-24T15:37:19.100313,SOL-USDT,187.7,187.73,95.286,127.516
2025-07-24T15:37:19.102202,ETH-USDT,3717.13,3717.22,5.667,6.899
2025-07-24T15:37:19.114236,BTC-USDT,118614.84,118614.85,7.8874,4.6617
2025-07-24T15:37:20.124560,LTC-USDT,113.22,113.29,24.587,58.552
2025-07-24T15:37:20.137651,XRP-USDT,3.2118,3.2133,83151.1,13463.3
2025-07-24T15:37:20.148080,SOL-USDT,187.7,187.73,95.286,127.516
2025-07-24T15:37:20.149536,ETH-USDT,3716.34,3717.03,7.075,7.151
2025-07-24T15:37:21.176597,LTC-USDT,113.26,113.32,104.605,22.947
2025-07-24T15:37:21.205442,SOL-USDT,187.77,187.81,107.748,102.667
2025-07-24T15:37:21.206928,ETH-USDT,3717.45,3717.62,5.833,3.653
2025-07-24T15:37:21.218035,BTC-USDT,118614.84,118614.85,7.8874,4.6617
2025-07-24T15:37:22.227578,LTC-USDT,113.29,113.35,49.474,25.423
2025-07-24T15:37:22.240995,XRP-USDT,3.214,3.2155,129343.2,25719.7
2025-07-24T15:37:22.250196,SOL-USDT,187.83,187.87,123.792,111.815
2025-07-24T15:37:22.252291,ETH-USDT,3718.29,3718.38,5.854,3.561
2025-07-24T15:37:23.275183,LTC-USDT,113.26,113.32,104.605,71.691
2025-07-24T15:37:23.300201,SOL-USDT,187.83,187.87,123.792,111.815
2025-07-24T15:37:23.301852,ETH-USDT,3717.58,3717.67,0.089,6.927
2025-07-24T15:37:23.314893,BTC-USDT,118651.86,118651.87,24.4124,1.3665
2025-07-24T15:37:24.326046,LTC-USDT,113.29,113.36,60.801,12.185
2025-07-24T15:37:24.341329,XRP-USDT,3.2142,3.2157,79588.1,18775.1
2025-07-24T15:37:24.352779,SOL-USDT,187.8,187.83,97.478,94.482
2025-07-24T15:37:24.353978,ETH-USDT,3718.05,3718.14,7.458,6.705
2025-07-24T15:37:25.375275,LTC-USDT,113.29,113.36,60.801,12.185
2025-07-24T15:37:25.396170,SOL-USDT,187.79,187.82,101.967,100.289
2025-07-24T15:37:25.397774,ETH-USDT,3717.78,3718.33,0.024,4.151
2025-07-24T15:37:25.409182,BTC-USDT,118651.86,118651.87,24.4124,1.3665
2025-07-24T15:37:26.418946,LTC-USDT,113.32,113.38,100.28,29.476
2025-07-24T15:37:26.431791,XRP-USDT,3.2152,3.2167,82163.1,57481.7
2025-07-24T15:37:26.442200,SOL-USDT,187.83,187.87,112.697,93.684
2025-07-24T15:37:26.451403,ETH-USDT,3719.35,3719.45,5.47,2.046
2025-07-24T15:37:27.465400,LTC-USDT,113.35,113.41,84.768,29.281
2025-07-24T15:37:27.485327,SOL-USDT,187.86,187.94,219.477,98.814
2025-07-24T15:37:27.486895,ETH-USDT,3718.8,3718.89,5.72,6.348
2025-07-24T15:37:27.499011,BTC-USDT,118651.86,118651.87,24.4124,1.3665
2025-07-24T15:37:28.508095,LTC-USDT,113.38,113.43,60.661,34.031
2025-07-24T15:37:28.521212,XRP-USDT,3.2159,3.2174,55757.0,40788.8
2025-07-24T15:37:28.530837,SOL-USDT,187.84,187.88,97.037,107.171
2025-07-24T15:37:28.533092,ETH-USDT,3718.35,3718.44,7.713,5.224
2025-07-24T15:37:28.543801,BTC-USDT,118651.86,118651.87,24.4124,1.3665
2025-07-24T15:37:29.552544,LTC-USDT,113.37,113.43,17.661,34.031
2025-07-24T15:37:29.574685,SOL-USDT,187.88,187.93,110.779,79.601
2025-07-24T15:37:29.575864,ETH-USDT,3719.29,3719.38,7.356,2.093
2025-07-24T15:37:29.586304,BTC-USDT,118651.86,118651.87,24.4124,1.3665
2025-07-24T15:37:30.594313,LTC-USDT,113.4,113.47,12.026,27.835
2025-07-24T15:37:30.605900,XRP-USDT,3.217,3.2185,165442.2,33428.8
2025-07-24T15:37:30.618389,SOL-USDT,187.93,187.98,96.641,100.033
2025-07-24T15:37:30.620288,ETH-USDT,3719.29,3719.38,7.356,2.093
2025-07-24T15:37:30.632132,BTC-USDT,118651.86,118663.36,24.4124,1.2742
2025-07-24T15:37:31.659508,SOL-USDT,187.98,188.01,109.103,125.98
2025-07-24T15:37:31.660872,ETH-USDT,3719.79,3719.88,5.172,5.895
2025-07-24T15:37:32.702470,ETH-USDT,3719.79,3720.09,5.172,5.71
2025-07-24T15:37:32.715163,BTC-USDT,118651.86,118663.36,24.4124,1.2742
2025-07-24T15:37:33.743483,XRP-USDT,3.216,3.2175,82676.9,28169.4
2025-07-24T15:37:33.752284,SOL-USDT,187.98,188.01,109.103,125.98
2025-07-24T15:37:33.753599,ETH-USDT,3719.39,3719.8,5.507,7.688
2025-07-24T15:37:33.764141,BTC-USDT,118671.0,118671.01,32.6154,0.0667
2025-07-24T15:37:34.803739,BTC-USDT,118671.0,118671.01,32.6154,0.0667
2025-07-24T15:37:35.811140,LTC-USDT,113.39,113.44,12.1,62.487
2025-07-24T15:37:35.830873,SOL-USDT,187.96,188.01,122.379,125.98
2025-07-24T15:37:35.832261,ETH-USDT,3719.49,3720.01,0.388,6.266
2025-07-24T15:37:36.997053,LTC-USDT,113.39,113.44,12.1,55.2
2025-07-24T15:37:37.010447,XRP-USDT,3.2153,3.2168,95200.7,33.3
2025-07-24T15:37:37.019320,SOL-USDT,187.95,188.01,97.242,152.453
2025-07-24T15:37:37.020879,ETH-USDT,3719.84,3719.93,0.324,6.51
2025-07-24T15:37:37.030658,BTC-USDT,118671.0,118671.01,32.6154,0.0667
2025-07-24T15:37:38.039299,LTC-USDT,113.39,113.47,12.1,17.124
2025-07-24T15:37:38.052325,XRP-USDT,3.2154,3.2169,17725.8,112.3
2025-07-24T15:37:38.064070,SOL-USDT,187.98,188.01,91.431,125.98
2025-07-24T15:37:39.123908,BTC-USDT,118671.0,118671.01,32.6154,0.0667
2025-07-24T15:37:40.133106,LTC-USDT,113.39,113.47,12.1,17.124
2025-07-24T15:37:40.144830,XRP-USDT,3.2153,3.2169,95200.7,112.3
2025-07-24T15:37:40.155027,ETH-USDT,3719.73,3719.82,0.161,6.678
2025-07-24T15:37:40.164842,BTC-USDT,118671.0,118671.01,32.6154,0.0667
2025-07-24T15:37:41.173861,LTC-USDT,113.39,113.44,12.1,48.128
2025-07-24T15:37:41.198109,ETH-USDT,3719.51,3720.01,6.029,6.266
2025-07-24T15:37:41.210995,BTC-USDT,118678.39,118678.4,24.8046,4.3097
2025-07-24T15:37:42.221422,LTC-USDT,113.39,113.47,12.1,17.124
2025-07-24T15:37:42.233778,XRP-USDT,3.2156,3.2171,58643.5,42.6
2025-07-24T15:37:42.243444,SOL-USDT,188.01,188.04,119.655,87.368
2025-07-24T15:37:42.245019,ETH-USDT,3720.45,3720.54,5.724,0.149
2025-07-24T15:37:43.265973,LTC-USDT,113.42,113.47,82.846,17.124
2025-07-24T15:37:43.291707,SOL-USDT,188.01,188.07,119.655,125.976
2025-07-24T15:37:43.293296,ETH-USDT,3720.49,3720.58,5.55,5.639
2025-07-24T15:37:43.304347,BTC-USDT,118684.04,118684.05,27.3958,0.0634
2025-07-24T15:37:44.315055,LTC-USDT,113.42,113.48,60.011,18.453
2025-07-24T15:37:44.327705,XRP-USDT,3.2152,3.2167,82163.1,3059.2
2025-07-24T15:37:44.336544,SOL-USDT,188.01,188.04,113.113,98.848
2025-07-24T15:37:44.338070,ETH-USDT,3720.81,3720.9,5.343,0.165
2025-07-24T15:37:44.348280,BTC-USDT,118684.04,118684.05,27.3958,0.0634
2025-07-24T15:37:45.357401,LTC-USDT,113.42,113.5,60.011,17.1
2025-07-24T15:37:45.380145,SOL-USDT,188.01,188.06,113.113,59.911
2025-07-24T15:37:45.381802,ETH-USDT,3720.81,3721.61,5.343,0.363
2025-07-24T15:37:45.394089,BTC-USDT,118684.04,118684.05,27.3958,0.0634
2025-07-24T15:37:46.417094,XRP-USDT,3.2161,3.2176,107677.4,45097.5
2025-07-24T15:37:46.427360,ETH-USDT,3721.63,3721.72,7.091,0.442
2025-07-24T15:37:47.477765,BTC-USDT,118684.04,118684.05,27.3958,0.0634
2025-07-24T15:37:48.508360,SOL-USDT,188.01,188.07,239.139,125.976
2025-07-24T15:37:48.510942,ETH-USDT,3721.84,3721.93,5.353,5.052
2025-07-24T15:37:48.520355,BTC-USDT,118684.04,118684.05,27.3958,0.0634
2025-07-24T15:37:49.531289,LTC-USDT,113.44,113.51,21.7,15.236
2025-07-24T15:37:49.554373,SOL-USDT,188.01,188.07,113.113,125.976
2025-07-24T15:37:49.556304,ETH-USDT,3721.89,3721.98,6.728,5.746
2025-07-24T15:37:50.577801,LTC-USDT,113.42,113.49,27.631,12.137
2025-07-24T15:37:50.595487,XRP-USDT,3.2167,3.2182,61232.1,26037.8
2025-07-24T15:37:50.602165,SOL-USDT,188.04,188.07,123.149,125.976
2025-07-24T15:37:50.603805,ETH-USDT,3722.22,3722.45,5.247,5.828
2025-07-24T15:37:50.614668,BTC-USDT,118689.55,118689.56,7.8249,5.3602
2025-07-24T15:37:51.638005,XRP-USDT,3.2161,3.2176,107677.4,49686.0
2025-07-24T15:37:51.647984,SOL-USDT,188.01,188.07,113.113,125.976
2025-07-24T15:37:51.649648,ETH-USDT,3722.1,3722.19,0.014,6.871
2025-07-24T15:37:52.693418,SOL-USDT,188.01,188.07,113.113,125.976
2025-07-24T15:37:52.708678,BTC-USDT,118689.55,118689.56,7.8249,5.3602
2025-07-24T15:37:53.744136,SOL-USDT,188.04,188.07,90.233,125.976
2025-07-24T15:37:53.746004,ETH-USDT,3722.98,3723.07,7.631,4.578
2025-07-24T15:37:53.758381,BTC-USDT,118689.55,118689.56,7.8249,5.3602
2025-07-24T15:37:54.769684,LTC-USDT,113.42,113.49,27.631,12.137
2025-07-24T15:37:54.781483,XRP-USDT,3.2168,3.2183,139630.4,50502.4
2025-07-24T15:37:54.792438,ETH-USDT,3723.41,3723.5,6.07,6.524
2025-07-24T15:37:54.807973,BTC-USDT,118689.55,118689.56,7.8249,5.3602
2025-07-24T15:37:55.817015,LTC-USDT,113.42,113.49,27.631,12.137
2025-07-24T15:37:55.829400,XRP-USDT,3.2169,3.2184,105334.8,35015.8
2025-07-24T15:37:55.839095,SOL-USDT,188.01,188.07,86.623,125.976
2025-07-24T15:37:55.840838,ETH-USDT,3723.64,3723.73,5.715,6.743
2025-07-24T15:37:56.885172,SOL-USDT,188.06,188.1,102.479,98.22
2025-07-24T15:37:56.897677,BTC-USDT,118689.55,118689.56,7.8249,5.3602
2025-07-24T15:37:57.906596,LTC-USDT,113.45,113.51,82.245,15.236
2025-07-24T15:37:57.928864,ETH-USDT,3724.02,3724.11,7.43,7.464
2025-07-24T15:37:58.948717,LTC-USDT,113.45,113.51,82.245,15.236
2025-07-24T15:37:58.960799,XRP-USDT,3.2174,3.2189,3824.6,50071.3
2025-07-24T15:37:58.973494,ETH-USDT,3724.09,3724.18,7.192,7.081
2025-07-24T15:37:58.986472,BTC-USDT,118705.56,118705.57,25.8342,0.1407
2025-07-24T15:37:59.995666,LTC-USDT,113.45,113.53,82.245,58.854
2025-07-24T15:38:00.009807,XRP-USDT,3.2179,3.2194,24479.5,61427.1
2025-07-24T15:38:00.021163,SOL-USDT,188.04,188.1,99.795,98.22
2025-07-24T15:38:00.023197,ETH-USDT,3723.72,3723.81,0.102,7.057
2025-07-24T15:38:01.049224,LTC-USDT,113.37,113.45,18.541,40.716
2025-07-24T15:38:01.073071,SOL-USDT,187.93,187.97,126.428,85.751
2025-07-24T15:38:01.073627,ETH-USDT,3721.71,3721.8,0.008,5.583
2025-07-24T15:38:01.086374,BTC-USDT,118719.99,118720.0,0.035,24.5971
2025-07-24T15:38:02.139186,LTC-USDT,113.35,113.41,84.768,53.529
2025-07-24T15:38:02.152672,XRP-USDT,3.2144,3.2159,81113.8,10312.6
2025-07-24T15:38:02.163711,SOL-USDT,187.85,187.88,115.823,101.916
2025-07-24T15:38:02.165437,ETH-USDT,3721.46,3721.55,0.153,7.619
2025-07-24T15:38:03.187958,LTC-USDT,113.39,113.45,62.834,40.716
2025-07-24T15:38:03.211462,SOL-USDT,187.87,187.9,114.443,124.082
2025-07-24T15:38:03.213391,ETH-USDT,3721.15,3721.24,0.043,4.909
2025-07-24T15:38:03.226019,BTC-USDT,118690.3,118690.31,4.8158,28.0931
2025-07-24T15:38:04.235194,LTC-USDT,113.37,113.42,20.239,34.936
2025-07-24T15:38:04.250199,XRP-USDT,3.214,3.2155,129343.2,66327.0
2025-07-24T15:38:04.260048,SOL-USDT,187.84,187.87,97.037,115.126
2025-07-24T15:38:04.261748,ETH-USDT,3720.96,3721.24,5.62,4.909
2025-07-24T15:38:04.273092,BTC-USDT,118689.54,118689.55,0.0501,27.7216
2025-07-24T15:38:05.283798,LTC-USDT,113.32,113.38,100.28,66.292
2025-07-24T15:38:05.303721,SOL-USDT,187.77,187.8,91.14,126.113
2025-07-24T15:38:05.305396,ETH-USDT,3720.96,3721.24,5.62,4.909
2025-07-24T15:38:05.315965,BTC-USDT,118689.54,118689.55,0.0501,27.7216
2025-07-24T15:38:06.468183,LTC-USDT,113.35,113.42,43.498,34.936
2025-07-24T15:38:06.482738,XRP-USDT,3.2147,3.2162,107088.8,30045.1
2025-07-24T15:38:06.493302,SOL-USDT,187.81,187.85,90.388,61.418
2025-07-24T15:38:06.494886,ETH-USDT,3720.96,3721.24,5.62,4.909
2025-07-24T15:38:07.516912,LTC-USDT,113.37,113.45,81.759,15.234
2025-07-24T15:38:07.542971,ETH-USDT,3721.52,3721.61,5.413,0.494
2025-07-24T15:38:07.554589,BTC-USDT,118687.65,118687.66,0.004,25.9934
2025-07-24T15:38:08.563597,LTC-USDT,113.41,113.46,84.878,13.834
2025-07-24T15:38:08.577405,XRP-USDT,3.2153,3.2168,1733.2,15430.5
2025-07-24T15:38:08.586072,SOL-USDT,187.88,187.92,92.736,113.999
2025-07-24T15:38:08.587705,ETH-USDT,3721.84,3721.93,5.549,5.66
2025-07-24T15:38:08.598908,BTC-USDT,118687.65,118687.66,0.004,25.9934
2025-07-24T15:38:09.609936,LTC-USDT,113.4,113.46,28.928,13.834
2025-07-24T15:38:09.632874,SOL-USDT,187.88,187.94,92.736,78.189
2025-07-24T15:38:09.634335,ETH-USDT,3721.69,3721.93,5.544,5.66
2025-07-24T15:38:10.653873,LTC-USDT,113.37,113.46,81.759,13.834
2025-07-24T15:38:10.667212,XRP-USDT,3.2157,3.2172,55685.8,11300.1
2025-07-24T15:38:10.689943,BTC-USDT,118687.65,118687.66,0.004,25.9934
2025-07-24T15:38:11.699411,LTC-USDT,113.4,113.46,112.793,13.834
2025-07-24T15:38:11.721643,ETH-USDT,3722.07,3722.16,6.8,0.082
2025-07-24T15:38:12.755127,XRP-USDT,3.2167,3.2182,128069.8,30791.2
2025-07-24T15:38:12.767074,SOL-USDT,187.88,187.92,115.79,106.685
2025-07-24T15:38:12.768785,ETH-USDT,3721.85,3721.94,0.067,6.449
2025-07-24T15:38:12.779477,BTC-USDT,118687.65,118687.66,0.004,25.9934
2025-07-24T15:38:13.800884,XRP-USDT,3.2167,3.2182,128069.8,30791.2
2025-07-24T15:38:13.810347,SOL-USDT,187.88,187.94,115.79,112.074
2025-07-24T15:38:13.811966,ETH-USDT,3722.3,3722.39,6.009,7.612
2025-07-24T15:38:14.830527,LTC-USDT,113.4,113.47,112.793,14.071
2025-07-24T15:38:14.842926,XRP-USDT,3.2159,3.2174,66.6,116.5
2025-07-24T15:38:14.852971,SOL-USDT,187.93,187.97,102.957,102.298
2025-07-24T15:38:14.854331,ETH-USDT,3722.3,3722.39,6.009,7.612
2025-07-24T15:38:14.865465,BTC-USDT,118689.54,118689.55,25.1025,27.7216
2025-07-24T15:38:15.898508,SOL-USDT,187.96,187.99,93.227,115.286
2025-07-24T15:38:16.943429,ETH-USDT,3722.77,3722.86,5.849,2.731
2025-07-24T15:38:16.952768,BTC-USDT,118689.54,118689.55,25.1025,27.7216
2025-07-24T15:38:17.961227,LTC-USDT,113.47,113.53,57.546,58.854
2025-07-24T15:38:17.973389,XRP-USDT,3.2159,3.2174,66.6,116.5
2025-07-24T15:38:17.982198,SOL-USDT,187.99,188.03,99.629,99.363
2025-07-24T15:38:17.983709,ETH-USDT,3723.54,3723.63,6.246,3.414
2025-07-24T15:38:19.004345,LTC-USDT,113.47,113.53,57.546,58.854
2025-07-24T15:38:19.019121,XRP-USDT,3.2172,3.2187,96792.8,7571.5
2025-07-24T15:38:19.027499,SOL-USDT,188.03,188.06,105.252,99.78
2025-07-24T15:38:19.029184,ETH-USDT,3723.96,3724.07,6.381,6.701
2025-07-24T15:38:19.040875,BTC-USDT,118705.99,118706.0,21.576,1.7747
2025-07-24T15:38:20.073141,XRP-USDT,3.2168,3.2183,7002.4,3236.5
2025-07-24T15:38:20.077534,SOL-USDT,187.98,188.02,103.282,90.91
2025-07-24T15:38:20.079384,ETH-USDT,3723.54,3724.07,6.246,6.701
2025-07-24T15:38:21.100989,LTC-USDT,113.41,113.47,21.302,58.937
2025-07-24T15:38:21.124099,SOL-USDT,187.96,187.99,100.866,125.177
2025-07-24T15:38:21.124567,ETH-USDT,3722.71,3722.8,0.135,5.331
2025-07-24T15:38:21.135291,BTC-USDT,118705.99,118706.0,21.576,1.7747
2025-07-24T15:38:22.145416,LTC-USDT,113.4,113.47,37.516,58.937
2025-07-24T15:38:22.159978,XRP-USDT,3.2153,3.2168,1733.2,23299.6
2025-07-24T15:38:22.171916,SOL-USDT,187.91,187.94,107.292,102.864
2025-07-24T15:38:22.173574,ETH-USDT,3722.46,3722.55,7.528,0.075
2025-07-24T15:38:23.194022,LTC-USDT,113.4,113.47,37.516,58.937
2025-07-24T15:38:23.212273,XRP-USDT,3.2153,3.2168,1733.2,23299.6
2025-07-24T15:38:23.224762,SOL-USDT,187.98,188.02,115.716,114.388
2025-07-24T15:38:23.227001,ETH-USDT,3723.62,3723.76,7.047,4.911
2025-07-24T15:38:23.242523,BTC-USDT,118697.99,118698.0,0.7657,19.2571
2025-07-24T15:38:24.265854,XRP-USDT,3.2156,3.2171,214539.5,15616.6
2025-07-24T15:38:24.275469,SOL-USDT,187.98,188.03,115.716,121.411
2025-07-24T15:38:24.277093,ETH-USDT,3723.93,3724.02,7.157,6.927
2025-07-24T15:38:25.297278,LTC-USDT,113.4,113.46,18.315,69.438
2025-07-24T15:38:25.318770,SOL-USDT,187.97,188.0,93.966,101.59
2025-07-24T15:38:25.320529,ETH-USDT,3723.54,3723.63,0.598,6.216
2025-07-24T15:38:25.332259,BTC-USDT,118697.99,118698.0,0.7657,19.2571
2025-07-24T15:38:26.353930,XRP-USDT,3.2147,3.2162,25725.7,52108.2
2025-07-24T15:38:26.363453,SOL-USDT,187.97,188.0,93.966,101.59
2025-07-24T15:38:26.365144,ETH-USDT,3723.42,3723.51,3.389,6.596
2025-07-24T15:38:27.411938,SOL-USDT,187.97,188.04,93.966,122.856
2025-07-24T15:38:27.413117,ETH-USDT,3723.83,3723.92,6.82,0.412
2025-07-24T15:38:27.425120,BTC-USDT,118697.99,118698.0,0.7657,19.2571
2025-07-24T15:38:28.437322,LTC-USDT,113.43,113.48,124.884,27.606
2025-07-24T15:38:28.452267,XRP-USDT,3.2157,3.2172,108483.4,12278.0
2025-07-24T15:38:28.464516,SOL-USDT,188.03,188.06,94.033,99.78
2025-07-24T15:38:28.480016,BTC-USDT,118719.99,119500.0,43.2089,0.0001
2025-07-24T15:38:29.489409,LTC-USDT,113.43,113.48,94.774,27.606
2025-07-24T15:38:29.514702,SOL-USDT,188.01,188.06,122.458,99.78
2025-07-24T15:38:29.516582,ETH-USDT,3723.82,3723.92,0.243,0.412
2025-07-24T15:38:29.531181,BTC-USDT,118719.99,118720.0,43.2089,3.8328
2025-07-24T15:38:30.539503,LTC-USDT,113.43,113.48,94.774,27.606
2025-07-24T15:38:30.552039,XRP-USDT,3.216,3.2175,109543.2,19890.9
2025-07-24T15:38:30.561910,SOL-USDT,188.05,188.1,87.175,123.539
2025-07-24T15:38:30.563550,ETH-USDT,3723.95,3724.04,6.721,0.115
2025-07-24T15:38:31.583869,LTC-USDT,113.43,113.5,94.774,105.825
2025-07-24T15:38:31.607167,SOL-USDT,188.06,188.1,92.818,123.539
2025-07-24T15:38:31.609482,ETH-USDT,3724.09,3724.18,6.19,7.081
2025-07-24T15:38:31.620168,BTC-USDT,118730.01,118730.02,35.185,0.004
2025-07-24T15:38:32.628764,LTC-USDT,113.46,113.53,80.165,44.243
2025-07-24T15:38:32.641014,XRP-USDT,3.2164,3.2179,141204.4,48059.4
2025-07-24T15:38:32.649946,SOL-USDT,188.06,188.1,92.818,123.539
2025-07-24T15:38:32.651328,ETH-USDT,3724.95,3726.31,2.651,1.0
2025-07-24T15:38:32.664027,BTC-USDT,118738.21,118738.22,36.7265,0.0108
2025-07-24T15:38:33.673380,LTC-USDT,113.48,113.53,68.269,44.243
2025-07-24T15:38:33.695031,SOL-USDT,188.06,188.12,203.148,97.675
2025-07-24T15:38:33.696585,ETH-USDT,3725.32,3725.41,0.185,6.065
2025-07-24T15:38:34.730633,XRP-USDT,3.217,3.2185,10338.6,18632.6
2025-07-24T15:38:34.740473,SOL-USDT,188.01,188.04,104.971,88.998
2025-07-24T15:38:34.741865,ETH-USDT,3725.13,3725.22,0.099,5.231
2025-07-24T15:38:35.760553,LTC-USDT,113.45,113.5,31.269,103.221
2025-07-24T15:38:35.772182,XRP-USDT,3.2164,3.2185,141204.4,18632.6
2025-07-24T15:38:35.781510,SOL-USDT,188.01,188.04,104.971,88.998
2025-07-24T15:38:35.783704,ETH-USDT,3725.59,3725.68,7.416,0.337
2025-07-24T15:38:35.798559,BTC-USDT,118749.99,118750.0,28.2859,0.6603
2025-07-24T15:38:36.802809,LTC-USDT,113.43,113.5,40.235,103.221
2025-07-24T15:38:36.815366,XRP-USDT,3.2164,3.2179,141204.4,57984.2
2025-07-24T15:38:36.824668,SOL-USDT,187.97,188.01,93.966,122.696
2025-07-24T15:38:36.826160,ETH-USDT,3724.9,3724.99,0.034,5.864
2025-07-24T15:38:36.837680,BTC-USDT,118720.24,118720.25,3.5062,28.1442
2025-07-24T15:38:37.847804,LTC-USDT,113.44,113.5,55.558,114.599
2025-07-24T15:38:37.862024,XRP-USDT,3.2162,3.2177,78751.9,7322.6
2025-07-24T15:38:37.872686,SOL-USDT,187.97,188.01,93.966,122.696
2025-07-24T15:38:37.885884,BTC-USDT,118720.24,118720.25,3.5062,28.1442
2025-07-24T15:38:38.896423,LTC-USDT,113.44,113.5,55.558,103.221
2025-07-24T15:38:38.927931,BTC-USDT,118720.24,118720.25,3.5062,28.1442
2025-07-24T15:38:39.937750,LTC-USDT,113.44,113.5,55.558,103.221
2025-07-24T15:38:39.953000,XRP-USDT,3.2155,3.217,54842.3,63004.8
2025-07-24T15:38:39.964033,SOL-USDT,187.95,188.01,113.202,122.696
2025-07-24T15:38:39.966007,ETH-USDT,3725.12,3725.21,7.38,0.645
2025-07-24T15:38:39.978843,BTC-USDT,118720.24,118720.25,3.5062,28.1442
2025-07-24T15:38:41.000671,XRP-USDT,3.2155,3.217,54842.3,63004.8
2025-07-24T15:38:41.009482,SOL-USDT,187.93,187.96,91.349,119.79
2025-07-24T15:38:41.010979,ETH-USDT,3725.32,3725.41,2.042,5.231
2025-07-24T15:38:41.021315,BTC-USDT,118720.24,118720.25,3.5062,28.1442
2025-07-24T15:38:42.030511,LTC-USDT,113.4,113.49,20.658,97.142
2025-07-24T15:38:42.043044,XRP-USDT,3.215,3.2165,58242.2,62304.8
2025-07-24T15:38:42.054526,SOL-USDT,187.91,187.96,88.788,119.79
2025-07-24T15:38:42.055124,ETH-USDT,3724.53,3724.75,5.265,7.433
2025-07-24T15:38:43.075843,LTC-USDT,113.35,113.41,43.498,87.865
2025-07-24T15:38:43.101710,SOL-USDT,187.86,187.9,120.645,113.789
2025-07-24T15:38:43.103104,ETH-USDT,3723.42,3723.92,3.389,5.862
2025-07-24T15:38:43.113704,BTC-USDT,118699.54,118706.44,0.4426,7.3239
2025-07-24T15:38:44.122699,LTC-USDT,113.34,113.41,12.813,87.865
2025-07-24T15:38:44.138794,XRP-USDT,3.2135,3.2165,24455.3,62304.8
2025-07-24T15:38:44.148304,SOL-USDT,187.83,187.86,114.386,98.957
2025-07-24T15:38:44.148347,ETH-USDT,3723.19,3723.68,0.032,5.63
2025-07-24T15:38:45.168738,LTC-USDT,113.34,113.43,12.813,57.919
2025-07-24T15:38:45.183798,XRP-USDT,3.2135,3.215,24455.3,61221.7
2025-07-24T15:38:45.195778,SOL-USDT,187.88,187.92,108.407,103.231
2025-07-24T15:38:45.203088,ETH-USDT,3723.57,3723.68,7.241,5.63
2025-07-24T15:38:45.210840,BTC-USDT,118695.73,118695.74,2.0327,12.0896
2025-07-24T15:38:46.220141,LTC-USDT,113.36,113.41,23.376,95.055
2025-07-24T15:38:46.233186,XRP-USDT,3.214,3.2155,152.4,852.2
2025-07-24T15:38:46.244013,SOL-USDT,187.82,187.89,87.054,112.016
2025-07-24T15:38:46.245968,ETH-USDT,3722.85,3723.02,6.146,5.372
2025-07-24T15:38:46.259580,BTC-USDT,118695.73,118695.74,2.0327,12.0896
2025-07-24T15:38:47.269132,LTC-USDT,113.34,113.41,12.813,95.055
2025-07-24T15:38:47.290013,SOL-USDT,187.82,187.86,87.054,123.997
2025-07-24T15:38:47.291871,ETH-USDT,3722.34,3722.88,5.511,6.554
2025-07-24T15:38:47.303476,BTC-USDT,118695.73,118695.74,2.0327,12.0896
2025-07-24T15:38:48.312941,LTC-USDT,113.34,113.41,12.813,95.055
2025-07-24T15:38:48.325905,XRP-USDT,3.2134,3.2149,33332.2,73922.7
2025-07-24T15:38:48.335002,SOL-USDT,187.79,187.86,94.36,123.997
2025-07-24T15:38:48.336510,ETH-USDT,3722.24,3722.33,0.308,5.87
2025-07-24T15:38:49.532474,ETH-USDT,3721.9,3722.33,5.179,5.87
2025-07-24T15:38:49.544482,BTC-USDT,118695.73,118695.74,2.0327,12.0896
2025-07-24T15:38:50.556138,LTC-USDT,113.32,113.38,100.28,77.0
2025-07-24T15:38:50.571673,XRP-USDT,3.2129,3.2144,34456.2,57779.8
2025-07-24T15:38:50.582773,SOL-USDT,187.82,187.86,116.896,123.997
2025-07-24T15:38:50.584800,ETH-USDT,3722.15,3722.24,6.407,0.051
2025-07-24T15:38:50.598484,BTC-USDT,118695.73,118695.74,2.0327,12.0896
2025-07-24T15:38:51.622326,XRP-USDT,3.213,3.2145,13205.9,68802.2
2025-07-24T15:38:51.635617,SOL-USDT,187.79,187.86,75.796,123.997
2025-07-24T15:38:51.637306,ETH-USDT,3721.75,3722.24,6.21,0.051
2025-07-24T15:38:52.685469,SOL-USDT,187.79,187.83,75.796,90.232
2025-07-24T15:38:52.686797,ETH-USDT,3721.68,3721.79,0.011,7.513
2025-07-24T15:38:52.698586,BTC-USDT,118695.73,118695.74,2.0327,12.0896
2025-07-24T15:38:53.818442,LTC-USDT,113.35,113.41,89.085,29.062
2025-07-24T15:38:53.847188,SOL-USDT,187.84,187.87,95.779,104.47
2025-07-24T15:38:53.848397,ETH-USDT,3722.7,3722.79,6.832,0.272
2025-07-24T15:38:53.863015,BTC-USDT,118695.73,118695.74,2.0327,12.0896
2025-07-24T15:38:54.871736,LTC-USDT,113.41,113.47,93.835,26.788
2025-07-24T15:38:54.883560,XRP-USDT,3.214,3.2155,206734.8,852.2
2025-07-24T15:38:54.892853,SOL-USDT,187.89,187.94,116.734,95.044
2025-07-24T15:38:54.894419,ETH-USDT,3724.01,3724.1,5.844,6.017
2025-07-24T15:38:54.905782,BTC-USDT,118695.73,118695.74,2.0327,12.0896
2025-07-24T15:38:55.915317,LTC-USDT,113.43,113.49,85.681,19.747
2025-07-24T15:38:55.928230,XRP-USDT,3.215,3.2165,308312.7,62304.8
2025-07-24T15:38:55.938106,SOL-USDT,187.93,187.96,113.95,119.79
2025-07-24T15:38:55.939862,ETH-USDT,3724.4,3724.49,6.487,5.922
2025-07-24T15:38:56.984524,SOL-USDT,187.93,187.98,113.95,95.65
2025-07-24T15:38:56.985962,ETH-USDT,3724.4,3724.49,6.487,5.922
2025-07-24T15:38:56.996692,BTC-USDT,118695.73,118695.74,2.0327,12.0896
2025-07-24T15:38:59.065146,XRP-USDT,3.2155,3.217,32760.0,63004.8
2025-07-24T15:38:59.073941,SOL-USDT,187.92,187.95,103.671,118.924
2025-07-24T15:38:59.085469,BTC-USDT,118695.73,118695.74,2.0327,12.0896
2025-07-24T15:39:00.106633,XRP-USDT,3.2152,3.2167,153388.6,1768.0
2025-07-24T15:39:00.115841,SOL-USDT,187.89,187.95,116.734,118.924
2025-07-24T15:39:00.120153,ETH-USDT,3724.36,3724.45,5.069,5.882
2025-07-24T15:39:01.158813,SOL-USDT,187.89,187.92,116.734,90.675
2025-07-24T15:39:01.160419,ETH-USDT,3723.52,3723.81,6.037,6.73
2025-07-24T15:39:01.170804,BTC-USDT,118695.73,118695.74,2.0327,12.0896
2025-07-24T15:39:02.180272,LTC-USDT,113.41,113.49,93.835,19.747
2025-07-24T15:39:02.194833,XRP-USDT,3.2142,3.2157,64929.3,10325.1
2025-07-24T15:39:02.204762,SOL-USDT,187.89,187.92,116.734,90.675
2025-07-24T15:39:02.206521,ETH-USDT,3723.27,3723.36,5.773,7.038
2025-07-24T15:39:03.226370,LTC-USDT,113.43,113.49,51.192,19.747
2025-07-24T15:39:03.247512,SOL-USDT,187.93,187.98,95.013,85.185
2025-07-24T15:39:03.249165,ETH-USDT,3723.64,3723.73,6.247,0.253
2025-07-24T15:39:03.260523,BTC-USDT,118695.73,118695.74,2.0327,12.0896
2025-07-24T15:39:04.269757,LTC-USDT,113.41,113.49,93.835,19.747
2025-07-24T15:39:04.282143,XRP-USDT,3.2146,3.2161,19418.9,65771.9
2025-07-24T15:39:04.292375,SOL-USDT,187.93,187.96,121.239,120.328
2025-07-24T15:39:04.293585,ETH-USDT,3723.34,3723.43,3.216,6.024
2025-07-24T15:39:05.347724,BTC-USDT,118695.73,118695.74,2.0327,12.0896
2025-07-24T15:39:06.357292,LTC-USDT,113.41,113.49,93.835,19.747
2025-07-24T15:39:06.372822,XRP-USDT,3.2148,3.2163,34732.4,17422.4
2025-07-24T15:39:06.383286,SOL-USDT,187.93,187.99,121.239,226.934
2025-07-24T15:39:06.385143,ETH-USDT,3723.39,3723.82,7.387,5.484
2025-07-24T15:39:06.396510,BTC-USDT,118695.73,118695.74,2.0327,12.0896
2025-07-24T15:39:07.404933,LTC-USDT,113.41,113.46,93.835,63.241
2025-07-24T15:39:07.425369,SOL-USDT,187.86,187.89,124.271,123.057
2025-07-24T15:39:07.427366,ETH-USDT,3722.64,3722.93,7.596,5.491
2025-07-24T15:39:08.451382,LTC-USDT,113.41,113.46,93.835,63.241
2025-07-24T15:39:08.467036,XRP-USDT,3.2141,3.2156,66.6,15257.3
2025-07-24T15:39:08.475311,SOL-USDT,187.86,187.89,124.271,123.057
2025-07-24T15:39:09.498084,LTC-USDT,113.41,113.46,93.835,55.967
2025-07-24T15:39:09.519221,ETH-USDT,3722.64,3722.93,7.596,5.491
2025-07-24T15:39:09.529135,BTC-USDT,118695.73,118695.74,2.0327,12.0896
2025-07-24T15:39:10.537970,LTC-USDT,113.4,113.46,23.526,55.967
2025-07-24T15:39:10.557969,SOL-USDT,187.84,187.89,95.779,123.057
2025-07-24T15:39:10.559596,ETH-USDT,3722.07,3722.27,0.012,5.532
2025-07-24T15:39:10.569733,BTC-USDT,118687.66,118687.67,0.6206,29.2118
2025-07-24T15:39:11.578515,LTC-USDT,113.38,113.46,68.761,55.967
2025-07-24T15:39:11.600239,SOL-USDT,187.77,187.81,91.14,98.916
2025-07-24T15:39:11.601623,ETH-USDT,3721.46,3721.55,0.636,5.57
2025-07-24T15:39:12.619976,LTC-USDT,113.37,113.43,32.872,99.749
2025-07-24T15:39:12.631429,XRP-USDT,3.2121,3.2136,25622.0,60181.7
2025-07-24T15:39:12.641069,SOL-USDT,187.8,187.84,47.35,95.838
2025-07-24T15:39:12.642919,ETH-USDT,3721.22,3721.31,0.773,6.516
2025-07-24T15:39:13.662735,LTC-USDT,113.37,113.43,32.872,99.749
2025-07-24T15:39:13.676599,XRP-USDT,3.2123,3.2138,42238.0,70489.6
2025-07-24T15:39:13.687955,SOL-USDT,187.8,187.84,47.35,95.838
2025-07-24T15:39:13.689704,ETH-USDT,3721.22,3721.31,0.773,6.516
2025-07-24T15:39:13.702942,BTC-USDT,118671.0,118671.01,3.1034,21.1649
2025-07-24T15:39:14.726732,XRP-USDT,3.2123,3.2138,42238.0,70489.6
2025-07-24T15:39:14.736986,SOL-USDT,187.77,187.81,91.14,95.405
2025-07-24T15:39:14.748496,BTC-USDT,118671.0,118671.01,3.1034,21.1649
2025-07-24T15:39:15.778766,SOL-USDT,187.77,187.81,91.14,95.405
2025-07-24T15:39:16.814575,XRP-USDT,3.2121,3.2136,25622.0,4350.3
2025-07-24T15:39:16.823262,SOL-USDT,187.84,187.87,100.793,100.827
2025-07-24T15:39:16.824531,ETH-USDT,3721.84,3721.93,5.693,0.231
2025-07-24T15:39:16.840226,BTC-USDT,118671.0,118671.01,3.1034,21.1649
2025-07-24T15:39:17.866992,SOL-USDT,187.82,187.87,103.948,100.827
2025-07-24T15:39:17.868352,ETH-USDT,3721.84,3721.93,5.693,0.231
2025-07-24T15:39:18.908499,SOL-USDT,187.85,187.88,122.997,88.161
2025-07-24T15:39:18.910115,ETH-USDT,3722.7,3722.79,6.942,3.784
2025-07-24T15:39:18.921374,BTC-USDT,118671.0,118671.01,3.1034,21.1649
2025-07-24T15:39:19.942570,XRP-USDT,3.2124,3.2139,19589.4,44607.7
2025-07-24T15:39:19.953686,SOL-USDT,187.82,187.88,103.948,88.161
2025-07-24T15:39:19.955285,ETH-USDT,3722.41,3722.79,7.376,3.784
2025-07-24T15:39:21.002513,SOL-USDT,187.82,187.85,103.948,95.82
2025-07-24T15:39:21.014595,BTC-USDT,118671.0,118671.01,3.1034,21.1649
2025-07-24T15:39:22.023588,LTC-USDT,113.35,113.4,89.085,78.103
2025-07-24T15:39:22.036047,XRP-USDT,3.2126,3.2141,152092.2,26949.5
2025-07-24T15:39:23.091791,SOL-USDT,187.86,187.9,117.212,92.853
2025-07-24T15:39:23.093876,ETH-USDT,3722.31,3722.4,0.031,6.6
2025-07-24T15:39:23.108875,BTC-USDT,118671.0,118671.01,3.1034,21.1649
2025-07-24T15:39:24.117487,LTC-USDT,113.37,113.43,99.515,99.749
2025-07-24T15:39:24.129675,XRP-USDT,3.2136,3.2151,154384.9,31535.7
2025-07-24T15:39:24.139425,SOL-USDT,187.82,187.87,103.948,97.374
2025-07-24T15:39:25.185570,SOL-USDT,187.82,187.87,103.948,97.374
2025-07-24T15:39:25.188646,ETH-USDT,3722.69,3722.79,5.581,3.784
2025-07-24T15:39:25.198044,BTC-USDT,118671.0,118671.01,3.1034,21.1649
2025-07-24T15:39:26.220577,XRP-USDT,3.2134,3.2149,105576.6,4014.9
2025-07-24T15:39:27.275889,ETH-USDT,3722.7,3722.79,6.035,3.784
2025-07-24T15:39:27.288038,BTC-USDT,118673.33,118673.34,31.5456,0.4889
2025-07-24T15:39:28.312021,XRP-USDT,3.213,3.2145,55131.7,112.3
2025-07-24T15:39:28.323085,ETH-USDT,3722.7,3722.79,6.035,3.784
2025-07-24T15:39:29.366097,SOL-USDT,187.86,187.91,122.881,102.682
2025-07-24T15:39:29.368291,ETH-USDT,3722.94,3723.03,6.787,5.693
2025-07-24T15:39:29.382820,BTC-USDT,118673.33,118673.34,31.5456,0.4889
2025-07-24T15:39:30.392255,LTC-USDT,113.35,113.41,89.085,59.65
2025-07-24T15:39:30.407881,XRP-USDT,3.2135,3.215,120586.4,13628.7
2025-07-24T15:39:30.416427,SOL-USDT,187.86,187.91,122.881,102.682
2025-07-24T15:39:31.449443,XRP-USDT,3.2135,3.215,120586.4,13628.1
2025-07-24T15:39:31.460400,ETH-USDT,3723.32,3723.76,7.33,6.909
2025-07-24T15:39:31.471882,BTC-USDT,118673.33,118673.34,31.5456,0.4889
2025-07-24T15:39:32.482146,LTC-USDT,113.37,113.43,117.278,99.749
2025-07-24T15:39:32.495311,XRP-USDT,3.2136,3.2151,55750.2,31535.7
2025-07-24T15:39:32.505122,SOL-USDT,187.88,187.91,99.259,119.873
2025-07-24T15:39:32.506682,ETH-USDT,3723.32,3723.76,7.33,6.909
2025-07-24T15:39:33.543877,XRP-USDT,3.2132,3.2147,43579.1,16.6
2025-07-24T15:39:33.551523,SOL-USDT,187.85,187.91,104.07,244.316
2025-07-24T15:39:33.552885,ETH-USDT,3723.75,3723.84,5.929,6.181
2025-07-24T15:39:33.563809,BTC-USDT,118673.33,118673.34,31.5456,0.4889
2025-07-24T15:39:34.573416,LTC-USDT,113.4,113.46,72.866,55.967
2025-07-24T15:39:34.587487,XRP-USDT,3.2132,3.2148,43579.1,19392.9
2025-07-24T15:39:34.595016,SOL-USDT,187.9,187.95,113.132,95.718
2025-07-24T15:39:34.598539,ETH-USDT,3723.72,3723.81,6.53,5.856
2025-07-24T15:39:34.607395,BTC-USDT,118673.33,118673.34,31.5456,0.4889
2025-07-24T15:39:35.616111,LTC-USDT,113.4,113.46,72.866,55.967
2025-07-24T15:39:35.639091,SOL-USDT,187.9,187.95,113.132,95.718
2025-07-24T15:39:36.664869,LTC-USDT,113.4,113.46,72.866,55.967
2025-07-24T15:39:36.675107,XRP-USDT,3.2137,3.2152,163040.8,24157.3
2025-07-24T15:39:36.685256,SOL-USDT,187.93,187.96,91.519,112.205
2025-07-24T15:39:36.687416,ETH-USDT,3723.94,3724.11,6.769,5.839
2025-07-24T15:39:36.697790,BTC-USDT,118673.33,118673.34,31.5456,0.4889
2025-07-24T15:39:37.820383,XRP-USDT,3.2135,3.215,73434.9,4064.3
2025-07-24T15:39:37.835561,SOL-USDT,187.9,187.96,93.927,112.205
2025-07-24T15:39:37.844698,BTC-USDT,118673.33,118673.34,31.5456,0.4889
2025-07-24T15:39:38.855022,LTC-USDT,113.43,113.49,90.985,22.927
2025-07-24T15:39:38.881518,SOL-USDT,187.93,187.96,107.292,112.205
2025-07-24T15:39:38.882984,ETH-USDT,3725.87,3725.96,6.886,0.9
2025-07-24T15:39:38.893332,BTC-USDT,118673.33,118673.34,31.5456,0.4889
2025-07-24T15:39:39.902959,LTC-USDT,113.53,113.58,53.702,21.928
2025-07-24T15:39:39.916080,XRP-USDT,3.2176,3.2192,62288.7,7959.6
2025-07-24T15:39:39.926576,SOL-USDT,188.04,188.07,88.798,121.123
2025-07-24T15:39:39.929554,ETH-USDT,3727.22,3727.33,0.882,2.562
2025-07-24T15:39:40.951799,LTC-USDT,113.51,113.58,17.459,21.928
2025-07-24T15:39:40.972217,SOL-USDT,188.01,188.07,88.761,121.123
2025-07-24T15:39:40.973683,ETH-USDT,3726.57,3726.66,4.753,7.616
2025-07-24T15:39:40.986448,BTC-USDT,117750.0,118673.34,1.0372,0.4889
2025-07-24T15:39:42.014839,XRP-USDT,3.2173,3.2188,15043.6,26.0
2025-07-24T15:39:42.026735,SOL-USDT,188.04,188.07,90.558,121.123
2025-07-24T15:39:42.027852,ETH-USDT,3726.57,3727.06,4.753,5.413
2025-07-24T15:39:42.042223,BTC-USDT,118695.73,118695.74,27.4645,1.2382
2025-07-24T15:39:43.075649,SOL-USDT,188.04,188.07,90.558,121.123
2025-07-24T15:39:43.077048,ETH-USDT,3726.57,3726.66,4.753,7.389
2025-07-24T15:39:43.087899,BTC-USDT,118695.73,118695.74,27.4645,1.2382
2025-07-24T15:39:44.110176,XRP-USDT,3.2165,3.218,30010.2,3901.6
2025-07-24T15:39:44.119510,SOL-USDT,188.01,188.07,88.761,121.123
2025-07-24T15:39:44.121065,ETH-USDT,3726.25,3726.34,0.428,6.209
2025-07-24T15:39:45.143124,LTC-USDT,113.49,113.55,79.473,59.597
2025-07-24T15:39:45.164817,SOL-USDT,188.01,188.04,88.761,93.292
2025-07-24T15:39:45.177639,BTC-USDT,118695.73,118695.74,27.4645,1.2382
2025-07-24T15:39:46.187540,LTC-USDT,113.48,113.55,19.098,59.597
2025-07-24T15:39:46.210153,SOL-USDT,187.99,188.04,90.084,93.292
2025-07-24T15:39:47.370318,LTC-USDT,113.48,113.55,19.098,59.597
2025-07-24T15:39:47.394040,SOL-USDT,187.97,188.0,124.073,105.158
2025-07-24T15:39:47.409202,BTC-USDT,118695.73,118695.74,27.4645,1.2382
2025-07-24T15:39:48.431967,XRP-USDT,3.2166,3.2181,3063.3,57355.0
2025-07-24T15:39:48.445354,SOL-USDT,188.06,188.11,92.558,105.846
2025-07-24T15:39:48.454011,BTC-USDT,118695.73,118695.74,27.4645,1.2382
2025-07-24T15:39:49.485866,SOL-USDT,188.01,188.05,92.816,89.123
2025-07-24T15:39:49.487202,ETH-USDT,3726.06,3726.15,0.124,5.56
2025-07-24T15:39:50.673223,XRP-USDT,3.216,3.2175,166443.9,7680.4
2025-07-24T15:39:50.684646,SOL-USDT,188.07,188.1,124.801,116.039
2025-07-24T15:39:50.687090,ETH-USDT,3726.48,3726.57,7.127,7.246
2025-07-24T15:39:50.700153,BTC-USDT,118695.73,118695.74,27.4645,1.2382
2025-07-24T15:39:51.727868,SOL-USDT,188.05,188.1,93.309,116.039
2025-07-24T15:39:51.738865,BTC-USDT,118695.72,118695.74,0.0547,1.2382
2025-07-24T15:39:52.762429,XRP-USDT,3.2164,3.2179,352.6,41594.9
2025-07-24T15:39:52.773644,SOL-USDT,188.04,188.1,116.249,116.039
2025-07-24T15:39:52.786634,BTC-USDT,118695.73,118695.74,2.0622,1.2382
2025-07-24T15:39:54.871385,BTC-USDT,118695.73,118695.74,2.0622,1.2382
2025-07-24T15:39:55.879372,LTC-USDT,113.51,113.56,112.469,23.106
2025-07-24T15:39:56.924993,LTC-USDT,113.56,113.62,92.155,77.737
2025-07-24T15:39:56.938477,XRP-USDT,3.2169,3.2184,76224.2,7035.7
2025-07-24T15:39:56.948022,SOL-USDT,188.08,188.14,86.939,96.265
2025-07-24T15:39:56.950019,ETH-USDT,3726.95,3727.46,7.539,1.524
2025-07-24T15:39:56.961963,BTC-USDT,118695.73,118695.74,2.0622,1.2382
2025-07-24T15:39:57.973717,LTC-USDT,113.56,113.63,92.155,17.243
2025-07-24T15:39:57.988044,XRP-USDT,3.2177,3.2192,128170.1,7959.6
2025-07-24T15:39:57.997389,SOL-USDT,188.11,188.14,110.117,96.265
2025-07-24T15:39:57.998735,ETH-USDT,3727.53,3727.62,7.252,6.289
2025-07-24T15:39:59.042504,ETH-USDT,3727.53,3727.62,7.252,6.289
2025-07-24T15:39:59.054520,BTC-USDT,118695.73,118695.74,2.0622,1.2382
2025-07-24T15:40:00.063800,LTC-USDT,113.59,113.66,124.925,51.822
2025-07-24T15:40:00.077035,XRP-USDT,3.2184,3.2199,132753.4,97692.4
2025-07-24T15:40:00.086792,SOL-USDT,188.14,188.17,90.65,100.649
2025-07-24T15:40:00.088224,ETH-USDT,3727.95,3728.04,5.466,6.771
2025-07-24T15:40:01.110378,LTC-USDT,113.65,113.72,85.237,23.811
2025-07-24T15:40:01.134151,SOL-USDT,188.17,188.2,122.105,124.305
2025-07-24T15:40:01.136310,ETH-USDT,3729.04,3729.13,5.545,6.567
2025-07-24T15:40:01.148178,BTC-USDT,118748.72,118753.37,0.3607,0.0303
2025-07-24T15:40:02.158265,LTC-USDT,113.63,113.69,26.545,71.02
2025-07-24T15:40:02.171381,XRP-USDT,3.2191,3.2206,55778.8,90798.7
2025-07-24T15:40:02.181811,SOL-USDT,188.12,188.15,115.965,95.424
2025-07-24T15:40:02.183672,ETH-USDT,3729.23,3729.32,4.972,6.331
2025-07-24T15:40:03.208936,LTC-USDT,113.67,113.74,83.615,32.699
2025-07-24T15:40:03.232066,SOL-USDT,188.14,188.17,93.263,91.554
2025-07-24T15:40:03.234300,ETH-USDT,3728.86,3728.95,0.079,6.319
2025-07-24T15:40:03.245516,BTC-USDT,118751.18,118751.19,22.5171,0.3963
2025-07-24T15:40:04.254829,LTC-USDT,113.67,113.74,83.615,32.699
2025-07-24T15:40:04.268763,XRP-USDT,3.22,3.2215,5771.5,13500.2
2025-07-24T15:40:05.324677,SOL-USDT,188.12,188.17,95.127,91.554
2025-07-24T15:40:05.336391,BTC-USDT,118751.18,118751.19,22.5171,0.3963
2025-07-24T15:40:06.360461,XRP-USDT,3.2205,3.222,55740.4,49696.4
2025-07-24T15:40:07.393290,LTC-USDT,113.67,113.74,25.94,62.854
2025-07-24T15:40:07.414958,SOL-USDT,188.1,188.15,117.13,110.361
2025-07-24T15:40:07.416544,ETH-USDT,3728.76,3728.85,0.091,6.3
2025-07-24T15:40:07.429403,BTC-USDT,118751.18,118751.19,22.5171,0.3963
2025-07-24T15:40:08.438337,LTC-USDT,113.67,113.74,25.94,62.854
2025-07-24T15:40:08.451422,XRP-USDT,3.2204,3.2219,1741.5,11675.6
2025-07-24T15:40:08.462386,SOL-USDT,188.08,188.15,86.939,110.361
2025-07-24T15:40:08.464355,ETH-USDT,3728.3,3728.39,0.181,5.375
2025-07-24T15:40:08.476989,BTC-USDT,118751.18,118751.19,22.5171,0.3963
2025-07-24T15:40:09.509426,SOL-USDT,188.08,188.12,86.939,109.697
2025-07-24T15:40:09.510670,ETH-USDT,3728.23,3728.32,6.444,4.919
2025-07-24T15:40:10.543853,XRP-USDT,3.2201,3.2216,37662.9,55.1
2025-07-24T15:40:10.553093,SOL-USDT,188.08,188.12,86.939,109.697
2025-07-24T15:40:10.554414,ETH-USDT,3728.49,3728.58,6.703,6.78
2025-07-24T15:40:11.590777,XRP-USDT,3.2195,3.221,38658.7,34407.9
2025-07-24T15:40:11.598422,SOL-USDT,188.08,188.13,86.939,104.108
2025-07-24T15:40:11.611849,BTC-USDT,118751.18,118751.19,22.5171,0.3963
2025-07-24T15:40:12.653936,BTC-USDT,118751.18,118751.19,22.5171,0.3963
2025-07-24T15:40:13.690711,ETH-USDT,3728.86,3728.95,5.631,6.319
2025-07-24T15:40:14.711660,LTC-USDT,113.7,113.76,76.871,14.651
2025-07-24T15:40:14.723252,XRP-USDT,3.2197,3.2212,98212.4,10322.0
2025-07-24T15:40:14.732904,SOL-USDT,188.11,188.16,109.561,91.461
2025-07-24T15:40:14.734172,ETH-USDT,3730.53,3730.62,6.346,0.139
2025-07-24T15:40:14.745140,BTC-USDT,118751.18,118751.19,22.5171,0.3963
2025-07-24T15:40:15.754445,LTC-USDT,113.7,113.76,76.871,14.651
2025-07-24T15:40:15.769457,XRP-USDT,3.2206,3.2221,109028.9,104.5
2025-07-24T15:40:15.779528,SOL-USDT,188.16,188.19,109.53,96.245
2025-07-24T15:40:15.781011,ETH-USDT,3730.53,3730.62,6.346,0.139
2025-07-24T15:40:16.805482,LTC-USDT,113.7,113.76,76.871,14.651
2025-07-24T15:40:16.993754,XRP-USDT,3.2206,3.2221,109028.9,104.5
2025-07-24T15:40:17.008581,ETH-USDT,3730.91,3731.0,5.446,7.622
2025-07-24T15:40:17.020020,BTC-USDT,118751.18,118751.19,22.5171,0.3963
2025-07-24T15:40:18.052831,ETH-USDT,3730.53,3730.86,6.346,6.56
2025-07-24T15:40:19.071825,LTC-USDT,113.67,113.73,25.94,50.854
2025-07-24T15:40:19.095679,SOL-USDT,188.11,188.15,109.561,108.366
2025-07-24T15:40:19.097464,ETH-USDT,3730.36,3730.45,0.058,7.118
2025-07-24T15:40:19.107575,BTC-USDT,118751.18,118751.19,22.5171,0.3963
2025-07-24T15:40:20.131548,XRP-USDT,3.2209,3.2224,36827.4,67.1
2025-07-24T15:40:20.140548,SOL-USDT,188.11,188.16,109.561,86.806
2025-07-24T15:40:21.230911,LTC-USDT,113.7,113.76,112.221,14.651
2025-07-24T15:40:21.255288,SOL-USDT,188.14,188.19,96.311,96.245
2025-07-24T15:40:21.258196,ETH-USDT,3730.52,3730.61,5.723,2.465
2025-07-24T15:40:21.269964,BTC-USDT,118751.18,118751.19,22.5171,0.3963
2025-07-24T15:40:22.279336,LTC-USDT,113.7,113.76,112.221,14.651
2025-07-24T15:40:22.291690,XRP-USDT,3.2211,3.2226,112098.5,54184.5
2025-07-24T15:40:22.302019,SOL-USDT,188.14,188.19,96.311,96.245
2025-07-24T15:40:23.323155,LTC-USDT,113.7,113.76,112.221,14.651
2025-07-24T15:40:23.345749,SOL-USDT,188.13,188.16,124.088,91.649
2025-07-24T15:40:23.347137,ETH-USDT,3730.95,3731.04,7.461,6.01
2025-07-24T15:40:23.358406,BTC-USDT,118751.18,118751.19,22.5171,0.3963
2025-07-24T15:40:24.367546,LTC-USDT,113.7,113.77,112.221,16.51
2025-07-24T15:40:24.388689,SOL-USDT,188.13,188.19,124.088,107.811
2025-07-24T15:40:25.410940,LTC-USDT,113.73,113.78,102.452,8.588
2025-07-24T15:40:25.436464,ETH-USDT,3731.85,3732.5,5.4,5.526
2025-07-24T15:40:25.450998,BTC-USDT,118751.18,118751.19,22.5171,0.3963
2025-07-24T15:40:26.456990,LTC-USDT,113.73,113.81,27.984,16.224
2025-07-24T15:40:26.469252,XRP-USDT,3.222,3.2235,27833.5,175.8
2025-07-24T15:40:26.478436,SOL-USDT,188.18,188.24,105.047,27.083
2025-07-24T15:40:26.479979,ETH-USDT,3732.54,3732.71,2.117,5.242
2025-07-24T15:40:26.490479,BTC-USDT,118751.18,118751.19,22.5171,0.3963
2025-07-24T15:40:27.499956,LTC-USDT,113.76,113.81,91.178,16.224
2025-07-24T15:40:27.523105,SOL-USDT,188.18,188.24,105.047,27.083
2025-07-24T15:40:27.524454,ETH-USDT,3733.89,3733.98,5.198,7.465
2025-07-24T15:40:27.537021,BTC-USDT,118751.18,118751.19,22.5171,0.3963
2025-07-24T15:40:28.546373,LTC-USDT,113.77,113.84,92.243,14.098
2025-07-24T15:40:28.558790,XRP-USDT,3.2228,3.2243,74273.7,21767.1
2025-07-24T15:40:28.571788,SOL-USDT,188.21,188.25,121.706,45.286
2025-07-24T15:40:28.573449,ETH-USDT,3733.89,3733.98,5.198,7.465
2025-07-24T15:40:28.588082,BTC-USDT,118751.18,118751.19,22.5171,0.3963
2025-07-24T15:40:29.622180,SOL-USDT,188.24,188.27,87.538,70.485
2025-07-24T15:40:29.623750,ETH-USDT,3734.09,3734.18,5.982,2.965
2025-07-24T15:40:30.646082,LTC-USDT,113.81,113.87,65.987,12.163
2025-07-24T15:40:30.659995,XRP-USDT,3.2236,3.2251,59454.7,7497.9
2025-07-24T15:40:30.670196,SOL-USDT,188.24,188.27,87.538,70.485
2025-07-24T15:40:30.682415,BTC-USDT,118751.18,118751.19,22.5171,0.3963
2025-07-24T15:40:31.691259,LTC-USDT,113.84,113.89,57.988,27.823
2025-07-24T15:40:31.703447,XRP-USDT,3.2242,3.2257,36721.9,107.1
2025-07-24T15:40:31.715167,ETH-USDT,3734.52,3734.61,7.271,0.442
2025-07-24T15:40:31.726111,BTC-USDT,118751.18,118751.19,22.5171,0.3963
2025-07-24T15:40:32.737168,LTC-USDT,113.9,113.95,57.092,24.997
2025-07-24T15:40:32.760717,SOL-USDT,188.3,188.37,95.283,98.471
2025-07-24T15:40:32.767754,ETH-USDT,3734.95,3735.04,7.516,5.698
2025-07-24T15:40:32.775037,BTC-USDT,118820.05,118820.06,26.9781,0.3707
2025-07-24T15:40:33.784299,LTC-USDT,113.88,113.95,18.465,24.997
2025-07-24T15:40:33.806108,SOL-USDT,188.34,188.46,122.033,92.455
2025-07-24T15:40:33.808016,ETH-USDT,3736.3,3736.39,6.163,7.553
2025-07-24T15:40:33.820587,BTC-USDT,118820.05,118820.06,26.9781,0.3707
2025-07-24T15:40:34.829932,LTC-USDT,113.89,113.94,79.086,77.235
2025-07-24T15:40:34.844041,XRP-USDT,3.2252,3.2267,69892.2,14413.4
2025-07-24T15:40:34.854169,SOL-USDT,188.42,188.47,107.146,11.167
2025-07-24T15:40:34.855776,ETH-USDT,3735.52,3735.87,5.301,5.256
2025-07-24T15:40:34.867187,BTC-USDT,118820.05,118820.06,26.9781,0.3707
2025-07-24T15:40:35.876340,LTC-USDT,113.89,113.94,89.502,77.235
2025-07-24T15:40:35.891663,XRP-USDT,3.225,3.2265,281575.3,241.8
2025-07-24T15:40:35.902207,SOL-USDT,188.4,188.44,96.421,96.044
2025-07-24T15:40:35.904011,ETH-USDT,3736.52,3736.61,7.637,0.698
2025-07-24T15:40:35.917441,BTC-USDT,118820.05,118820.06,26.9781,0.3707
2025-07-24T15:40:36.929489,LTC-USDT,113.89,113.94,89.502,77.235
2025-07-24T15:40:36.954961,SOL-USDT,188.43,188.47,97.336,116.966
2025-07-24T15:40:36.956542,ETH-USDT,3735.96,3736.05,0.04,7.565
2025-07-24T15:40:36.967847,BTC-USDT,118820.05,118820.06,26.9781,0.3707
2025-07-24T15:40:37.977026,LTC-USDT,113.84,113.9,13.01,54.071
2025-07-24T15:40:38.000456,ETH-USDT,3735.66,3735.75,5.078,6.173
2025-07-24T15:40:39.020717,LTC-USDT,113.82,113.88,16.761,111.925
2025-07-24T15:40:39.034418,XRP-USDT,3.2249,3.2264,46.8,113020.4
2025-07-24T15:40:39.044473,SOL-USDT,188.43,188.47,99.899,116.966
2025-07-24T15:40:39.057796,BTC-USDT,118820.05,118820.06,26.9781,0.3707
2025-07-24T15:40:40.083329,XRP-USDT,3.2235,3.225,13673.9,72489.6
2025-07-24T15:40:40.100231,SOL-USDT,188.4,188.44,96.421,92.535
2025-07-24T15:40:40.102078,ETH-USDT,3734.98,3735.07,0.137,5.383
2025-07-24T15:40:41.121557,LTC-USDT,113.8,113.88,27.646,111.925
2025-07-24T15:40:41.142972,SOL-USDT,188.36,188.39,91.298,94.069
2025-07-24T15:40:41.144334,ETH-USDT,3734.19,3734.28,0.023,5.793
2025-07-24T15:40:41.156003,BTC-USDT,118820.05,118820.06,26.9781,0.3707
2025-07-24T15:40:42.180263,XRP-USDT,3.2221,3.2236,67922.1,100331.4
2025-07-24T15:40:42.191069,SOL-USDT,188.34,188.39,123.366,94.069
2025-07-24T15:40:43.249696,BTC-USDT,118820.05,118820.06,26.9781,0.3707
2025-07-24T15:40:45.322420,SOL-USDT,188.31,188.34,86.455,100.027
2025-07-24T15:40:45.325215,ETH-USDT,3733.54,3733.63,0.095,5.386
2025-07-24T15:40:45.335205,BTC-USDT,118820.05,118820.06,26.9781,0.3707
2025-07-24T15:40:46.358975,XRP-USDT,3.2215,3.223,54284.7,137872.3
2025-07-24T15:40:46.371282,SOL-USDT,188.34,188.39,111.531,91.63
2025-07-24T15:40:46.372755,ETH-USDT,3734.06,3734.4,7.691,7.694
2025-07-24T15:40:46.385085,BTC-USDT,118820.05,118820.06,26.9781,0.3707
2025-07-24T15:40:47.415509,SOL-USDT,188.32,188.36,115.265,88.437
2025-07-24T15:40:47.417008,ETH-USDT,3733.81,3733.9,0.745,6.03
2025-07-24T15:40:48.449220,XRP-USDT,3.2205,3.222,32128.1,113681.4
2025-07-24T15:40:48.458056,SOL-USDT,188.32,188.36,115.265,88.437
2025-07-24T15:40:49.499442,ETH-USDT,3733.48,3733.57,1.584,5.337
2025-07-24T15:40:49.510546,BTC-USDT,118820.05,118820.06,26.9781,0.3707
2025-07-24T15:40:50.540321,XRP-USDT,3.2208,3.2223,37010.0,72608.1
2025-07-24T15:40:50.542373,SOL-USDT,188.42,188.45,123.815,125.865
2025-07-24T15:40:50.544953,ETH-USDT,3733.66,3733.76,5.626,5.218
2025-07-24T15:40:50.555816,BTC-USDT,118820.05,118820.06,26.9781,0.3707
2025-07-24T15:40:51.565421,LTC-USDT,113.83,113.88,94.069,111.925
2025-07-24T15:40:51.589328,SOL-USDT,188.42,188.47,123.815,85.387
2025-07-24T15:40:51.590961,ETH-USDT,3733.83,3733.92,7.12,5.622
2025-07-24T15:40:52.615000,LTC-USDT,113.83,113.9,94.069,54.071
2025-07-24T15:40:52.629801,XRP-USDT,3.2211,3.2215,30396.1,129.0
2025-07-24T15:40:52.643239,SOL-USDT,188.49,188.52,103.268,42.072
2025-07-24T15:40:52.643282,ETH-USDT,3734.69,3734.78,6.556,5.188
2025-07-24T15:40:52.654482,BTC-USDT,118821.09,118821.1,29.6535,0.0887
2025-07-24T15:40:53.678894,XRP-USDT,3.2211,3.2215,30396.1,129.0
2025-07-24T15:40:53.686638,SOL-USDT,188.49,188.52,103.268,42.072
2025-07-24T15:40:54.723238,XRP-USDT,3.2224,3.2239,86077.1,56798.0
2025-07-24T15:40:54.733035,SOL-USDT,188.55,188.59,92.47,56.098
2025-07-24T15:40:54.734765,ETH-USDT,3735.65,3735.75,6.958,6.173
2025-07-24T15:40:54.746075,BTC-USDT,118821.09,118821.1,29.6535,0.0887
2025-07-24T15:40:55.755223,LTC-USDT,113.9,113.95,49.2,23.959
2025-07-24T15:40:55.776896,SOL-USDT,188.55,188.59,92.47,56.098
2025-07-24T15:40:55.778543,ETH-USDT,3735.91,3736.0,6.734,6.172
2025-07-24T15:40:55.789222,BTC-USDT,118830.56,118830.57,33.1357,0.6406
2025-07-24T15:40:56.799008,LTC-USDT,113.9,113.97,49.2,26.013
2025-07-24T15:40:56.813548,XRP-USDT,3.2238,3.2253,99260.7,130.5
2025-07-24T15:40:56.827978,SOL-USDT,188.58,188.61,97.941,44.558
2025-07-24T15:40:56.828052,ETH-USDT,3736.94,3737.03,6.498,1.317
2025-07-24T15:40:56.837575,BTC-USDT,118855.53,118855.54,30.789,0.3881
2025-07-24T15:40:57.859486,XRP-USDT,3.2238,3.2253,99260.7,130.5
2025-07-24T15:40:57.868622,SOL-USDT,188.65,188.69,99.152,44.323
2025-07-24T15:40:57.870056,ETH-USDT,3737.82,3737.93,6.147,0.907
2025-07-24T15:40:58.889868,LTC-USDT,113.93,113.99,84.657,18.047
2025-07-24T15:40:58.902844,XRP-USDT,3.2249,3.2264,89390.6,160.2
2025-07-24T15:40:58.912406,SOL-USDT,188.68,188.71,103.599,30.91
2025-07-24T15:40:58.913945,ETH-USDT,3738.38,3738.47,6.187,4.783
2025-07-24T15:40:58.924337,BTC-USDT,118857.31,118857.32,36.8774,0.191
2025-07-24T15:40:59.933414,LTC-USDT,113.97,114.02,100.448,13.682
2025-07-24T15:40:59.946810,XRP-USDT,3.2276,3.2291,27730.6,159.6
2025-07-24T15:40:59.957358,SOL-USDT,188.74,188.79,109.778,64.674
2025-07-24T15:40:59.959916,ETH-USDT,3739.72,3740.02,5.691,0.235
2025-07-24T15:40:59.971562,BTC-USDT,118857.31,118857.32,36.8774,0.191
2025-07-24T15:41:00.980560,LTC-USDT,113.96,114.02,21.873,13.682
2025-07-24T15:41:01.003325,SOL-USDT,188.72,188.75,117.772,120.13
2025-07-24T15:41:01.004785,ETH-USDT,3739.14,3739.23,6.789,5.171
2025-07-24T15:41:01.020755,BTC-USDT,118893.76,118893.77,7.3801,7.0707
2025-07-24T15:41:02.024812,LTC-USDT,114.0,114.05,50.654,8.977
2025-07-24T15:41:02.047040,SOL-USDT,188.78,188.82,108.673,35.863
2025-07-24T15:41:02.048958,ETH-USDT,3739.72,3740.04,0.008,7.364
2025-07-24T15:41:03.070887,LTC-USDT,114.0,114.08,50.654,17.355
2025-07-24T15:41:03.087780,XRP-USDT,3.2274,3.2289,37242.4,14409.7
2025-07-24T15:41:03.094272,SOL-USDT,188.77,188.8,112.357,120.96
2025-07-24T15:41:03.096264,ETH-USDT,3740.62,3740.71,7.507,3.643
2025-07-24T15:41:03.108238,BTC-USDT,118907.25,118907.26,35.1479,0.0003
2025-07-24T15:41:04.117460,LTC-USDT,114.06,114.15,82.032,12.404
2025-07-24T15:41:04.130164,XRP-USDT,3.2314,3.2329,87966.8,16797.6
2025-07-24T15:41:04.139846,SOL-USDT,188.82,188.91,125.652,28.466
2025-07-24T15:41:04.142014,ETH-USDT,3741.55,3741.66,6.772,6.572
2025-07-24T15:41:05.163560,LTC-USDT,114.08,114.14,12.836,64.36
2025-07-24T15:41:05.185652,SOL-USDT,188.88,188.94,110.752,95.268
2025-07-24T15:41:05.187272,ETH-USDT,3741.74,3742.23,5.357,6.078
2025-07-24T15:41:05.198468,BTC-USDT,118921.75,118921.76,27.868,0.0066
2025-07-24T15:41:06.220437,XRP-USDT,3.2295,3.231,75.6,12.5
2025-07-24T15:41:06.230226,SOL-USDT,188.85,188.88,94.317,114.813
2025-07-24T15:41:06.231721,ETH-USDT,3741.59,3742.08,5.984,2.189
2025-07-24T15:41:06.242994,BTC-USDT,118921.75,118921.76,27.868,0.0066
2025-07-24T15:41:07.253334,LTC-USDT,114.11,114.17,84.159,17.3
2025-07-24T15:41:07.277431,XRP-USDT,3.2295,3.231,75.6,12.5
2025-07-24T15:41:07.281491,SOL-USDT,188.83,188.88,96.278,114.813
2025-07-24T15:41:07.283653,ETH-USDT,3742.39,3742.48,6.092,5.6
2025-07-24T15:41:08.323153,SOL-USDT,188.86,188.91,100.66,109.939
2025-07-24T15:41:09.344399,LTC-USDT,114.11,114.17,84.159,17.3
2025-07-24T15:41:09.365352,SOL-USDT,188.83,188.86,88.925,84.941
2025-07-24T15:41:09.366783,ETH-USDT,3741.91,3742.0,7.466,7.386
2025-07-24T15:41:09.378398,BTC-USDT,118921.75,118921.76,27.868,0.0066
2025-07-24T15:41:10.386876,LTC-USDT,114.11,114.18,84.159,6.366
2025-07-24T15:41:10.399773,XRP-USDT,3.2296,3.2311,54.1,207307.9
2025-07-24T15:41:10.412144,SOL-USDT,188.86,188.91,110.618,109.939
2025-07-24T15:41:10.415299,ETH-USDT,3742.56,3742.66,5.552,0.164
2025-07-24T15:41:10.427219,BTC-USDT,118925.52,118925.63,34.6464,0.0069
2025-07-24T15:41:11.437905,LTC-USDT,114.14,114.2,90.328,42.123
2025-07-24T15:41:11.460840,SOL-USDT,188.97,189.0,117.053,75.746
2025-07-24T15:41:11.462244,ETH-USDT,3742.56,3742.66,5.552,0.164
2025-07-24T15:41:11.473071,BTC-USDT,118925.52,118925.53,34.6464,0.1049
2025-07-24T15:41:12.482827,LTC-USDT,114.14,114.22,90.328,10.035
2025-07-24T15:41:12.495160,XRP-USDT,3.2311,3.2326,12059.8,80924.5
2025-07-24T15:41:12.504519,SOL-USDT,188.95,189.0,89.589,75.746
2025-07-24T15:41:12.506516,ETH-USDT,3742.13,3742.62,1.898,7.548
2025-07-24T15:41:13.549995,SOL-USDT,188.98,189.01,105.461,37.223
2025-07-24T15:41:13.551370,ETH-USDT,3742.56,3742.66,7.313,0.164
2025-07-24T15:41:13.564817,BTC-USDT,118939.99,118940.0,26.4768,0.6386
2025-07-24T15:41:14.588724,XRP-USDT,3.231,3.2325,52772.7,5324.8
2025-07-24T15:41:14.598482,SOL-USDT,188.98,189.01,117.158,37.223
2025-07-24T15:41:14.601065,ETH-USDT,3742.74,3742.83,5.888,0.69
2025-07-24T15:41:14.611879,BTC-USDT,118939.99,118940.0,26.4768,0.6386
2025-07-24T15:41:15.622009,LTC-USDT,114.17,114.22,101.113,10.035
2025-07-24T15:41:15.643949,SOL-USDT,188.98,189.03,117.158,54.949
2025-07-24T15:41:15.645257,ETH-USDT,3743.03,3743.12,5.683,7.263
2025-07-24T15:41:16.668938,LTC-USDT,114.17,114.23,101.113,5.524
2025-07-24T15:41:16.680937,XRP-USDT,3.2311,3.2326,1983.3,80924.5
2025-07-24T15:41:16.694129,SOL-USDT,188.98,189.03,117.158,89.064
2025-07-24T15:41:16.695372,ETH-USDT,3743.43,3743.52,7.571,4.108
2025-07-24T15:41:17.715585,LTC-USDT,114.22,114.28,12.69,22.351
2025-07-24T15:41:17.729366,XRP-USDT,3.2319,3.2334,55747.1,35072.7
2025-07-24T15:41:17.741003,SOL-USDT,189.03,189.08,97.218,54.805
2025-07-24T15:41:17.742631,ETH-USDT,3743.95,3744.37,5.274,0.193
2025-07-24T15:41:17.753733,BTC-USDT,118939.99,118940.0,26.4768,0.6386
2025-07-24T15:41:18.763398,LTC-USDT,114.22,114.28,12.69,22.351
2025-07-24T15:41:18.785453,SOL-USDT,189.1,189.13,95.618,30.601
2025-07-24T15:41:18.786576,ETH-USDT,3745.27,3745.36,6.391,5.501
2025-07-24T15:41:18.797699,BTC-USDT,118950.65,118950.66,31.7695,0.0033
2025-07-24T15:41:19.806356,LTC-USDT,114.25,114.3,78.185,14.03
2025-07-24T15:41:19.828451,SOL-USDT,189.09,189.13,105.962,30.601
2025-07-24T15:41:19.830821,ETH-USDT,3744.77,3744.86,4.815,7.189
2025-07-24T15:41:19.841590,BTC-USDT,118950.65,118950.66,31.7695,0.0033
2025-07-24T15:41:20.864318,XRP-USDT,3.2327,3.2342,27.0,43630.6
2025-07-24T15:41:20.874592,SOL-USDT,189.09,189.13,105.962,30.601
2025-07-24T15:41:20.876949,ETH-USDT,3744.56,3744.74,2.987,5.713
2025-07-24T15:41:20.887877,BTC-USDT,118964.72,118964.73,24.2524,4.637
2025-07-24T15:41:21.898063,LTC-USDT,114.25,114.3,78.185,14.03
2025-07-24T15:41:21.911361,XRP-USDT,3.2326,3.2341,66.6,27005.2
2025-07-24T15:41:21.921729,SOL-USDT,189.08,189.11,94.71,126.832
2025-07-24T15:41:21.923224,ETH-USDT,3744.86,3744.95,6.099,6.186
2025-07-24T15:41:22.943507,LTC-USDT,114.28,114.33,100.517,17.387
2025-07-24T15:41:22.965987,SOL-USDT,189.08,189.13,94.71,109.458
2025-07-24T15:41:22.967332,ETH-USDT,3744.56,3744.66,2.987,5.545
2025-07-24T15:41:22.978167,BTC-USDT,118964.72,118964.73,24.2524,4.637
2025-07-24T15:41:23.987708,LTC-USDT,114.27,114.33,10.497,17.387
2025-07-24T15:41:24.008538,SOL-USDT,189.06,189.1,114.054,100.522
2025-07-24T15:41:24.010112,ETH-USDT,3744.26,3744.35,3.877,6.098
2025-07-24T15:41:25.030526,LTC-USDT,114.25,114.33,78.185,17.387
2025-07-24T15:41:25.045212,XRP-USDT,3.2324,3.2339,6412.6,46552.0
2025-07-24T15:41:25.114456,ETH-USDT,3743.03,3743.77,5.683,7.427
2025-07-24T15:41:25.128428,BTC-USDT,118964.72,118964.73,24.2524,4.637
2025-07-24T15:41:26.138048,LTC-USDT,114.22,114.27,12.69,48.86
2025-07-24T15:41:26.152909,XRP-USDT,3.2318,3.2333,3492.8,10321.0
2025-07-24T15:41:26.163804,SOL-USDT,189.01,189.05,90.303,115.965
2025-07-24T15:41:26.165091,ETH-USDT,3743.24,3743.33,0.039,6.196
2025-07-24T15:41:27.204376,SOL-USDT,189.05,189.1,88.263,100.522
2025-07-24T15:41:27.215817,BTC-USDT,118939.99,118940.0,8.7991,1.9834
2025-07-24T15:41:28.224353,LTC-USDT,114.22,114.29,12.69,80.181
2025-07-24T15:41:28.237344,XRP-USDT,3.2326,3.2341,58884.8,27005.2
2025-07-24T15:41:28.247580,SOL-USDT,189.09,189.13,112.134,104.866
2025-07-24T15:41:28.250131,ETH-USDT,3743.24,3743.47,0.039,5.354
2025-07-24T15:41:28.260995,BTC-USDT,118939.99,118940.0,8.7991,1.9834
2025-07-24T15:41:29.269405,LTC-USDT,114.22,114.27,12.69,77.604
2025-07-24T15:41:29.290012,SOL-USDT,189.04,189.07,101.208,124.429
2025-07-24T15:41:29.301540,BTC-USDT,118939.99,118940.0,8.7991,1.9834
2025-07-24T15:41:30.315439,LTC-USDT,114.21,114.27,16.025,77.604
2025-07-24T15:41:30.333261,SOL-USDT,189.08,189.12,104.602,85.074
2025-07-24T15:41:30.334909,ETH-USDT,3743.03,3743.47,5.683,5.354
2025-07-24T15:41:31.356988,LTC-USDT,114.24,114.29,59.461,80.181
2025-07-24T15:41:31.380061,SOL-USDT,189.11,189.14,99.465,105.616
2025-07-24T15:41:31.381592,ETH-USDT,3743.8,3743.89,5.145,5.179
2025-07-24T15:41:31.391676,BTC-USDT,118945.62,118945.63,22.3767,0.0001
2025-07-24T15:41:32.424171,SOL-USDT,189.08,189.14,104.602,226.889
2025-07-24T15:41:32.425884,ETH-USDT,3742.99,3743.36,6.073,6.614
2025-07-24T15:41:32.437979,BTC-USDT,118945.62,118945.63,22.3767,0.0001
2025-07-24T15:41:33.460123,LTC-USDT,114.24,114.29,59.461,80.181
2025-07-24T15:41:33.476586,SOL-USDT,189.12,189.16,87.492,121.563
2025-07-24T15:41:33.478006,ETH-USDT,3742.99,3743.36,6.073,6.614
2025-07-24T15:41:33.488080,BTC-USDT,118964.71,118964.72,12.5257,7.9277
2025-07-24T15:41:34.496764,LTC-USDT,114.24,114.3,59.461,41.894
2025-07-24T15:41:34.509953,XRP-USDT,3.2321,3.2336,53104.9,31113.2
2025-07-24T15:41:34.518836,SOL-USDT,189.12,189.17,87.492,44.757
2025-07-24T15:41:34.530814,BTC-USDT,118964.92,118964.93,17.239,0.3705
2025-07-24T15:41:35.539597,LTC-USDT,114.24,114.32,59.461,25.288
2025-07-24T15:41:35.568842,ETH-USDT,3742.56,3742.65,7.313,7.293
2025-07-24T15:41:36.603642,XRP-USDT,3.2312,3.2327,59624.5,113192.0
2025-07-24T15:41:36.613378,SOL-USDT,189.15,189.19,96.723,34.265
2025-07-24T15:41:36.615007,ETH-USDT,3742.56,3742.65,7.313,7.293
2025-07-24T15:41:36.625373,BTC-USDT,118964.92,118964.93,17.239,0.3705
2025-07-24T15:41:37.636503,LTC-USDT,114.26,114.32,64.736,25.288
2025-07-24T15:41:37.660990,SOL-USDT,189.15,189.19,96.723,34.265
2025-07-24T15:41:37.673543,BTC-USDT,118964.92,118964.93,17.239,0.3705
2025-07-24T15:41:38.693754,XRP-USDT,3.2329,3.2344,54149.7,24896.5
2025-07-24T15:41:38.703396,SOL-USDT,189.15,189.19,96.723,34.265
2025-07-24T15:41:38.716381,BTC-USDT,118979.7,118979.71,24.3872,0.6498
2025-07-24T15:41:39.753647,ETH-USDT,3742.84,3742.93,5.973,7.495
2025-07-24T15:41:40.774902,LTC-USDT,114.29,114.34,66.205,12.298
2025-07-24T15:41:40.796794,SOL-USDT,189.15,189.2,96.723,111.035
2025-07-24T15:41:40.797969,ETH-USDT,3742.84,3743.36,5.973,6.614
2025-07-24T15:41:40.808038,BTC-USDT,118979.7,118979.99,24.3872,0.0002
2025-07-24T15:41:41.818577,LTC-USDT,114.32,114.38,97.118,33.643
2025-07-24T15:41:41.841764,SOL-USDT,189.19,189.23,104.884,65.148
2025-07-24T15:41:41.847976,ETH-USDT,3743.06,3743.15,5.202,0.075
2025-07-24T15:41:41.860412,BTC-USDT,118979.99,118980.0,37.5206,0.0423
2025-07-24T15:41:42.869207,LTC-USDT,114.28,114.35,25.604,103.72
2025-07-24T15:41:42.882325,XRP-USDT,3.2341,3.2356,37.4,4802.3
2025-07-24T15:41:42.891598,SOL-USDT,189.17,189.2,124.786,98.043
2025-07-24T15:41:42.894756,ETH-USDT,3743.24,3743.33,5.844,5.423
2025-07-24T15:41:42.903958,BTC-USDT,119003.58,119003.59,0.0033,20.3651
2025-07-24T15:41:43.925691,XRP-USDT,3.2332,3.2347,126438.0,167823.2
2025-07-24T15:41:44.978121,SOL-USDT,189.2,189.23,100.562,65.148
2025-07-24T15:41:44.979413,ETH-USDT,3743.59,3743.68,7.246,0.52
2025-07-24T15:41:44.990831,BTC-USDT,119003.58,119003.59,0.0033,20.3651
2025-07-24T15:41:46.027195,SOL-USDT,189.23,189.28,120.417,50.61
2025-07-24T15:41:46.028926,ETH-USDT,3744.31,3744.4,7.343,6.115
2025-07-24T15:41:47.070205,SOL-USDT,189.29,189.33,91.189,34.906
2025-07-24T15:41:47.071951,ETH-USDT,3743.81,3743.9,0.015,6.576
2025-07-24T15:41:47.081581,BTC-USDT,119021.67,119021.68,6.1138,7.9845
2025-07-24T15:41:48.090389,LTC-USDT,114.33,114.38,36.665,33.643
2025-07-24T15:41:48.102406,XRP-USDT,3.2341,3.2356,9912.2,4802.3
2025-07-24T15:41:48.113039,SOL-USDT,189.29,189.33,91.189,34.906
2025-07-24T15:41:48.114450,ETH-USDT,3743.44,3743.53,0.05,5.429
2025-07-24T15:41:49.136105,LTC-USDT,114.28,114.35,25.604,53.871
2025-07-24T15:41:49.157365,SOL-USDT,189.26,189.33,105.072,34.906
2025-07-24T15:41:49.170239,BTC-USDT,119014.0,119014.01,0.1107,22.5359
2025-07-24T15:41:50.202553,LTC-USDT,114.31,114.38,53.844,33.643
2025-07-24T15:41:50.211276,XRP-USDT,3.2336,3.2351,23323.7,434.7
2025-07-24T15:41:50.225468,SOL-USDT,189.26,189.33,105.072,34.906
2025-07-24T15:41:50.225533,ETH-USDT,3743.89,3743.98,6.486,5.769
2025-07-24T15:41:51.250734,LTC-USDT,114.34,114.39,72.022,17.296
2025-07-24T15:41:51.272690,ETH-USDT,3743.89,3743.98,6.486,5.769
2025-07-24T15:41:51.283123,BTC-USDT,119014.0,119014.01,0.1107,22.5359
2025-07-24T15:41:52.292677,LTC-USDT,114.34,114.39,72.022,17.296
2025-07-24T15:41:52.307332,XRP-USDT,3.233,3.2345,53659.8,115710.9
2025-07-24T15:41:52.327781,BTC-USDT,119014.0,119014.01,0.1107,1.9268
2025-07-24T15:41:53.337596,LTC-USDT,114.34,114.39,72.022,17.296
2025-07-24T15:41:53.359422,SOL-USDT,189.26,189.3,105.072,120.196
2025-07-24T15:41:53.361105,ETH-USDT,3743.44,3743.53,0.05,5.674
2025-07-24T15:41:54.404269,XRP-USDT,3.2328,3.2343,77742.1,131619.8
2025-07-24T15:41:54.409858,SOL-USDT,189.26,189.33,105.072,123.618
2025-07-24T15:41:54.411250,ETH-USDT,3743.16,3743.25,3.999,6.868
2025-07-24T15:41:55.459972,ETH-USDT,3743.16,3743.34,3.999,5.614
2025-07-24T15:41:55.470067,BTC-USDT,119014.0,119014.01,0.1107,1.9268
2025-07-24T15:41:56.479661,LTC-USDT,114.31,114.39,21.455,17.296
2025-07-24T15:41:56.492861,XRP-USDT,3.2321,3.2336,87170.7,35732.3
2025-07-24T15:41:56.501944,SOL-USDT,189.24,189.28,106.876,96.501
2025-07-24T15:41:56.503594,ETH-USDT,3743.25,3743.34,7.237,5.614
2025-07-24T15:41:56.514520,BTC-USDT,119014.0,119014.01,0.1107,1.9268
2025-07-24T15:41:57.525382,LTC-USDT,114.31,114.39,21.455,17.296
2025-07-24T15:41:57.550208,SOL-USDT,189.28,189.31,107.42,45.799
2025-07-24T15:41:58.575324,LTC-USDT,114.26,114.32,64.736,99.564
2025-07-24T15:41:58.588422,XRP-USDT,3.2317,3.2332,131244.7,65002.1
2025-07-24T15:41:58.598561,SOL-USDT,189.23,189.27,120.417,89.213
2025-07-24T15:41:58.600083,ETH-USDT,3742.21,3742.93,0.922,6.271
2025-07-24T15:41:59.622242,LTC-USDT,114.26,114.32,64.736,99.564
2025-07-24T15:41:59.635639,XRP-USDT,3.2311,3.2326,1983.3,42510.5
2025-07-24T15:41:59.644746,SOL-USDT,189.2,189.23,92.096,124.465
2025-07-24T15:41:59.646214,ETH-USDT,3742.21,3742.3,0.922,6.107
2025-07-24T15:41:59.657972,BTC-USDT,119014.0,119014.01,0.1107,1.9268
2025-07-24T15:42:00.686504,SOL-USDT,189.2,189.24,92.096,119.57
2025-07-24T15:42:00.698847,BTC-USDT,119014.0,119014.01,0.1107,1.9268
2025-07-24T15:42:01.707765,LTC-USDT,114.19,114.28,16.848,62.243
2025-07-24T15:42:01.731785,SOL-USDT,189.12,189.17,86.601,84.974
2025-07-24T15:42:01.733567,ETH-USDT,3741.83,3741.92,1.371,6.897
2025-07-24T15:42:02.754849,LTC-USDT,114.22,114.28,93.664,62.243
2025-07-24T15:42:02.767437,XRP-USDT,3.2301,3.2316,31337.3,92151.8
2025-07-24T15:42:02.778577,SOL-USDT,189.17,189.22,99.173,94.815
2025-07-24T15:42:02.780329,ETH-USDT,3742.39,3742.48,0.074,5.39
2025-07-24T15:42:02.790741,BTC-USDT,118991.79,118991.8,10.1382,3.5881
2025-07-24T15:42:03.800053,LTC-USDT,114.19,114.28,16.848,62.243
2025-07-24T15:42:03.812434,XRP-USDT,3.2312,3.2327,33231.6,124516.1
2025-07-24T15:42:03.820973,SOL-USDT,189.09,189.13,96.424,123.135
2025-07-24T15:42:03.822476,ETH-USDT,3742.1,3742.19,4.474,5.594
2025-07-24T15:42:04.842790,LTC-USDT,114.19,114.25,16.848,71.152
2025-07-24T15:42:04.864812,SOL-USDT,189.04,189.07,101.208,105.442
2025-07-24T15:42:04.866274,ETH-USDT,3741.74,3741.99,5.373,5.204
2025-07-24T15:42:04.885358,BTC-USDT,118991.79,118991.8,10.1382,3.5881
2025-07-24T15:42:05.887319,LTC-USDT,114.14,114.22,90.328,79.814
2025-07-24T15:42:05.910830,SOL-USDT,188.94,188.97,103.776,86.965
2025-07-24T15:42:05.910898,ETH-USDT,3739.68,3739.77,0.929,6.505
2025-07-24T15:42:05.921191,BTC-USDT,118991.79,118991.8,10.1382,3.5881
2025-07-24T15:42:06.933285,LTC-USDT,114.11,114.18,36.438,55.906
2025-07-24T15:42:06.947001,XRP-USDT,3.2289,3.2304,62618.9,117630.8
2025-07-24T15:42:06.955846,SOL-USDT,188.9,188.93,100.859,124.346
2025-07-24T15:42:06.956992,ETH-USDT,3740.04,3740.13,7.214,0.261
2025-07-24T15:42:06.967504,BTC-USDT,118981.26,118981.27,1.4513,25.7595
2025-07-24T15:42:07.989726,XRP-USDT,3.2302,3.2317,113095.3,51015.3
2025-07-24T15:42:07.998823,SOL-USDT,188.97,189.01,105.048,100.776
2025-07-24T15:42:08.000303,ETH-USDT,3740.25,3740.34,5.972,4.082
2025-07-24T15:42:09.041903,SOL-USDT,188.97,189.01,105.048,100.776
2025-07-24T15:42:09.043264,ETH-USDT,3739.42,3739.89,2.91,6.687
2025-07-24T15:42:09.054061,BTC-USDT,118981.26,118981.27,1.4513,25.7595
2025-07-24T15:42:10.075952,XRP-USDT,3.23,3.2315,140596.0,10074.0
2025-07-24T15:42:10.085469,SOL-USDT,188.95,189.01,117.073,100.776
2025-07-24T15:42:10.087014,ETH-USDT,3739.25,3739.34,2.241,6.961
2025-07-24T15:42:11.133281,ETH-USDT,3739.14,3739.25,6.789,5.571
2025-07-24T15:42:11.144698,BTC-USDT,118973.04,118973.05,0.0564,30.2092
2025-07-24T15:42:12.167786,XRP-USDT,3.2299,3.2314,20196.3,16.6
2025-07-24T15:42:12.177639,SOL-USDT,188.98,189.01,84.886,100.776
2025-07-24T15:42:12.181957,ETH-USDT,3739.09,3739.18,0.247,7.702
2025-07-24T15:42:13.219887,SOL-USDT,188.98,189.02,84.886,121.973
2025-07-24T15:42:13.221243,ETH-USDT,3738.33,3738.43,6.067,6.709
2025-07-24T15:42:13.232330,BTC-USDT,118973.04,118973.05,0.0564,30.2092
2025-07-24T15:42:14.255396,XRP-USDT,3.2302,3.2317,92604.2,51015.3
2025-07-24T15:42:14.264367,SOL-USDT,188.98,189.02,84.886,121.973
2025-07-24T15:42:14.265870,ETH-USDT,3737.93,3738.02,6.835,6.894
2025-07-24T15:42:15.313008,ETH-USDT,3738.15,3738.24,6.683,5.659
2025-07-24T15:42:15.323248,BTC-USDT,118944.76,118944.77,2.772,9.8926
2025-07-24T15:42:16.348491,XRP-USDT,3.2301,3.2316,78642.2,23219.6
2025-07-24T15:42:16.358216,SOL-USDT,189.0,189.09,91.867,120.504
2025-07-24T15:42:16.359747,ETH-USDT,3738.28,3738.37,5.245,6.184
2025-07-24T15:42:16.370555,BTC-USDT,118944.76,118944.77,2.772,9.8926
2025-07-24T15:42:17.392066,XRP-USDT,3.2301,3.2317,78642.2,51015.3
2025-07-24T15:42:17.400848,SOL-USDT,189.03,189.06,101.953,93.874
2025-07-24T15:42:17.402015,ETH-USDT,3738.65,3738.74,7.041,5.313
2025-07-24T15:42:18.432921,XRP-USDT,3.2306,3.2321,14158.0,52420.2
2025-07-24T15:42:18.442838,SOL-USDT,189.03,189.08,101.953,95.487
2025-07-24T15:42:19.465133,LTC-USDT,114.16,114.22,11.936,26.399
2025-07-24T15:42:19.489845,SOL-USDT,189.09,189.12,97.07,108.982
2025-07-24T15:42:19.492524,ETH-USDT,3739.38,3739.47,0.003,5.84
2025-07-24T15:42:19.504263,BTC-USDT,118944.76,118944.77,2.772,9.8926
2025-07-24T15:42:20.513212,LTC-USDT,114.14,114.19,14.022,89.185
2025-07-24T15:42:20.526196,XRP-USDT,3.2315,3.233,61383.9,28919.4
2025-07-24T15:42:20.536334,SOL-USDT,189.03,189.07,85.79,98.633
2025-07-24T15:42:20.537905,ETH-USDT,3738.64,3738.73,0.6,6.253
2025-07-24T15:42:20.549178,BTC-USDT,118944.76,118944.77,2.772,9.8926
2025-07-24T15:42:21.558350,LTC-USDT,114.13,114.19,15.353,89.185
2025-07-24T15:42:21.583325,SOL-USDT,189.03,189.07,85.79,98.633
2025-07-24T15:42:21.584638,ETH-USDT,3738.5,3738.59,0.643,7.433
2025-07-24T15:42:22.607248,LTC-USDT,114.08,114.13,29.526,68.441
2025-07-24T15:42:22.631488,XRP-USDT,3.2296,3.2311,6477.1,112551.4
2025-07-24T15:42:22.634921,SOL-USDT,189.02,189.07,97.354,98.633
2025-07-24T15:42:23.681259,SOL-USDT,189.0,189.04,124.058,112.396
2025-07-24T15:42:23.682234,ETH-USDT,3738.04,3738.13,4.759,7.596
2025-07-24T15:42:23.694476,BTC-USDT,118938.63,118938.64,1.1928,32.9214
2025-07-24T15:42:24.715484,XRP-USDT,3.2293,3.2308,50688.6,16.6
2025-07-24T15:42:24.726671,SOL-USDT,188.98,189.04,96.153,112.396
2025-07-24T15:42:24.739019,BTC-USDT,118929.01,118938.64,0.3353,32.9214
2025-07-24T15:42:25.752220,LTC-USDT,114.03,114.1,89.657,58.921
2025-07-24T15:42:25.772411,SOL-USDT,188.95,189.0,96.282,111.569
2025-07-24T15:42:25.774682,ETH-USDT,3737.25,3737.34,1.591,7.295
2025-07-24T15:42:25.785865,BTC-USDT,118929.01,118929.02,0.3353,32.9094
2025-07-24T15:42:26.796381,LTC-USDT,114.0,114.07,25.647,53.654
2025-07-24T15:42:26.810934,XRP-USDT,3.2276,3.2291,9216.0,166150.9
2025-07-24T15:42:26.822571,SOL-USDT,188.93,188.97,125.182,97.095
2025-07-24T15:42:26.824627,ETH-USDT,3736.84,3736.94,0.617,7.671
2025-07-24T15:42:26.836113,BTC-USDT,118916.15,118916.16,0.1422,29.4785
2025-07-24T15:42:27.844629,LTC-USDT,113.99,114.04,20.137,95.763
2025-07-24T15:42:27.858822,XRP-USDT,3.2271,3.2286,38337.5,115655.3
2025-07-24T15:42:27.869195,SOL-USDT,188.93,188.97,125.182,97.095
2025-07-24T15:42:27.869823,ETH-USDT,3736.4,3736.91,6.703,6.234
2025-07-24T15:42:28.889940,LTC-USDT,113.99,114.04,20.137,95.763
2025-07-24T15:42:28.913149,SOL-USDT,188.92,188.97,110.191,97.095
2025-07-24T15:42:28.914461,ETH-USDT,3736.56,3736.65,0.057,7.131
2025-07-24T15:42:28.924777,BTC-USDT,118907.81,118916.16,0.0371,29.4785
2025-07-24T15:42:29.934565,LTC-USDT,113.99,114.05,20.137,25.491
2025-07-24T15:42:29.958760,ETH-USDT,3736.95,3737.04,6.426,7.601
2025-07-24T15:42:30.978506,LTC-USDT,113.99,114.05,20.137,25.491
2025-07-24T15:42:30.991321,XRP-USDT,3.2269,3.2284,18597.2,89202.9
2025-07-24T15:42:31.001577,SOL-USDT,188.9,188.93,100.859,101.366
2025-07-24T15:42:31.003083,ETH-USDT,3736.2,3736.29,6.841,7.69
2025-07-24T15:42:31.014751,BTC-USDT,118907.81,118907.82,0.0371,33.7963
2025-07-24T15:42:32.143323,LTC-USDT,113.95,114.02,13.267,71.581
2025-07-24T15:42:32.158015,XRP-USDT,3.2248,3.2263,23621.0,122799.0
2025-07-24T15:42:32.166734,SOL-USDT,188.86,188.9,110.618,90.755
2025-07-24T15:42:32.168895,ETH-USDT,3734.82,3734.91,6.785,5.279
2025-07-24T15:42:33.193542,LTC-USDT,113.93,114.0,84.657,9.161
2025-07-24T15:42:33.217586,SOL-USDT,188.85,188.88,117.774,118.4
2025-07-24T15:42:33.219121,ETH-USDT,3734.82,3734.91,6.785,5.279
2025-07-24T15:42:33.229678,BTC-USDT,118885.65,118885.66,0.1259,33.1527
2025-07-24T15:42:34.238933,LTC-USDT,113.96,114.02,80.437,71.581
2025-07-24T15:42:34.251760,XRP-USDT,3.225,3.2265,11973.0,117356.2
2025-07-24T15:42:35.283496,LTC-USDT,113.96,114.02,80.437,71.581
2025-07-24T15:42:35.317752,BTC-USDT,118885.65,118885.66,0.1259,33.1527
2025-07-24T15:42:36.396773,LTC-USDT,113.95,114.02,16.295,71.581
2025-07-24T15:42:36.413263,XRP-USDT,3.2243,3.2258,20268.6,4409.6
2025-07-24T15:42:36.426698,ETH-USDT,3734.39,3734.48,0.298,6.07
2025-07-24T15:42:37.466719,SOL-USDT,188.89,188.93,120.982,92.287
2025-07-24T15:42:37.468113,ETH-USDT,3734.6,3735.04,5.438,6.959
2025-07-24T15:42:37.478385,BTC-USDT,118885.65,118885.66,0.1259,33.1527
2025-07-24T15:42:38.501526,XRP-USDT,3.2254,3.2269,78361.4,22197.5
2025-07-24T15:42:38.510518,SOL-USDT,188.92,188.97,85.104,97.095
2025-07-24T15:42:38.511751,ETH-USDT,3734.95,3735.04,0.014,6.959
2025-07-24T15:42:39.532362,LTC-USDT,113.99,114.07,84.884,53.654
2025-07-24T15:42:39.555205,SOL-USDT,188.94,189.01,53.837,99.633
2025-07-24T15:42:39.556754,ETH-USDT,3735.32,3735.41,5.946,3.732
2025-07-24T15:42:39.567661,BTC-USDT,118885.65,118885.66,0.1259,33.1527
2025-07-24T15:42:40.592865,LTC-USDT,113.98,114.03,28.232,62.408
2025-07-24T15:42:40.600710,XRP-USDT,3.2263,3.2278,10405.2,1676.8
2025-07-24T15:42:40.612542,SOL-USDT,188.94,189.01,53.837,99.633
2025-07-24T15:42:40.615972,ETH-USDT,3734.95,3735.41,0.014,3.732
2025-07-24T15:42:40.630123,BTC-USDT,118885.65,118885.66,0.1259,33.1527
2025-07-24T15:42:41.638366,LTC-USDT,113.93,113.99,84.657,38.086
2025-07-24T15:42:41.650547,XRP-USDT,3.2259,3.2274,44018.1,3718.0
2025-07-24T15:42:41.660552,SOL-USDT,188.93,188.96,77.229,114.347
2025-07-24T15:42:42.683127,LTC-USDT,113.98,114.03,65.276,62.408
2025-07-24T15:42:42.704251,SOL-USDT,188.89,188.93,99.223,102.321
2025-07-24T15:42:42.705479,ETH-USDT,3734.64,3734.73,6.361,6.562
2025-07-24T15:42:42.717149,BTC-USDT,118885.65,118885.66,0.1259,33.1527
2025-07-24T15:42:43.736970,LTC-USDT,113.97,114.03,18.574,62.408
2025-07-24T15:42:43.754174,SOL-USDT,188.89,188.93,99.223,102.321
2025-07-24T15:42:43.755910,ETH-USDT,3734.59,3734.68,7.393,7.313
2025-07-24T15:42:44.794858,XRP-USDT,3.2253,3.2268,76343.3,115397.9
2025-07-24T15:42:44.820343,BTC-USDT,118885.65,118885.66,0.1259,33.1527
2025-07-24T15:42:45.827412,LTC-USDT,113.96,114.03,15.887,62.408
2025-07-24T15:42:45.840371,XRP-USDT,3.225,3.2265,10552.8,183345.8
2025-07-24T15:42:45.852172,SOL-USDT,188.84,188.87,88.253,90.007
2025-07-24T15:42:45.852518,ETH-USDT,3734.25,3734.34,6.139,7.144
2025-07-24T15:42:46.907109,BTC-USDT,118869.17,118869.18,15.8877,18.8925
2025-07-24T15:42:47.937253,SOL-USDT,188.84,188.9,88.253,118.826
2025-07-24T15:42:47.949958,BTC-USDT,118869.17,118869.18,15.8877,18.8925
2025-07-24T15:42:48.979100,XRP-USDT,3.2255,3.227,59611.2,109624.8
2025-07-24T15:42:48.991353,ETH-USDT,3734.95,3735.04,7.107,0.259
2025-07-24T15:42:49.006876,BTC-USDT,118869.17,118869.18,15.8877,18.8925
2025-07-24T15:42:50.012972,LTC-USDT,114.01,114.06,84.254,21.968
2025-07-24T15:42:50.028118,XRP-USDT,3.2279,3.2294,25611.6,6426.2
