timestamp,symbol,bid,ask,bid_vol,ask_vol
2025-07-24T06:13:26.467432,BTC-USDT,117688.96,117688.97,14.7272,7.9315
2025-07-24T06:13:26.467623,ETH-USDT,3560.29,3560.38,4.711,6.207
2025-07-24T06:13:26.467669,SOL-USDT,183.12,183.15,124.543,106.815
2025-07-24T06:13:26.467699,XRP-USDT,3.0713,3.0728,41695.2,61042.8
2025-07-24T06:13:26.467731,LTC-USDT,109.34,109.38,82.938,31.914
2025-07-24T06:13:26.723443,XRP-USDT,3.0713,3.0728,41695.2,61042.8
2025-07-24T06:13:26.733540,SOL-USDT,183.12,183.15,124.543,106.815
2025-07-24T06:13:26.735218,ETH-USDT,3560.12,3560.21,7.991,5.923
2025-07-24T06:13:26.746170,BTC-USDT,117688.96,117688.97,14.7272,7.9315
2025-07-24T06:13:27.757756,LTC-USDT,109.32,109.35,25.403,84.4
2025-07-24T06:13:27.767569,XRP-USDT,3.0705,3.072,136397.0,51168.5
2025-07-24T06:13:27.776510,SOL-USDT,183.1,183.15,110.475,106.815
2025-07-24T06:13:27.778243,ETH-USDT,3559.86,3559.95,0.081,7.481
2025-07-24T06:13:28.799455,LTC-USDT,109.3,109.35,25.25,84.4
2025-07-24T06:13:28.820717,SOL-USDT,183.1,183.15,110.475,106.815
2025-07-24T06:13:28.822444,ETH-USDT,3559.86,3559.95,0.081,7.481
2025-07-24T06:13:28.834648,BTC-USDT,117688.96,117688.97,14.7272,7.9315
2025-07-24T06:13:29.868426,ETH-USDT,3559.79,3559.88,0.025,7.924
2025-07-24T06:13:30.893962,LTC-USDT,109.29,109.32,19.698,61.668
2025-07-24T06:13:30.908433,XRP-USDT,3.0695,3.071,103270.6,29727.4
2025-07-24T06:13:30.919116,SOL-USDT,183.07,183.12,102.045,103.77
2025-07-24T06:13:30.920980,ETH-USDT,3558.4,3558.49,3.398,7.725
2025-07-24T06:13:30.936394,BTC-USDT,117688.96,117688.97,14.7272,7.9315
2025-07-24T06:13:31.942590,LTC-USDT,109.26,109.32,54.445,61.668
2025-07-24T06:13:31.957895,XRP-USDT,3.0686,3.0701,14841.8,64587.1
2025-07-24T06:13:31.969306,ETH-USDT,3558.4,3558.49,3.398,7.725
2025-07-24T06:13:33.028709,BTC-USDT,117676.5,117676.51,0.3081,21.2824
2025-07-24T06:13:34.038327,LTC-USDT,109.29,109.33,65.379,33.846
2025-07-24T06:13:34.075825,BTC-USDT,117676.5,117676.51,0.3081,21.2824
2025-07-24T06:13:35.086202,LTC-USDT,109.28,109.33,20.223,33.846
2025-07-24T06:13:35.103338,XRP-USDT,3.0692,3.0707,119162.7,6742.7
2025-07-24T06:13:35.111469,SOL-USDT,183.11,183.15,87.652,106.815
2025-07-24T06:13:35.113924,ETH-USDT,3556.7,3556.79,7.881,8.075
2025-07-24T06:13:35.123526,BTC-USDT,117676.5,117676.51,0.3081,21.2824
2025-07-24T06:13:36.132404,LTC-USDT,109.26,109.3,54.445,62.724
2025-07-24T06:13:36.145944,XRP-USDT,3.0675,3.069,29179.1,48138.0
2025-07-24T06:13:36.155094,SOL-USDT,183.07,183.15,102.045,106.815
2025-07-24T06:13:36.159449,ETH-USDT,3556.7,3556.79,7.881,8.075
2025-07-24T06:13:37.204983,SOL-USDT,183.07,183.12,102.045,87.475
2025-07-24T06:13:37.206603,ETH-USDT,3556.07,3556.55,0.792,7.075
2025-07-24T06:13:37.219608,BTC-USDT,117654.42,117654.43,6.3114,20.4016
2025-07-24T06:13:38.230251,LTC-USDT,109.23,109.3,12.357,19.925
2025-07-24T06:13:38.243518,XRP-USDT,3.0667,3.0682,11083.9,54503.8
2025-07-24T06:13:38.252463,SOL-USDT,183.01,183.04,98.255,110.097
2025-07-24T06:13:38.254102,ETH-USDT,3556.31,3556.4,6.3,5.965
2025-07-24T06:13:38.264975,BTC-USDT,117654.42,117654.43,6.3114,20.4016
2025-07-24T06:13:39.316641,LTC-USDT,109.23,109.3,12.357,19.925
2025-07-24T06:13:39.344180,ETH-USDT,3556.31,3556.4,6.3,5.965
2025-07-24T06:13:39.352025,BTC-USDT,117628.55,117628.56,5.0455,19.5147
2025-07-24T06:13:40.362514,LTC-USDT,109.26,109.31,50.084,21.085
2025-07-24T06:13:40.376223,XRP-USDT,3.0687,3.0702,79863.7,53691.7
2025-07-24T06:13:40.386715,SOL-USDT,183.07,183.1,111.114,113.302
2025-07-24T06:13:40.388146,ETH-USDT,3556.8,3557.06,5.593,0.076
2025-07-24T06:13:41.411848,LTC-USDT,109.3,109.35,101.921,29.677
2025-07-24T06:13:41.423777,XRP-USDT,3.0695,3.071,101968.9,29727.4
2025-07-24T06:13:41.433146,SOL-USDT,183.07,183.12,111.114,87.475
2025-07-24T06:13:41.434461,ETH-USDT,3557.32,3557.55,7.419,5.239
2025-07-24T06:13:41.448209,BTC-USDT,117628.55,117628.56,5.0455,19.5147
2025-07-24T06:13:42.457624,LTC-USDT,109.34,109.4,64.495,47.85
2025-07-24T06:13:42.479860,SOL-USDT,183.13,183.16,106.339,110.761
2025-07-24T06:13:42.481749,ETH-USDT,3558.32,3558.41,5.504,0.638
2025-07-24T06:13:42.493019,BTC-USDT,117628.55,117628.56,5.0455,19.5147
2025-07-24T06:13:43.503627,LTC-USDT,109.37,109.4,84.04,47.85
2025-07-24T06:13:43.526334,SOL-USDT,183.13,183.18,106.339,119.31
2025-07-24T06:13:43.527776,ETH-USDT,3558.32,3558.41,5.504,0.638
2025-07-24T06:13:43.539587,BTC-USDT,117628.55,117628.56,5.0455,19.5147
2025-07-24T06:13:44.548717,LTC-USDT,109.4,109.45,67.297,22.932
2025-07-24T06:13:44.563053,XRP-USDT,3.0714,3.0729,30.2,17291.8
2025-07-24T06:13:44.573822,SOL-USDT,183.16,183.19,108.346,115.618
2025-07-24T06:13:44.575458,ETH-USDT,3559.38,3559.47,7.045,0.167
2025-07-24T06:13:45.598695,LTC-USDT,109.49,109.52,38.968,98.239
2025-07-24T06:13:45.618245,XRP-USDT,3.0731,3.0746,48452.6,49168.1
2025-07-24T06:13:45.630840,SOL-USDT,183.26,183.29,125.296,104.548
2025-07-24T06:13:45.632296,ETH-USDT,3559.38,3559.88,7.045,7.924
2025-07-24T06:13:45.645319,BTC-USDT,117646.36,117646.37,17.8658,0.0042
2025-07-24T06:13:46.656131,LTC-USDT,109.48,109.51,17.129,61.242
2025-07-24T06:13:46.678446,XRP-USDT,3.0731,3.0746,48452.6,49168.1
2025-07-24T06:13:46.680496,SOL-USDT,183.26,183.31,125.296,94.545
2025-07-24T06:13:46.681349,ETH-USDT,3560.09,3560.18,8.074,6.715
2025-07-24T06:13:46.694419,BTC-USDT,117500.0,117651.2,0.0029,0.0001
2025-07-24T06:13:47.700654,LTC-USDT,109.48,109.54,17.129,115.092
2025-07-24T06:13:47.725771,ETH-USDT,3560.09,3560.18,8.074,6.715
2025-07-24T06:13:47.735787,BTC-USDT,117666.13,117666.14,19.4187,3.1645
2025-07-24T06:13:48.744251,LTC-USDT,109.48,109.52,17.129,50.621
2025-07-24T06:13:48.777894,BTC-USDT,117666.13,117666.14,19.4187,3.1645
2025-07-24T06:13:49.790960,LTC-USDT,109.51,109.55,75.756,22.568
2025-07-24T06:13:49.807159,XRP-USDT,3.074,3.0755,53110.2,34064.2
2025-07-24T06:13:49.820816,ETH-USDT,3560.26,3560.35,7.146,3.414
2025-07-24T06:13:50.841831,LTC-USDT,109.51,109.57,75.756,18.856
2025-07-24T06:13:50.884371,BTC-USDT,117666.13,117666.14,19.4187,3.1645
2025-07-24T06:13:51.891185,LTC-USDT,109.48,109.54,17.129,78.452
2025-07-24T06:13:51.911361,XRP-USDT,3.0738,3.0753,5470.4,170080.0
2025-07-24T06:13:51.922912,ETH-USDT,3559.84,3559.93,7.626,5.815
2025-07-24T06:13:52.943555,LTC-USDT,109.47,109.5,25.022,56.985
2025-07-24T06:13:52.982061,BTC-USDT,117666.13,117666.14,19.4187,3.1645
2025-07-24T06:13:54.017309,XRP-USDT,3.0723,3.0738,12486.2,50434.3
2025-07-24T06:13:54.020986,ETH-USDT,3559.72,3559.93,5.481,5.815
2025-07-24T06:13:55.045199,LTC-USDT,109.45,109.5,53.362,56.985
2025-07-24T06:13:55.067591,SOL-USDT,183.25,183.28,91.74,111.042
2025-07-24T06:13:55.081896,BTC-USDT,117666.13,117666.14,19.4187,3.1645
2025-07-24T06:13:56.107214,XRP-USDT,3.072,3.0735,202624.2,38876.2
2025-07-24T06:13:56.116323,SOL-USDT,183.25,183.31,128.566,94.545
2025-07-24T06:13:57.137904,LTC-USDT,109.48,109.51,45.062,17.021
2025-07-24T06:13:57.160711,SOL-USDT,183.39,183.43,130.006,64.116
2025-07-24T06:13:57.161366,ETH-USDT,3560.01,3560.1,7.305,4.926
2025-07-24T06:13:57.173245,BTC-USDT,117666.13,117666.14,19.4187,3.1645
2025-07-24T06:13:58.218184,LTC-USDT,109.43,109.47,17.342,36.102
2025-07-24T06:13:58.218214,XRP-USDT,3.0697,3.0712,12901.2,166706.8
2025-07-24T06:13:58.238002,SOL-USDT,183.18,183.33,90.664,92.205
2025-07-24T06:13:58.238046,ETH-USDT,3559.93,3560.02,5.675,0.005
2025-07-24T06:13:59.233031,LTC-USDT,109.45,109.49,18.964,89.034
2025-07-24T06:13:59.260578,XRP-USDT,3.0697,3.0712,12901.2,166706.8
2025-07-24T06:13:59.273202,SOL-USDT,183.25,183.29,94.678,126.772
2025-07-24T06:13:59.286954,ETH-USDT,3560.27,3560.38,7.54,6.207
2025-07-24T06:13:59.296860,BTC-USDT,117666.13,117666.14,19.4187,3.1645
2025-07-24T06:14:00.288578,LTC-USDT,109.45,109.49,18.964,89.034
2025-07-24T06:14:00.294854,XRP-USDT,3.0694,3.0709,16184.1,97.8
2025-07-24T06:14:00.314447,SOL-USDT,183.25,183.29,94.678,126.772
2025-07-24T06:14:00.314490,ETH-USDT,3560.61,3560.7,6.08,6.395
2025-07-24T06:14:01.326500,LTC-USDT,109.45,109.51,36.236,17.021
2025-07-24T06:14:01.351631,SOL-USDT,183.33,183.36,97.541,107.285
2025-07-24T06:14:01.351672,ETH-USDT,3561.14,3561.24,5.462,6.604
2025-07-24T06:14:01.359475,BTC-USDT,117666.13,117666.14,19.4187,3.1645
2025-07-24T06:14:02.522356,LTC-USDT,109.51,109.54,58.071,78.452
2025-07-24T06:14:02.537816,XRP-USDT,3.0702,3.0717,66775.3,24355.1
2025-07-24T06:14:02.568104,SOL-USDT,183.36,183.39,118.501,108.35
2025-07-24T06:14:02.568138,ETH-USDT,3561.14,3561.24,5.462,6.604
2025-07-24T06:14:02.585918,BTC-USDT,117669.88,117669.89,23.2654,0.07
2025-07-24T06:14:03.574564,LTC-USDT,109.51,109.54,58.071,78.452
2025-07-24T06:14:03.599775,SOL-USDT,183.36,183.4,118.501,106.521
2025-07-24T06:14:03.602713,ETH-USDT,3561.45,3561.54,7.506,0.123
2025-07-24T06:14:03.614613,BTC-USDT,117669.88,117669.89,23.2654,0.07
2025-07-24T06:14:04.625625,LTC-USDT,109.54,109.57,32.881,18.856
2025-07-24T06:14:04.642240,XRP-USDT,3.0715,3.073,4114.2,31350.9
2025-07-24T06:14:04.664715,SOL-USDT,183.39,183.42,112.891,93.801
2025-07-24T06:14:04.664738,ETH-USDT,3561.63,3561.72,7.605,6.165
2025-07-24T06:14:05.669275,LTC-USDT,109.51,109.56,16.234,60.947
2025-07-24T06:14:05.689287,SOL-USDT,183.44,183.47,129.75,124.289
2025-07-24T06:14:05.692538,ETH-USDT,3561.43,3561.52,0.682,7.808
2025-07-24T06:14:05.711622,BTC-USDT,117679.99,117680.0,19.2368,0.0375
2025-07-24T06:14:06.744578,LTC-USDT,109.55,109.59,66.619,25.541
2025-07-24T06:14:06.749380,XRP-USDT,3.0712,3.0729,51861.7,88286.6
2025-07-24T06:14:06.763312,ETH-USDT,3563.39,3563.48,7.347,6.635
2025-07-24T06:14:06.763573,BTC-USDT,117688.91,117688.92,9.5287,2.0575
2025-07-24T06:14:07.809431,LTC-USDT,109.54,109.57,14.933,55.765
2025-07-24T06:14:07.809468,SOL-USDT,183.44,183.47,129.75,124.289
2025-07-24T06:14:07.824174,BTC-USDT,117688.91,117688.92,9.5287,2.0575
2025-07-24T06:14:08.817967,XRP-USDT,3.0727,3.0742,25145.6,49332.4
2025-07-24T06:14:08.835541,ETH-USDT,3563.39,3563.48,7.347,6.635
2025-07-24T06:14:08.852170,BTC-USDT,117688.91,117688.92,9.5287,2.0575
2025-07-24T06:14:09.837888,LTC-USDT,109.54,109.57,14.933,67.961
2025-07-24T06:14:09.850028,XRP-USDT,3.0733,3.0748,45.8,22569.0
2025-07-24T06:14:09.862601,SOL-USDT,183.44,183.48,129.75,113.375
2025-07-24T06:14:10.890471,LTC-USDT,109.54,109.59,14.933,25.541
2025-07-24T06:14:10.905309,SOL-USDT,183.47,183.51,128.211,52.31
2025-07-24T06:14:10.906609,ETH-USDT,3564.0,3564.09,6.471,6.001
2025-07-24T06:14:10.917376,BTC-USDT,117688.91,117688.92,9.5287,2.0575
2025-07-24T06:14:12.983292,XRP-USDT,3.0738,3.0753,118.6,97390.7
2025-07-24T06:14:12.993516,SOL-USDT,183.5,183.56,101.347,19.943
2025-07-24T06:14:12.994861,ETH-USDT,3564.64,3564.98,7.89,5.693
2025-07-24T06:14:13.007447,BTC-USDT,117688.91,117688.92,9.5287,2.0575
2025-07-24T06:14:14.031061,XRP-USDT,3.0746,3.0761,71332.6,39191.9
2025-07-24T06:14:14.043050,SOL-USDT,183.53,183.56,107.309,19.943
2025-07-24T06:14:14.043094,ETH-USDT,3565.17,3565.82,6.565,2.201
2025-07-24T06:14:15.093069,ETH-USDT,3565.35,3565.44,5.904,0.1
2025-07-24T06:14:15.105293,BTC-USDT,117688.91,117688.92,9.5287,2.0575
2025-07-24T06:14:16.245006,LTC-USDT,109.54,109.59,14.933,25.541
2025-07-24T06:14:16.260319,XRP-USDT,3.0735,3.075,77180.0,147480.3
2025-07-24T06:14:16.275779,SOL-USDT,183.5,183.53,93.989,92.743
2025-07-24T06:14:16.275845,ETH-USDT,3565.35,3565.44,5.904,0.1
2025-07-24T06:14:17.333693,BTC-USDT,117688.91,117688.92,9.5287,2.0575
2025-07-24T06:14:18.356124,LTC-USDT,109.57,109.61,67.95,8.183
2025-07-24T06:14:18.368847,XRP-USDT,3.0746,3.0761,75282.0,39191.9
2025-07-24T06:14:18.379913,BTC-USDT,117688.91,117688.92,9.5287,2.0575
2025-07-24T06:14:19.386346,LTC-USDT,109.6,109.63,70.64,23.957
2025-07-24T06:14:19.407941,SOL-USDT,183.55,183.59,113.419,57.71
2025-07-24T06:14:19.409619,ETH-USDT,3565.53,3565.62,6.199,1.999
2025-07-24T06:14:23.260005,LTC-USDT,109.57,109.6,67.95,59.57
2025-07-24T06:14:23.260042,XRP-USDT,3.0744,3.0759,35668.9,3268.2
2025-07-24T06:14:23.260078,SOL-USDT,183.47,183.51,128.211,119.674
2025-07-24T06:14:23.260109,ETH-USDT,3564.93,3565.02,7.904,0.532
2025-07-24T06:14:23.260144,LTC-USDT,109.59,109.65,43.739,49.722
2025-07-24T06:14:23.260178,SOL-USDT,183.49,183.52,116.103,101.146
2025-07-24T06:14:23.260211,ETH-USDT,3565.99,3566.08,7.79,8.01
2025-07-24T06:14:23.260241,BTC-USDT,117684.17,117684.18,0.5362,19.9697
2025-07-24T06:14:23.328895,LTC-USDT,109.59,109.65,43.739,49.722
2025-07-24T06:14:23.328934,XRP-USDT,3.0742,3.0757,59087.0,4533.9
2025-07-24T06:14:23.328969,SOL-USDT,183.47,183.51,122.022,87.801
2025-07-24T06:14:23.329002,ETH-USDT,3566.81,3566.92,6.901,2.461
2025-07-24T06:14:23.329034,BTC-USDT,117680.76,117680.77,0.0431,14.2131
2025-07-24T06:14:24.030383,LTC-USDT,109.63,109.66,64.148,10.44
2025-07-24T06:14:24.030407,XRP-USDT,3.0742,3.0758,59087.0,6002.4
2025-07-24T06:14:24.030429,SOL-USDT,183.51,183.56,95.735,88.634
2025-07-24T06:14:24.030452,ETH-USDT,3566.81,3566.92,6.901,2.461
2025-07-24T06:14:24.621545,LTC-USDT,109.66,109.69,62.891,28.03
2025-07-24T06:14:24.635600,XRP-USDT,3.078,3.0795,76643.4,47715.9
2025-07-24T06:14:24.645883,SOL-USDT,183.54,183.58,126.816,109.652
2025-07-24T06:14:24.648800,ETH-USDT,3567.79,3567.88,6.441,0.061
2025-07-24T06:14:25.669289,LTC-USDT,109.72,109.77,83.08,24.218
2025-07-24T06:14:25.693955,SOL-USDT,183.54,183.6,119.093,20.612
2025-07-24T06:14:25.698204,ETH-USDT,3568.25,3568.34,7.658,4.034
2025-07-24T06:14:25.708305,BTC-USDT,117688.9,117688.91,15.3446,2.596
2025-07-24T06:14:26.717973,LTC-USDT,109.72,109.77,83.08,24.218
2025-07-24T06:14:26.731249,XRP-USDT,3.0791,3.0806,128563.2,130364.0
2025-07-24T06:14:26.751572,BTC-USDT,117726.0,117726.01,17.9174,2.6608
2025-07-24T06:14:27.773290,XRP-USDT,3.0788,3.0803,17.2,28168.4
2025-07-24T06:14:27.782486,SOL-USDT,183.58,183.61,96.878,89.346
2025-07-24T06:14:27.794771,BTC-USDT,117726.0,117726.01,17.9174,2.6608
2025-07-24T06:14:28.825799,SOL-USDT,183.58,183.61,96.878,89.346
2025-07-24T06:14:28.838442,BTC-USDT,117737.55,117737.56,10.8855,1.5748
2025-07-24T06:14:30.912068,XRP-USDT,3.0783,3.0798,30583.3,75883.6
2025-07-24T06:14:30.927499,BTC-USDT,117737.55,117737.56,10.8855,1.5748
2025-07-24T06:14:31.936376,LTC-USDT,109.75,109.79,43.14,17.157
2025-07-24T06:14:31.953593,XRP-USDT,3.0791,3.0806,44.2,130364.0
2025-07-24T06:14:31.963824,SOL-USDT,183.65,183.69,114.261,15.268
2025-07-24T06:14:32.986375,LTC-USDT,109.79,109.84,58.864,21.422
2025-07-24T06:14:33.012325,SOL-USDT,183.65,183.7,120.325,32.495
2025-07-24T06:14:33.016356,ETH-USDT,3569.19,3569.62,5.688,0.473
2025-07-24T06:14:33.026175,BTC-USDT,117791.05,117792.17,0.44,0.0038
2025-07-24T06:14:34.036723,LTC-USDT,109.79,109.84,58.864,21.422
2025-07-24T06:14:34.059995,XRP-USDT,3.0809,3.0824,67847.5,46180.0
2025-07-24T06:14:34.068839,SOL-USDT,183.68,183.71,112.483,96.776
2025-07-24T06:14:34.068909,ETH-USDT,3569.75,3569.84,1.295,5.851
2025-07-24T06:14:35.092743,LTC-USDT,109.77,109.8,12.975,53.219
2025-07-24T06:14:35.114795,SOL-USDT,183.7,183.74,5.443,65.901
2025-07-24T06:14:35.117054,ETH-USDT,3570.5,3570.59,6.53,6.932
2025-07-24T06:14:35.131997,BTC-USDT,117795.02,117795.03,0.9091,0.0001
2025-07-24T06:14:36.139990,LTC-USDT,109.77,109.82,12.975,25.068
2025-07-24T06:14:36.155597,XRP-USDT,3.0817,3.0832,40564.7,320616.4
2025-07-24T06:14:36.168861,SOL-USDT,183.74,183.79,128.312,25.762
2025-07-24T06:14:36.182641,BTC-USDT,117795.02,117795.03,0.9091,0.0001
2025-07-24T06:14:37.191454,LTC-USDT,109.79,109.82,38.31,25.068
2025-07-24T06:14:37.204607,XRP-USDT,3.0817,3.0832,40563.1,320616.4
2025-07-24T06:14:37.215068,SOL-USDT,183.78,183.82,130.253,11.334
2025-07-24T06:14:37.228691,BTC-USDT,117799.96,117799.97,0.08,2.5054
2025-07-24T06:14:38.251517,XRP-USDT,3.0821,3.0836,38782.1,16810.0
2025-07-24T06:14:38.264142,ETH-USDT,3570.41,3572.14,3.819,5.418
2025-07-24T06:14:39.289171,LTC-USDT,109.82,109.85,49.116,18.356
2025-07-24T06:14:39.316898,SOL-USDT,183.87,183.9,116.668,35.687
2025-07-24T06:14:39.321576,ETH-USDT,3571.28,3572.0,1.247,6.053
2025-07-24T06:14:39.334590,BTC-USDT,117799.96,117799.97,0.08,2.5054
2025-07-24T06:14:40.343271,LTC-USDT,109.85,109.91,57.111,19.242
2025-07-24T06:14:40.356622,XRP-USDT,3.0837,3.0852,48860.8,23059.8
2025-07-24T06:14:40.366080,SOL-USDT,183.82,183.87,125.434,140.821
2025-07-24T06:14:40.368408,ETH-USDT,3572.19,3572.28,6.341,7.158
2025-07-24T06:14:40.379606,BTC-USDT,117799.96,117799.97,0.08,2.5054
2025-07-24T06:14:41.390400,LTC-USDT,109.88,109.91,40.576,19.242
2025-07-24T06:14:41.413772,SOL-USDT,183.84,183.9,112.892,35.687
2025-07-24T06:14:41.415295,ETH-USDT,3572.24,3572.33,5.888,5.702
2025-07-24T06:14:42.436961,LTC-USDT,109.88,109.91,40.576,19.242
2025-07-24T06:14:42.450410,XRP-USDT,3.086,3.0875,175.8,51312.6
2025-07-24T06:14:42.460557,SOL-USDT,183.84,183.9,112.892,35.687
2025-07-24T06:14:43.505788,SOL-USDT,183.84,183.87,112.892,121.534
2025-07-24T06:14:43.518783,BTC-USDT,117791.61,117791.62,0.0493,24.3632
2025-07-24T06:14:44.528483,LTC-USDT,109.85,109.91,57.111,19.242
2025-07-24T06:14:44.542698,XRP-USDT,3.0856,3.0871,62.0,25407.2
2025-07-24T06:14:44.555854,SOL-USDT,183.74,183.78,128.312,100.748
2025-07-24T06:14:44.555930,ETH-USDT,3571.24,3571.33,7.234,7.382
2025-07-24T06:14:44.568827,BTC-USDT,117500.0,117791.62,0.0029,24.3632
2025-07-24T06:14:45.584763,LTC-USDT,109.84,109.88,15.846,57.787
2025-07-24T06:14:45.609676,SOL-USDT,183.74,183.78,128.312,100.748
2025-07-24T06:14:45.611104,ETH-USDT,3571.24,3571.33,7.234,7.382
2025-07-24T06:14:45.623739,BTC-USDT,117773.38,117773.39,0.0321,16.3175
2025-07-24T06:14:46.634682,LTC-USDT,109.82,109.88,49.116,57.787
2025-07-24T06:14:46.648171,XRP-USDT,3.0825,3.084,85082.5,99057.9
2025-07-24T06:14:46.658031,SOL-USDT,183.7,183.73,116.85,113.563
2025-07-24T06:14:46.672995,BTC-USDT,117760.65,117760.66,0.5032,10.9118
2025-07-24T06:14:47.683707,LTC-USDT,109.82,109.85,49.116,91.632
2025-07-24T06:14:47.695158,XRP-USDT,3.0823,3.0838,97042.0,104533.0
2025-07-24T06:14:47.707747,ETH-USDT,3571.77,3571.86,7.232,8.025
2025-07-24T06:14:48.729112,LTC-USDT,109.79,109.85,16.18,91.632
2025-07-24T06:14:48.759398,SOL-USDT,183.7,183.73,116.85,113.563
2025-07-24T06:14:48.760605,ETH-USDT,3571.07,3571.16,6.476,5.922
2025-07-24T06:14:48.767592,BTC-USDT,117760.65,117760.66,0.5032,10.9118
2025-07-24T06:14:49.772541,LTC-USDT,109.79,109.85,16.18,91.632
2025-07-24T06:14:49.800966,SOL-USDT,183.67,183.7,123.329,126.538
2025-07-24T06:14:49.803114,ETH-USDT,3570.81,3570.9,7.359,6.179
2025-07-24T06:14:50.832597,LTC-USDT,109.75,109.79,7.781,64.128
2025-07-24T06:14:50.841634,XRP-USDT,3.0814,3.0829,15264.6,55954.6
2025-07-24T06:14:50.850896,SOL-USDT,183.6,183.63,115.816,105.291
2025-07-24T06:14:50.852501,ETH-USDT,3569.75,3570.13,1.295,7.75
2025-07-24T06:14:50.865239,BTC-USDT,117744.26,117744.27,1.4168,16.2222
2025-07-24T06:14:51.887461,XRP-USDT,3.08,3.0815,146205.1,81514.2
2025-07-24T06:14:51.896413,SOL-USDT,183.58,183.63,96.878,105.291
2025-07-24T06:14:51.898257,ETH-USDT,3569.53,3569.62,0.033,5.627
2025-07-24T06:14:52.984902,LTC-USDT,109.72,109.76,19.842,71.662
2025-07-24T06:14:53.011220,SOL-USDT,183.58,183.63,96.878,105.291
2025-07-24T06:14:53.028317,BTC-USDT,117740.0,117744.27,0.0377,16.2222
2025-07-24T06:14:54.039548,LTC-USDT,109.72,109.77,19.842,60.202
2025-07-24T06:14:54.059413,XRP-USDT,3.08,3.0818,146205.1,39380.6
2025-07-24T06:14:54.071483,SOL-USDT,183.57,183.6,94.908,102.331
2025-07-24T06:14:54.086284,BTC-USDT,117740.0,117740.01,0.0377,17.7416
2025-07-24T06:14:55.092761,LTC-USDT,109.72,109.77,19.842,60.202
2025-07-24T06:14:55.107434,XRP-USDT,3.0813,3.0828,11198.7,30388.0
2025-07-24T06:14:55.119642,ETH-USDT,3569.13,3569.22,5.613,6.297
2025-07-24T06:14:55.133021,BTC-USDT,117740.0,117740.01,0.0377,17.7416
2025-07-24T06:14:56.139643,LTC-USDT,109.7,109.74,25.369,14.753
2025-07-24T06:14:56.152470,XRP-USDT,3.0807,3.0822,66244.2,22466.1
2025-07-24T06:14:56.162153,SOL-USDT,183.56,183.6,116.552,102.331
2025-07-24T06:14:57.183648,LTC-USDT,109.7,109.74,25.369,14.753
2025-07-24T06:14:57.219087,BTC-USDT,117740.0,117740.01,0.0377,17.7416
2025-07-24T06:14:58.242164,XRP-USDT,3.0802,3.0817,72053.3,55704.0
2025-07-24T06:14:59.313349,BTC-USDT,117740.0,117740.01,0.0377,17.7416
2025-07-24T06:15:00.328460,LTC-USDT,109.7,109.75,25.369,27.757
2025-07-24T06:15:00.352055,XRP-USDT,3.081,3.0825,30.2,68748.7
2025-07-24T06:15:00.353310,SOL-USDT,183.56,183.61,116.552,123.785
2025-07-24T06:15:00.362357,ETH-USDT,3569.31,3569.4,6.609,6.696
2025-07-24T06:15:00.367513,BTC-USDT,117740.0,117740.01,0.0377,17.7416
2025-07-24T06:15:01.377458,LTC-USDT,109.74,109.77,88.143,60.202
2025-07-24T06:15:01.398993,SOL-USDT,183.63,183.69,211.918,128.632
2025-07-24T06:15:01.400552,ETH-USDT,3569.74,3569.83,8.064,6.66
2025-07-24T06:15:02.604963,LTC-USDT,109.7,109.74,27.601,63.163
2025-07-24T06:15:02.618238,XRP-USDT,3.0813,3.0828,25473.2,30388.0
2025-07-24T06:15:02.628770,SOL-USDT,183.6,183.64,102.231,88.085
2025-07-24T06:15:02.631276,ETH-USDT,3568.74,3568.83,0.037,6.683
2025-07-24T06:15:03.650612,LTC-USDT,109.68,109.71,24.69,59.344
2025-07-24T06:15:03.672457,SOL-USDT,183.56,183.59,116.552,128.504
2025-07-24T06:15:03.674265,ETH-USDT,3568.67,3568.76,6.442,7.5
2025-07-24T06:15:03.685539,BTC-USDT,117767.95,117767.96,1.7195,12.8304
2025-07-24T06:15:04.696212,LTC-USDT,109.68,109.71,24.69,59.344
2025-07-24T06:15:04.707233,XRP-USDT,3.0783,3.0798,2726.4,62356.8
2025-07-24T06:15:04.717091,SOL-USDT,183.54,183.59,119.093,128.504
2025-07-24T06:15:04.730667,BTC-USDT,117756.0,117756.01,0.1108,20.3879
2025-07-24T06:15:05.743014,LTC-USDT,109.68,109.72,24.69,29.306
2025-07-24T06:15:05.756437,XRP-USDT,3.0795,3.081,58090.2,30835.3
2025-07-24T06:15:05.769655,ETH-USDT,3569.27,3569.36,7.387,0.521
2025-07-24T06:15:05.782762,BTC-USDT,117756.0,117756.01,0.1108,20.3879
2025-07-24T06:15:06.791857,LTC-USDT,109.72,109.75,45.417,20.597
2025-07-24T06:15:06.804771,XRP-USDT,3.0795,3.081,58090.2,30835.3
2025-07-24T06:15:06.814024,SOL-USDT,183.58,183.63,92.211,115.759
2025-07-24T06:15:06.816242,ETH-USDT,3569.78,3569.87,6.642,4.044
2025-07-24T06:15:06.826956,BTC-USDT,117756.0,117756.01,0.1108,20.3879
2025-07-24T06:15:07.838774,LTC-USDT,109.78,109.82,24.259,28.412
2025-07-24T06:15:08.884232,LTC-USDT,109.78,109.82,24.259,28.412
2025-07-24T06:15:08.898916,XRP-USDT,3.0809,3.0824,66348.4,50260.3
2025-07-24T06:15:08.909813,SOL-USDT,183.61,183.66,106.703,100.412
2025-07-24T06:15:08.911633,ETH-USDT,3570.09,3570.18,5.865,2.778
2025-07-24T06:15:08.924726,BTC-USDT,117756.0,117756.01,0.1108,20.3879
2025-07-24T06:15:09.935181,LTC-USDT,109.78,109.82,24.259,28.412
2025-07-24T06:15:09.952400,XRP-USDT,3.0818,3.0833,1695.2,44699.7
2025-07-24T06:15:09.962094,SOL-USDT,183.61,183.68,106.703,84.54
2025-07-24T06:15:09.963813,ETH-USDT,3570.45,3570.85,5.706,7.916
2025-07-24T06:15:10.986120,LTC-USDT,109.82,109.85,49.824,91.632
2025-07-24T06:15:11.010651,SOL-USDT,183.69,183.73,116.148,116.748
2025-07-24T06:15:11.012497,ETH-USDT,3570.76,3570.85,7.325,7.916
2025-07-24T06:15:11.024412,BTC-USDT,117764.12,117764.13,12.9581,0.0034
2025-07-24T06:15:12.035798,LTC-USDT,109.82,109.85,49.824,91.632
2025-07-24T06:15:12.048262,XRP-USDT,3.0831,3.0846,22872.7,250116.9
2025-07-24T06:15:12.058797,SOL-USDT,183.72,183.78,104.687,127.399
2025-07-24T06:15:12.060269,ETH-USDT,3570.93,3571.02,5.943,5.017
2025-07-24T06:15:13.082649,LTC-USDT,109.85,109.88,95.415,22.411
2025-07-24T06:15:13.105412,SOL-USDT,183.75,183.8,106.101,105.756
2025-07-24T06:15:13.107249,ETH-USDT,3571.39,3571.48,6.042,0.322
2025-07-24T06:15:13.118601,BTC-USDT,117770.83,117770.84,21.5793,0.0003
2025-07-24T06:15:14.127997,LTC-USDT,109.87,109.91,53.477,19.242
2025-07-24T06:15:14.140110,XRP-USDT,3.0846,3.0861,64129.5,53795.0
2025-07-24T06:15:14.149706,SOL-USDT,183.81,183.84,99.812,96.416
2025-07-24T06:15:14.151313,ETH-USDT,3572.11,3572.2,6.637,3.068
2025-07-24T06:15:15.171947,LTC-USDT,109.85,109.91,95.415,19.242
2025-07-24T06:15:15.199162,ETH-USDT,3572.11,3572.2,6.637,3.068
2025-07-24T06:15:15.216310,BTC-USDT,117779.98,117779.99,22.3047,0.0461
2025-07-24T06:15:16.404051,XRP-USDT,3.085,3.0865,44533.8,41805.4
2025-07-24T06:15:16.414603,SOL-USDT,183.78,183.84,101.245,96.416
2025-07-24T06:15:16.416225,ETH-USDT,3571.88,3571.97,0.16,6.692
2025-07-24T06:15:16.428160,BTC-USDT,117794.26,117794.27,5.4626,8.7005
2025-07-24T06:15:17.436495,LTC-USDT,109.82,109.87,49.824,47.737
2025-07-24T06:15:17.463778,SOL-USDT,183.77,183.8,93.472,102.257
2025-07-24T06:15:17.473056,BTC-USDT,117794.26,117794.27,5.4626,8.7005
2025-07-24T06:15:18.497318,XRP-USDT,3.0829,3.0844,354.1,43763.2
2025-07-24T06:15:18.507271,SOL-USDT,183.77,183.8,93.472,102.257
2025-07-24T06:15:19.531713,LTC-USDT,109.84,109.87,32.119,47.737
2025-07-24T06:15:19.556815,SOL-USDT,183.77,183.8,93.472,102.257
2025-07-24T06:15:19.559528,ETH-USDT,3571.25,3571.55,0.107,6.534
2025-07-24T06:15:19.574998,BTC-USDT,117794.26,117794.27,5.4626,8.7005
2025-07-24T06:15:20.580425,LTC-USDT,109.78,109.82,18.811,64.036
2025-07-24T06:15:20.592999,XRP-USDT,3.0812,3.0827,51478.4,27614.6
2025-07-24T06:15:20.602761,SOL-USDT,183.71,183.76,129.319,100.265
2025-07-24T06:15:20.604138,ETH-USDT,3571.1,3571.19,0.081,7.259
2025-07-24T06:15:20.617362,BTC-USDT,117785.96,117785.97,0.3113,24.9477
2025-07-24T06:15:21.627036,LTC-USDT,109.78,109.82,18.811,64.036
2025-07-24T06:15:21.639571,XRP-USDT,3.0812,3.0827,51478.4,27614.6
2025-07-24T06:15:21.649334,SOL-USDT,183.69,183.73,115.546,122.667
2025-07-24T06:15:21.651071,ETH-USDT,3571.27,3571.36,7.761,6.634
2025-07-24T06:15:22.684342,XRP-USDT,3.0808,3.0823,68213.6,14423.8
2025-07-24T06:15:22.697453,ETH-USDT,3571.15,3571.24,7.755,5.965
2025-07-24T06:15:22.708473,BTC-USDT,117785.96,117785.97,0.3113,24.9477
2025-07-24T06:15:23.734221,XRP-USDT,3.0811,3.0826,4896.3,17.2
2025-07-24T06:15:23.747987,ETH-USDT,3571.82,3571.93,7.394,6.361
2025-07-24T06:15:23.763719,BTC-USDT,117785.96,117785.97,0.3113,24.9477
2025-07-24T06:15:24.774691,LTC-USDT,109.81,109.84,99.021,54.638
2025-07-24T06:15:24.802456,SOL-USDT,183.72,183.76,123.471,100.265
2025-07-24T06:15:24.804248,ETH-USDT,3571.95,3572.22,7.496,0.109
2025-07-24T06:15:24.817588,BTC-USDT,117785.96,117785.97,0.3113,24.9477
2025-07-24T06:15:25.826299,LTC-USDT,109.81,109.85,99.021,16.64
2025-07-24T06:15:25.842071,XRP-USDT,3.0831,3.0846,39.0,13323.4
2025-07-24T06:15:25.849846,SOL-USDT,183.72,183.76,123.471,100.265
2025-07-24T06:15:25.857131,ETH-USDT,3572.24,3572.66,7.063,2.931
2025-07-24T06:15:26.873599,LTC-USDT,109.81,109.87,99.021,47.737
2025-07-24T06:15:26.896369,SOL-USDT,183.7,183.76,101.67,100.265
2025-07-24T06:15:26.898714,ETH-USDT,3571.95,3572.66,7.496,2.931
2025-07-24T06:15:26.910547,BTC-USDT,117792.8,117792.81,13.8321,1.4606
2025-07-24T06:15:27.919994,LTC-USDT,109.81,109.87,99.021,47.737
2025-07-24T06:15:27.935178,XRP-USDT,3.083,3.0845,19444.9,30.2
2025-07-24T06:15:27.944332,SOL-USDT,183.69,183.72,100.135,88.184
2025-07-24T06:15:27.946115,ETH-USDT,3571.74,3572.07,5.749,5.845
2025-07-24T06:15:28.990397,SOL-USDT,183.69,183.72,100.135,88.184
2025-07-24T06:15:28.992198,ETH-USDT,3571.27,3571.36,1.233,7.838
2025-07-24T06:15:29.004126,BTC-USDT,117792.8,117792.81,13.8321,1.4606
2025-07-24T06:15:30.013541,LTC-USDT,109.81,109.84,99.021,63.602
2025-07-24T06:15:30.029362,XRP-USDT,3.0823,3.083,64260.6,15.1
2025-07-24T06:15:30.038538,SOL-USDT,183.65,183.69,87.611,126.401
2025-07-24T06:15:30.040155,ETH-USDT,3570.87,3570.96,0.026,6.539
2025-07-24T06:15:31.063026,LTC-USDT,109.8,109.84,34.454,63.602
2025-07-24T06:15:31.085299,SOL-USDT,183.62,183.66,98.199,87.441
2025-07-24T06:15:31.088248,ETH-USDT,3570.79,3570.88,1.225,6.386
2025-07-24T06:15:31.097763,BTC-USDT,117808.39,117808.4,12.4822,6.2293
2025-07-24T06:15:32.122042,XRP-USDT,3.0813,3.0828,52674.3,62578.4
2025-07-24T06:15:32.133730,SOL-USDT,183.58,183.62,106.723,105.578
2025-07-24T06:15:32.135663,ETH-USDT,3570.45,3570.88,5.706,6.386
2025-07-24T06:15:33.163280,LTC-USDT,109.78,109.82,26.676,52.825
2025-07-24T06:15:33.183739,SOL-USDT,183.58,183.62,106.723,105.578
2025-07-24T06:15:33.185517,ETH-USDT,3570.26,3570.46,6.187,6.989
2025-07-24T06:15:33.197134,BTC-USDT,117808.39,117808.4,12.4822,6.2293
2025-07-24T06:15:34.207030,LTC-USDT,109.72,109.76,45.417,72.085
2025-07-24T06:15:34.222637,XRP-USDT,3.0808,3.0823,68213.6,34346.5
2025-07-24T06:15:34.233584,SOL-USDT,183.54,183.59,119.093,126.99
2025-07-24T06:15:34.234854,ETH-USDT,3570.09,3570.28,5.865,7.654
2025-07-24T06:15:34.247337,BTC-USDT,117808.39,117808.4,12.4822,6.2293
2025-07-24T06:15:35.256168,LTC-USDT,109.75,109.79,89.441,107.04
2025-07-24T06:15:35.277319,SOL-USDT,183.57,183.6,102.901,46.654
2025-07-24T06:15:35.290284,BTC-USDT,117808.39,117808.4,12.4822,6.2293
2025-07-24T06:15:36.299761,LTC-USDT,109.75,109.8,89.441,22.629
2025-07-24T06:15:36.313133,XRP-USDT,3.0821,3.083,40641.9,15.1
2025-07-24T06:15:36.324134,ETH-USDT,3570.53,3570.62,7.265,6.671
2025-07-24T06:15:37.344785,LTC-USDT,109.71,109.74,20.3,33.354
2025-07-24T06:15:37.366936,SOL-USDT,183.54,183.57,119.093,126.605
2025-07-24T06:15:37.367842,ETH-USDT,3569.95,3570.05,5.391,5.798
2025-07-24T06:15:37.379029,BTC-USDT,117808.39,117808.4,12.4822,6.2293
2025-07-24T06:15:38.388399,LTC-USDT,109.71,109.74,20.3,51.608
2025-07-24T06:15:38.401776,XRP-USDT,3.0814,3.0829,48010.6,38433.2
2025-07-24T06:15:38.411318,SOL-USDT,183.54,183.59,119.093,119.299
2025-07-24T06:15:38.412578,ETH-USDT,3570.16,3570.52,6.74,5.836
2025-07-24T06:15:38.426140,BTC-USDT,117808.07,117808.4,0.1338,6.2293
2025-07-24T06:15:39.436629,LTC-USDT,109.7,109.74,18.28,51.608
2025-07-24T06:15:39.466742,ETH-USDT,3569.92,3570.01,5.258,6.905
2025-07-24T06:15:39.478766,BTC-USDT,117796.0,117796.01,5.3318,17.4354
2025-07-24T06:15:40.491241,LTC-USDT,109.68,109.74,25.612,51.608
2025-07-24T06:15:40.508380,XRP-USDT,3.0802,3.0817,300559.0,28238.6
2025-07-24T06:15:40.519326,SOL-USDT,183.52,183.56,89.737,89.003
2025-07-24T06:15:40.521751,ETH-USDT,3569.72,3569.81,0.073,7.634
2025-07-24T06:15:41.542429,LTC-USDT,109.68,109.74,25.612,25.93
2025-07-24T06:15:41.564555,SOL-USDT,183.52,183.56,89.737,89.003
2025-07-24T06:15:41.578246,BTC-USDT,117796.0,117796.01,5.3318,17.4354
2025-07-24T06:15:42.588183,LTC-USDT,109.66,109.71,62.891,82.347
2025-07-24T06:15:42.601665,XRP-USDT,3.08,3.0815,60202.5,26629.2
2025-07-24T06:15:42.610739,SOL-USDT,183.51,183.52,4.941,126.984
2025-07-24T06:15:42.614125,ETH-USDT,3569.62,3569.71,0.224,7.348
2025-07-24T06:15:42.625341,BTC-USDT,117796.0,117796.01,5.3318,17.4354
2025-07-24T06:15:43.649570,XRP-USDT,3.0802,3.0817,76205.0,28238.6
2025-07-24T06:15:43.660629,ETH-USDT,3569.37,3569.41,0.433,6.094
2025-07-24T06:15:44.682334,LTC-USDT,109.63,109.66,64.148,66.064
2025-07-24T06:15:44.702863,SOL-USDT,183.51,183.52,4.941,226.86
2025-07-24T06:15:44.704766,ETH-USDT,3568.58,3568.67,0.013,6.002
2025-07-24T06:15:44.717392,BTC-USDT,117796.0,117796.01,5.3318,17.4354
2025-07-24T06:15:45.728572,LTC-USDT,109.62,109.68,20.169,47.46
2025-07-24T06:15:45.750971,SOL-USDT,183.51,183.52,4.941,126.984
2025-07-24T06:15:45.755284,ETH-USDT,3567.87,3568.29,6.812,8.003
2025-07-24T06:15:46.774428,LTC-USDT,109.62,109.68,20.169,47.46
2025-07-24T06:15:46.787541,XRP-USDT,3.0785,3.08,36103.6,10439.0
2025-07-24T06:15:46.812136,BTC-USDT,117500.0,117798.08,0.0029,0.0001
2025-07-24T06:15:47.834533,XRP-USDT,3.0795,3.081,28997.3,15185.0
2025-07-24T06:15:47.844405,SOL-USDT,183.51,183.52,4.941,251.5
2025-07-24T06:15:47.858194,BTC-USDT,117779.59,117779.6,6.2759,10.693
2025-07-24T06:15:48.867521,LTC-USDT,109.71,109.74,75.527,25.93
2025-07-24T06:15:48.889080,SOL-USDT,183.51,183.52,4.941,72.568
2025-07-24T06:15:48.891026,ETH-USDT,3569.81,3569.9,3.43,7.921
2025-07-24T06:15:49.062493,BTC-USDT,117779.59,117779.6,6.2759,10.693
2025-07-24T06:15:50.072096,LTC-USDT,109.71,109.76,75.527,12.282
2025-07-24T06:15:50.084459,XRP-USDT,3.0813,3.0828,74654.6,35948.6
2025-07-24T06:15:50.098352,SOL-USDT,183.51,183.52,4.941,72.568
2025-07-24T06:15:50.098395,ETH-USDT,3569.91,3570.01,6.628,6.905
2025-07-24T06:15:51.118179,LTC-USDT,109.71,109.76,75.527,12.282
2025-07-24T06:15:51.141333,SOL-USDT,183.51,183.54,4.941,218.475
2025-07-24T06:15:51.143326,ETH-USDT,3570.0,3570.09,6.701,5.383
2025-07-24T06:15:51.154126,BTC-USDT,117781.95,117781.96,21.4171,0.0011
2025-07-24T06:15:52.163483,LTC-USDT,109.71,109.74,75.527,49.424
2025-07-24T06:15:52.175474,XRP-USDT,3.0816,3.083,22852.1,15.1
2025-07-24T06:15:52.184815,SOL-USDT,183.51,183.54,4.941,201.827
2025-07-24T06:15:52.186374,ETH-USDT,3569.64,3569.92,1.278,6.141
2025-07-24T06:15:53.207938,LTC-USDT,109.66,109.71,25.37,84.805
2025-07-24T06:15:53.220486,XRP-USDT,3.0816,3.083,22834.9,15.1
2025-07-24T06:15:53.230578,SOL-USDT,183.51,183.54,4.941,98.598
2025-07-24T06:15:53.232378,ETH-USDT,3569.16,3569.45,6.648,6.891
2025-07-24T06:15:53.243322,BTC-USDT,117786.91,117786.92,2.4724,0.0001
2025-07-24T06:15:54.252944,LTC-USDT,109.62,109.65,20.169,45.525
2025-07-24T06:15:54.265717,XRP-USDT,3.0799,3.0814,139900.9,79268.3
2025-07-24T06:15:54.275684,SOL-USDT,183.51,183.54,4.941,98.598
2025-07-24T06:15:54.287569,BTC-USDT,117786.91,117786.92,2.4724,0.0001
2025-07-24T06:15:55.295658,LTC-USDT,109.62,109.65,20.169,45.525
2025-07-24T06:15:55.318923,SOL-USDT,183.51,183.54,4.941,98.598
2025-07-24T06:15:55.320833,ETH-USDT,3569.16,3569.45,6.648,6.891
2025-07-24T06:15:56.340552,LTC-USDT,109.61,109.65,25.354,45.525
2025-07-24T06:15:56.353135,XRP-USDT,3.079,3.0805,28842.1,63047.9
2025-07-24T06:15:56.363593,SOL-USDT,183.51,183.54,4.941,98.598
2025-07-24T06:15:56.368777,ETH-USDT,3569.1,3569.19,0.079,5.716
2025-07-24T06:15:57.407130,SOL-USDT,183.51,183.54,4.941,98.598
2025-07-24T06:15:57.408834,ETH-USDT,3568.85,3568.94,0.047,7.248
2025-07-24T06:15:57.419653,BTC-USDT,117786.91,117786.92,2.4724,0.0001
2025-07-24T06:15:58.437936,LTC-USDT,109.59,109.63,43.739,75.664
2025-07-24T06:15:58.450456,XRP-USDT,3.0784,3.0799,148327.9,25333.9
2025-07-24T06:15:58.461108,SOL-USDT,183.51,183.54,4.941,221.813
2025-07-24T06:15:58.474147,BTC-USDT,117786.91,117786.92,2.4724,0.0001
2025-07-24T06:15:59.494927,XRP-USDT,3.0784,3.0799,148327.9,25333.9
2025-07-24T06:15:59.504409,SOL-USDT,183.51,183.54,4.941,123.215
2025-07-24T06:16:00.527437,LTC-USDT,109.57,109.6,54.269,74.082
2025-07-24T06:16:00.541297,XRP-USDT,3.0783,3.0798,26922.5,11627.2
2025-07-24T06:16:00.570392,SOL-USDT,183.51,183.54,4.941,123.215
2025-07-24T06:16:00.572967,ETH-USDT,3569.45,3569.54,7.88,5.124
2025-07-24T06:16:01.586282,LTC-USDT,109.61,109.66,25.713,10.233
2025-07-24T06:16:01.614670,SOL-USDT,183.51,183.54,4.941,149.681
2025-07-24T06:16:01.614715,ETH-USDT,3569.45,3570.04,7.88,5.796
2025-07-24T06:16:01.622359,BTC-USDT,117786.91,117786.92,2.4724,0.0001
2025-07-24T06:16:02.634015,LTC-USDT,109.57,109.63,54.269,76.336
2025-07-24T06:16:02.647016,XRP-USDT,3.0801,3.0816,47.8,70675.3
2025-07-24T06:16:02.656451,SOL-USDT,183.51,183.54,4.941,123.215
2025-07-24T06:16:02.658048,ETH-USDT,3569.31,3569.4,6.485,7.877
2025-07-24T06:16:02.671750,BTC-USDT,117786.91,117786.92,2.4724,0.0001
2025-07-24T06:16:03.678636,LTC-USDT,109.59,109.63,54.768,76.336
2025-07-24T06:16:03.702446,SOL-USDT,183.51,183.54,4.941,215.077
2025-07-24T06:16:04.743750,XRP-USDT,3.0799,3.0814,316.7,58245.7
2025-07-24T06:16:04.754187,SOL-USDT,183.51,183.54,4.941,91.862
2025-07-24T06:16:04.767864,BTC-USDT,117786.91,117786.92,2.4724,0.0001
2025-07-24T06:16:05.776944,LTC-USDT,109.56,109.59,11.003,76.085
2025-07-24T06:16:05.790191,XRP-USDT,3.0788,3.0814,213305.4,58245.7
2025-07-24T06:16:05.799412,SOL-USDT,183.51,183.54,4.941,217.39
2025-07-24T06:16:05.800585,ETH-USDT,3568.96,3569.05,0.169,5.507
2025-07-24T06:16:06.822052,LTC-USDT,109.54,109.57,14.144,86.191
2025-07-24T06:16:06.835305,XRP-USDT,3.0788,3.0803,213305.4,36664.7
2025-07-24T06:16:06.845479,SOL-USDT,183.51,183.54,4.941,186.496
2025-07-24T06:16:06.858203,BTC-USDT,117786.91,117786.92,2.4724,0.0001
2025-07-24T06:16:07.868755,LTC-USDT,109.5,109.53,23.079,58.33
2025-07-24T06:16:07.881644,XRP-USDT,3.077,3.0785,79422.1,47168.2
2025-07-24T06:16:07.892197,SOL-USDT,183.51,183.54,4.941,186.496
2025-07-24T06:16:07.894116,ETH-USDT,3568.6,3568.69,3.669,6.328
2025-07-24T06:16:08.913693,LTC-USDT,109.45,109.5,17.853,99.734
2025-07-24T06:16:08.926613,XRP-USDT,3.0765,3.0785,30616.6,47168.2
2025-07-24T06:16:08.936282,SOL-USDT,183.51,183.54,4.941,97.772
2025-07-24T06:16:08.938001,ETH-USDT,3567.65,3567.74,5.466,6.986
2025-07-24T06:16:08.949685,BTC-USDT,117781.7,117781.71,1.1796,18.5879
2025-07-24T06:16:09.958915,LTC-USDT,109.43,109.46,10.24,83.256
2025-07-24T06:16:09.972346,XRP-USDT,3.0745,3.0785,47759.9,47168.2
2025-07-24T06:16:09.982666,SOL-USDT,183.51,183.54,4.941,97.772
2025-07-24T06:16:09.984581,ETH-USDT,3567.44,3567.53,7.15,6.424
2025-07-24T06:16:11.019098,XRP-USDT,3.0745,3.076,47759.9,5414.8
2025-07-24T06:16:11.030991,SOL-USDT,183.51,183.54,4.941,195.086
2025-07-24T06:16:11.031768,ETH-USDT,3567.25,3567.34,0.565,5.894
2025-07-24T06:16:11.043153,BTC-USDT,117770.95,117770.96,0.1922,21.9261
2025-07-24T06:16:12.051980,LTC-USDT,109.43,109.47,72.937,24.385
2025-07-24T06:16:12.074617,SOL-USDT,183.51,183.54,4.941,284.647
2025-07-24T06:16:12.087565,BTC-USDT,117770.95,117770.96,0.1922,21.9261
2025-07-24T06:16:13.117842,SOL-USDT,183.51,183.54,4.941,226.063
2025-07-24T06:16:13.130662,BTC-USDT,117762.95,117762.96,0.003,10.162
2025-07-24T06:16:14.166114,XRP-USDT,3.0735,3.075,40738.9,9515.0
2025-07-24T06:16:14.167734,SOL-USDT,183.51,183.54,4.941,226.063
2025-07-24T06:16:15.189440,LTC-USDT,109.38,109.42,18.81,57.46
2025-07-24T06:16:15.210846,SOL-USDT,183.14,183.51,111.996,104.631
2025-07-24T06:16:15.212736,ETH-USDT,3566.5,3566.59,0.141,7.487
2025-07-24T06:16:15.223229,BTC-USDT,117762.95,117762.96,0.003,10.162
2025-07-24T06:16:16.233503,LTC-USDT,109.35,109.38,29.198,32.58
2025-07-24T06:16:16.247730,XRP-USDT,3.0708,3.0723,133228.2,61345.4
2025-07-24T06:16:16.257471,SOL-USDT,183.13,183.16,92.357,122.381
2025-07-24T06:16:16.259042,ETH-USDT,3565.81,3565.9,0.02,5.662
2025-07-24T06:16:17.280948,LTC-USDT,109.34,109.38,33.629,32.58
2025-07-24T06:16:17.306071,SOL-USDT,183.11,183.16,88.82,122.381
2025-07-24T06:16:17.307656,ETH-USDT,3565.47,3565.9,0.825,5.662
2025-07-24T06:16:17.319046,BTC-USDT,117760.0,117760.01,0.0377,22.544
2025-07-24T06:16:18.328051,LTC-USDT,109.34,109.39,33.629,15.5
2025-07-24T06:16:18.352129,ETH-USDT,3565.47,3565.9,0.825,5.662
2025-07-24T06:16:18.366470,BTC-USDT,117760.0,117760.01,0.0377,22.544
2025-07-24T06:16:19.375537,LTC-USDT,109.39,109.44,49.006,19.222
2025-07-24T06:16:19.399126,SOL-USDT,183.17,183.2,129.737,107.814
2025-07-24T06:16:19.400817,ETH-USDT,3565.89,3565.98,5.763,0.101
2025-07-24T06:16:20.422112,LTC-USDT,109.39,109.44,49.006,19.222
2025-07-24T06:16:20.434924,XRP-USDT,3.0716,3.0731,9931.0,86061.0
2025-07-24T06:16:20.445196,SOL-USDT,183.14,183.19,118.944,127.634
2025-07-24T06:16:21.468359,LTC-USDT,109.36,109.4,14.767,81.855
2025-07-24T06:16:21.492598,SOL-USDT,183.13,183.16,109.708,124.768
2025-07-24T06:16:21.494521,ETH-USDT,3565.04,3565.13,7.558,6.285
2025-07-24T06:16:21.505627,BTC-USDT,117760.0,117760.01,0.0377,22.544
2025-07-24T06:16:22.516904,LTC-USDT,109.32,109.37,25.405,65.038
2025-07-24T06:16:22.528236,XRP-USDT,3.0698,3.0713,25662.1,60371.5
2025-07-24T06:16:22.538526,SOL-USDT,183.02,183.05,92.89,113.548
2025-07-24T06:16:22.540304,ETH-USDT,3564.47,3564.56,0.149,8.037
2025-07-24T06:16:22.553755,BTC-USDT,117697.78,119550.0,0.1913,1.0294
2025-07-24T06:16:23.563509,LTC-USDT,109.29,109.32,32.312,60.126
2025-07-24T06:16:23.591408,SOL-USDT,182.98,183.02,15.825,114.649
2025-07-24T06:16:23.593610,ETH-USDT,3563.75,3563.84,0.088,6.247
2025-07-24T06:16:23.606886,BTC-USDT,117697.78,117697.79,0.1913,17.7985
2025-07-24T06:16:24.617533,LTC-USDT,109.27,109.32,21.522,60.126
2025-07-24T06:16:24.631364,XRP-USDT,3.0679,3.0694,154959.0,48145.8
2025-07-24T06:16:24.644274,SOL-USDT,182.95,182.99,95.158,128.757
2025-07-24T06:16:24.646400,ETH-USDT,3562.53,3562.62,0.095,7.044
2025-07-24T06:16:25.670622,LTC-USDT,109.26,109.29,65.09,93.594
2025-07-24T06:16:25.685085,XRP-USDT,3.0669,3.0684,16871.5,25131.1
2025-07-24T06:16:25.693853,SOL-USDT,182.94,182.96,0.297,160.659
2025-07-24T06:16:25.695799,ETH-USDT,3561.99,3562.46,6.515,3.651
2025-07-24T06:16:25.708265,BTC-USDT,117679.67,117679.68,3.2809,14.4632
2025-07-24T06:16:26.720015,LTC-USDT,109.21,109.24,34.419,41.214
2025-07-24T06:16:26.742851,SOL-USDT,182.94,182.96,0.297,190.71
2025-07-24T06:16:26.744837,ETH-USDT,3561.46,3561.49,2.61,2.646
2025-07-24T06:16:26.755966,BTC-USDT,117679.67,117679.68,3.2809,14.4632
2025-07-24T06:16:27.765125,LTC-USDT,109.16,109.21,7.219,27.471
2025-07-24T06:16:27.777942,XRP-USDT,3.0669,3.0684,14878.5,25131.1
2025-07-24T06:16:27.788183,SOL-USDT,182.94,182.96,0.297,118.56
2025-07-24T06:16:27.789770,ETH-USDT,3561.2,3561.29,7.647,3.764
2025-07-24T06:16:28.811814,LTC-USDT,109.2,109.25,36.85,12.624
2025-07-24T06:16:28.825464,XRP-USDT,3.0606,3.0621,2626.5,107.1
2025-07-24T06:16:28.835479,SOL-USDT,182.94,182.96,0.297,142.052
2025-07-24T06:16:28.848430,BTC-USDT,117661.47,117661.48,2.7961,12.0818
2025-07-24T06:16:29.858096,LTC-USDT,109.19,109.22,10.846,58.008
2025-07-24T06:16:29.869641,XRP-USDT,3.0618,3.0633,84799.5,27880.6
2025-07-24T06:16:29.879254,SOL-USDT,182.94,182.96,0.297,159.069
2025-07-24T06:16:29.881120,ETH-USDT,3559.59,3559.68,6.045,6.184
2025-07-24T06:16:30.902066,LTC-USDT,109.15,109.18,11.243,58.294
2025-07-24T06:16:30.923067,SOL-USDT,182.94,182.96,0.297,101.063
2025-07-24T06:16:30.925025,ETH-USDT,3559.4,3559.49,0.058,6.695
2025-07-24T06:16:30.936087,BTC-USDT,117660.0,117660.01,0.0427,19.0929
2025-07-24T06:16:31.946741,LTC-USDT,109.15,109.19,11.243,57.175
2025-07-24T06:16:31.973820,SOL-USDT,182.94,182.96,0.297,206.305
2025-07-24T06:16:31.975570,ETH-USDT,3560.89,3560.98,6.973,0.21
2025-07-24T06:16:32.997111,LTC-USDT,109.24,109.29,53.88,93.594
2025-07-24T06:16:33.010248,XRP-USDT,3.0611,3.0626,94833.4,14065.0
2025-07-24T06:16:33.021211,SOL-USDT,182.94,182.96,0.297,188.371
2025-07-24T06:16:33.023056,ETH-USDT,3561.07,3561.16,5.879,6.157
2025-07-24T06:16:33.036264,BTC-USDT,117645.47,117645.48,0.0002,3.7213
2025-07-24T06:16:34.045515,LTC-USDT,109.21,109.24,18.507,86.421
2025-07-24T06:16:34.058640,XRP-USDT,3.0603,3.0618,5368.5,24688.6
2025-07-24T06:16:34.068834,SOL-USDT,182.94,182.96,0.297,39.734
2025-07-24T06:16:35.094197,LTC-USDT,109.16,109.24,13.668,86.421
2025-07-24T06:16:35.118478,SOL-USDT,182.94,182.96,0.297,39.734
2025-07-24T06:16:35.120120,ETH-USDT,3560.23,3560.46,3.283,5.804
2025-07-24T06:16:35.132340,BTC-USDT,117645.47,117645.48,0.0002,3.7213
2025-07-24T06:16:36.142618,LTC-USDT,109.14,109.19,7.502,50.533
2025-07-24T06:16:36.159450,XRP-USDT,3.0583,3.0598,16839.9,18212.5
2025-07-24T06:16:36.168388,SOL-USDT,182.94,182.96,0.297,108.004
2025-07-24T06:16:36.169833,ETH-USDT,3559.62,3560.05,3.623,6.899
2025-07-24T06:16:36.181557,BTC-USDT,117640.88,117645.48,0.0559,3.7213
2025-07-24T06:16:37.192118,LTC-USDT,109.09,109.12,15.963,60.845
2025-07-24T06:16:37.217635,SOL-USDT,182.94,182.96,0.297,208.583
2025-07-24T06:16:37.219989,ETH-USDT,3558.49,3558.58,6.158,7.192
2025-07-24T06:16:37.234445,BTC-USDT,117632.78,117632.79,0.0066,17.4889
2025-07-24T06:16:38.243817,LTC-USDT,109.02,109.06,11.104,87.952
2025-07-24T06:16:38.259847,XRP-USDT,3.0561,3.0576,28593.2,10010.0
2025-07-24T06:16:38.269725,SOL-USDT,182.94,182.96,0.297,323.621
2025-07-24T06:16:38.270211,ETH-USDT,3557.89,3557.98,0.437,7.529
2025-07-24T06:16:39.293401,LTC-USDT,109.04,109.07,45.401,28.396
2025-07-24T06:16:39.327308,SOL-USDT,182.94,182.96,0.297,108.004
2025-07-24T06:16:39.330956,BTC-USDT,117603.9,117603.91,2.7315,19.7238
2025-07-24T06:16:40.339416,LTC-USDT,109.08,109.12,61.901,60.845
2025-07-24T06:16:40.357776,XRP-USDT,3.055,3.0565,163882.9,14355.1
2025-07-24T06:16:40.366138,SOL-USDT,182.94,182.97,0.297,99.517
2025-07-24T06:16:40.380256,BTC-USDT,117603.9,117603.91,2.7315,19.7238
2025-07-24T06:16:41.391319,LTC-USDT,109.08,109.12,61.901,60.845
2025-07-24T06:16:41.415377,SOL-USDT,182.94,182.97,0.297,99.517
2025-07-24T06:16:42.439595,LTC-USDT,109.04,109.07,45.401,95.068
2025-07-24T06:16:42.455211,XRP-USDT,3.0543,3.0558,11745.8,50190.4
2025-07-24T06:16:42.468471,SOL-USDT,182.94,182.97,0.297,99.517
2025-07-24T06:16:42.470441,ETH-USDT,3558.06,3558.39,6.297,7.496
2025-07-24T06:16:43.497300,LTC-USDT,109.01,109.06,12.005,56.054
2025-07-24T06:16:43.511567,XRP-USDT,3.0538,3.0553,24368.9,6916.0
2025-07-24T06:16:43.521185,SOL-USDT,182.58,182.66,37.976,90.108
2025-07-24T06:16:43.522825,ETH-USDT,3557.79,3557.88,0.326,7.342
2025-07-24T06:16:43.535488,BTC-USDT,117603.9,117603.91,2.7315,19.7238
2025-07-24T06:16:44.544395,LTC-USDT,109.04,109.07,61.997,12.981
2025-07-24T06:16:44.567647,SOL-USDT,182.58,182.62,37.976,64.588
2025-07-24T06:16:44.581842,BTC-USDT,117603.9,117603.91,2.7315,19.7238
2025-07-24T06:16:45.591592,LTC-USDT,109.1,109.13,37.151,18.151
2025-07-24T06:16:45.614956,SOL-USDT,182.68,182.72,129.262,99.828
2025-07-24T06:16:45.627491,ETH-USDT,3558.66,3558.75,7.746,0.02
2025-07-24T06:16:46.638613,LTC-USDT,109.08,109.13,15.426,18.151
2025-07-24T06:16:46.651490,XRP-USDT,3.0555,3.057,26.5,29661.4
2025-07-24T06:16:46.660856,SOL-USDT,182.63,182.68,90.607,129.722
2025-07-24T06:16:46.662565,ETH-USDT,3558.49,3558.58,7.155,5.767
2025-07-24T06:16:46.674291,BTC-USDT,117603.9,117603.91,2.7315,19.7238
2025-07-24T06:16:47.684255,LTC-USDT,109.08,109.13,15.426,80.789
2025-07-24T06:16:47.697093,XRP-USDT,3.0543,3.057,55520.8,29661.4
2025-07-24T06:16:47.708587,SOL-USDT,182.6,182.64,102.739,89.549
2025-07-24T06:16:47.709715,ETH-USDT,3558.0,3558.09,6.237,6.457
2025-07-24T06:16:48.732161,LTC-USDT,109.07,109.1,18.697,62.419
2025-07-24T06:16:48.748845,XRP-USDT,3.0543,3.0558,55520.8,98858.8
2025-07-24T06:16:48.756728,SOL-USDT,182.58,182.61,37.976,124.432
2025-07-24T06:16:48.758344,ETH-USDT,3557.54,3557.63,7.365,6.555
2025-07-24T06:16:48.925010,BTC-USDT,117603.9,117603.91,2.7315,19.7238
2025-07-24T06:16:49.932144,LTC-USDT,109.01,109.04,12.005,71.619
2025-07-24T06:16:49.944614,XRP-USDT,3.0538,3.0553,24368.9,19130.3
2025-07-24T06:16:49.954422,SOL-USDT,182.51,182.55,9.695,107.746
2025-07-24T06:16:49.956024,ETH-USDT,3557.04,3557.13,5.788,6.347
2025-07-24T06:16:50.978201,LTC-USDT,109.01,109.07,12.005,20.715
2025-07-24T06:16:51.012277,SOL-USDT,182.54,182.59,128.808,93.313
2025-07-24T06:16:51.021201,BTC-USDT,117593.73,117593.74,0.5003,22.9823
2025-07-24T06:16:52.030284,LTC-USDT,109.01,109.04,12.005,65.095
2025-07-24T06:16:52.044166,XRP-USDT,3.0527,3.0542,19756.8,3148.1
2025-07-24T06:16:52.054128,SOL-USDT,182.54,182.59,128.808,93.313
2025-07-24T06:16:53.075094,LTC-USDT,109.01,109.04,12.005,65.095
2025-07-24T06:16:53.097567,SOL-USDT,182.54,182.59,128.808,93.313
2025-07-24T06:16:53.110133,BTC-USDT,117593.73,117593.74,0.5003,22.9823
2025-07-24T06:19:53.041691,XRP-USDT,3.0528,3.0543,22353.2,10330.8
2025-07-24T06:19:53.041746,LTC-USDT,108.99,109.02,33.207,43.376
2025-07-24T06:19:53.041834,BTC-USDT,117590.35,117590.36,0.0538,19.4995
2025-07-24T06:19:53.041943,XRP-USDT,3.0536,3.0551,42539.6,84490.6
2025-07-24T06:19:53.042042,ETH-USDT,3556.45,3556.54,6.145,5.855
2025-07-24T06:19:53.042094,BTC-USDT,117588.0,117588.01,0.2053,22.8884
2025-07-24T06:19:53.042180,LTC-USDT,108.98,109.02,20.159,43.376
2025-07-24T06:19:53.042281,ETH-USDT,3556.28,3556.37,0.668,7.385
2025-07-24T06:19:53.042324,LTC-USDT,108.98,109.02,31.039,19.23
2025-07-24T06:19:53.042404,XRP-USDT,3.0523,3.0538,14323.0,144222.0
2025-07-24T06:19:53.042505,SOL-USDT,182.51,182.54,9.695,112.408
2025-07-24T06:19:53.042556,ETH-USDT,3555.37,3555.7,7.683,0.42
2025-07-24T06:19:53.042642,LTC-USDT,108.98,109.01,31.039,51.033
2025-07-24T06:19:53.042745,SOL-USDT,182.55,182.58,94.959,20.269
2025-07-24T06:19:53.042796,ETH-USDT,3555.67,3555.76,6.938,5.818
2025-07-24T06:19:53.042901,BTC-USDT,117580.0,117580.01,0.0425,18.6035
2025-07-24T06:19:53.042938,LTC-USDT,108.92,108.95,11.724,82.227
2025-07-24T06:19:53.042962,SOL-USDT,182.51,182.55,9.695,110.798
2025-07-24T06:19:53.042986,ETH-USDT,3555.77,3555.88,5.707,3.132
2025-07-24T06:19:53.043013,LTC-USDT,108.91,108.95,9.417,82.227
2025-07-24T06:19:53.043035,SOL-USDT,182.49,182.55,75.992,110.798
2025-07-24T06:19:53.043059,ETH-USDT,3556.65,3556.74,7.932,5.091
2025-07-24T06:19:53.043082,BTC-USDT,117580.0,117580.01,0.0425,18.6035
2025-07-24T06:19:53.043106,LTC-USDT,108.97,109.01,19.749,51.033
2025-07-24T06:19:53.043128,XRP-USDT,3.0522,3.0537,115662.7,26.0
2025-07-24T06:19:53.043152,SOL-USDT,182.49,182.54,75.992,125.224
2025-07-24T06:19:53.043173,ETH-USDT,3556.27,3556.61,1.806,7.847
2025-07-24T06:19:53.043199,BTC-USDT,117555.0,117580.01,8.3603,18.6035
2025-07-24T06:19:53.043224,LTC-USDT,108.88,108.92,21.96,60.637
2025-07-24T06:19:53.043246,XRP-USDT,3.0497,3.0537,18657.6,26.0
2025-07-24T06:19:53.043268,SOL-USDT,182.45,182.49,18.754,98.703
2025-07-24T06:19:53.043290,ETH-USDT,3555.59,3555.68,7.079,6.865
2025-07-24T06:19:53.043313,LTC-USDT,108.86,108.92,24.107,60.637
2025-07-24T06:19:53.043334,XRP-USDT,3.0497,3.0512,18657.6,28903.7
2025-07-24T06:19:53.043422,SOL-USDT,182.43,182.49,83.624,193.391
2025-07-24T06:19:53.043450,ETH-USDT,3556.34,3556.43,5.899,3.723
2025-07-24T06:19:53.043469,BTC-USDT,117533.64,119550.0,6.7814,1.0294
2025-07-24T06:19:53.043488,SOL-USDT,182.49,182.54,107.016,113.409
2025-07-24T06:19:53.043507,ETH-USDT,3557.15,3557.24,7.611,3.007
2025-07-24T06:19:53.043527,BTC-USDT,117533.64,117533.65,6.7814,7.2107
2025-07-24T06:19:53.043548,LTC-USDT,108.94,108.99,45.591,67.854
2025-07-24T06:19:53.043571,XRP-USDT,3.0516,3.0531,103924.6,5511.4
2025-07-24T06:19:53.043590,SOL-USDT,182.63,182.68,125.793,129.722
2025-07-24T06:19:53.043609,ETH-USDT,3557.79,3557.88,7.413,6.057
2025-07-24T06:19:53.043628,BTC-USDT,117559.99,117560.0,18.0574,0.4032
2025-07-24T06:19:53.043647,LTC-USDT,108.9,108.95,25.356,59.024
2025-07-24T06:19:53.043666,XRP-USDT,3.0507,3.0522,54253.7,87714.1
2025-07-24T06:19:56.552618,SOL-USDT,182.6,182.64,109.749,119.858
2025-07-24T06:19:56.552656,ETH-USDT,3557.56,3557.65,6.944,6.772
2025-07-24T06:19:56.552695,LTC-USDT,108.85,108.88,18.762,71.573
2025-07-24T06:19:56.552733,XRP-USDT,3.0507,3.0522,54253.7,87714.1
2025-07-24T06:19:56.552769,SOL-USDT,182.55,182.58,115.61,119.107
2025-07-24T06:19:56.552804,ETH-USDT,3556.63,3557.07,0.107,6.866
2025-07-24T06:19:56.552839,BTC-USDT,117544.0,117544.01,0.1107,20.3808
2025-07-24T06:19:56.552897,LTC-USDT,108.73,108.77,13.854,67.325
2025-07-24T06:19:56.552936,XRP-USDT,3.047,3.0485,43001.0,24613.2
2025-07-24T06:19:56.552970,SOL-USDT,182.41,182.46,102.477,123.988
2025-07-24T06:19:56.553008,ETH-USDT,3556.0,3556.11,6.972,5.469
2025-07-24T06:19:56.553044,BTC-USDT,117544.0,117544.01,0.1107,20.3808
2025-07-24T06:19:56.553081,LTC-USDT,108.67,108.7,30.987,94.168
2025-07-24T06:19:56.553115,SOL-USDT,182.34,182.4,40.161,107.971
2025-07-24T06:19:56.553151,ETH-USDT,3555.46,3555.55,0.538,6.126
2025-07-24T06:19:56.553189,BTC-USDT,117525.22,117538.01,1.0187,0.8418
2025-07-24T06:19:56.553226,LTC-USDT,108.7,108.74,93.882,15.706
2025-07-24T06:19:56.553269,XRP-USDT,3.0455,3.047,7990.5,17.2
2025-07-24T06:19:56.553314,SOL-USDT,182.38,182.42,93.483,114.012
2025-07-24T06:19:56.553358,ETH-USDT,3556.07,3556.16,7.093,7.455
2025-07-24T06:19:56.553402,LTC-USDT,108.76,108.8,60.616,21.424
2025-07-24T06:19:56.553443,SOL-USDT,182.42,182.46,105.028,121.934
2025-07-24T06:19:56.553485,BTC-USDT,117525.0,117525.01,0.057,16.1237
2025-07-24T06:19:56.553529,LTC-USDT,108.76,108.8,60.616,21.424
2025-07-24T06:19:56.553571,XRP-USDT,3.0458,3.0473,53396.7,12038.0
2025-07-24T06:19:56.553614,SOL-USDT,182.38,182.43,93.483,98.607
2025-07-24T06:19:56.553655,ETH-USDT,3555.18,3555.92,0.142,7.095
2025-07-24T06:19:56.553698,LTC-USDT,108.75,108.8,15.322,21.424
2025-07-24T06:19:56.553740,SOL-USDT,182.38,182.43,93.483,98.607
2025-07-24T06:19:56.553784,ETH-USDT,3555.18,3555.65,0.142,1.385
2025-07-24T06:19:56.553831,BTC-USDT,117525.0,117525.01,0.057,16.1237
2025-07-24T06:19:56.553899,LTC-USDT,108.81,108.84,46.688,14.462
2025-07-24T06:19:56.553942,XRP-USDT,3.0464,3.0479,33.8,51486.2
2025-07-24T06:19:56.553991,ETH-USDT,3555.7,3555.79,6.262,0.703
2025-07-24T06:19:56.554037,LTC-USDT,108.84,108.88,54.699,71.573
2025-07-24T06:19:56.554080,XRP-USDT,3.0464,3.0479,33.8,51486.2
2025-07-24T06:19:56.554122,BTC-USDT,117504.18,117504.19,6.3014,11.7515
2025-07-24T06:19:56.554163,LTC-USDT,108.87,108.9,38.621,22.062
2025-07-24T06:19:56.554204,XRP-USDT,3.0473,3.0488,1691.0,71792.2
2025-07-24T06:19:56.554247,ETH-USDT,3556.13,3556.22,7.701,0.074
2025-07-24T06:19:56.554289,BTC-USDT,117504.16,117504.19,0.0001,11.7515
2025-07-24T06:19:56.554388,LTC-USDT,108.87,108.92,38.621,19.523
2025-07-24T06:19:56.554605,SOL-USDT,182.41,182.44,108.005,126.798
2025-07-24T06:19:56.554655,ETH-USDT,3556.55,3556.81,6.348,0.127
2025-07-24T06:19:56.554693,BTC-USDT,117500.0,117500.01,64.467,17.6251
2025-07-24T06:19:56.554731,LTC-USDT,108.89,108.92,14.637,45.091
2025-07-24T06:19:56.557012,XRP-USDT,3.0506,3.0521,86577.9,45814.6
2025-07-24T06:20:03.206188,SOL-USDT,182.44,182.5,102.359,89.826
2025-07-24T06:20:03.206235,ETH-USDT,3556.55,3556.98,6.348,5.92
2025-07-24T06:20:03.206280,BTC-USDT,117502.79,117502.8,10.1018,0.112
2025-07-24T06:20:03.206324,LTC-USDT,108.92,108.97,105.62,26.907
2025-07-24T06:20:03.206369,XRP-USDT,3.0504,3.0519,66188.2,111.3
2025-07-24T06:20:03.206414,SOL-USDT,182.5,182.54,124.188,103.406
2025-07-24T06:20:03.206457,SOL-USDT,182.5,182.55,124.188,119.169
2025-07-24T06:20:03.206498,ETH-USDT,3556.55,3556.98,6.348,5.92
2025-07-24T06:20:03.206540,BTC-USDT,117502.79,117502.8,10.1018,0.112
2025-07-24T06:20:03.206584,XRP-USDT,3.0499,3.0514,21709.9,17846.4
2025-07-24T06:20:03.206627,BTC-USDT,117502.79,117502.8,10.1018,0.112
2025-07-24T06:20:03.206672,LTC-USDT,108.95,109.01,72.195,51.033
2025-07-24T06:20:03.206716,XRP-USDT,3.051,3.0525,30089.3,1900.6
2025-07-24T06:20:03.206758,SOL-USDT,182.56,182.61,94.916,123.878
2025-07-24T06:20:03.206802,ETH-USDT,3557.33,3557.42,7.188,6.474
2025-07-24T06:20:03.206881,LTC-USDT,108.99,109.02,52.448,15.071
2025-07-24T06:20:03.206930,ETH-USDT,3557.33,3557.42,7.188,6.474
2025-07-24T06:20:03.207134,BTC-USDT,117509.1,117509.11,17.8148,2.2831
2025-07-24T06:20:03.207182,LTC-USDT,109.04,109.07,50.731,20.715
2025-07-24T06:20:03.207227,XRP-USDT,3.0527,3.0542,30.2,68744.5
2025-07-24T06:20:03.207271,SOL-USDT,182.59,182.63,123.556,128.726
2025-07-24T06:20:03.207314,ETH-USDT,3557.69,3557.78,6.286,0.007
2025-07-24T06:20:03.207356,BTC-USDT,117509.1,117509.11,17.8148,2.2831
2025-07-24T06:20:03.207398,LTC-USDT,109.02,109.07,11.589,20.715
2025-07-24T06:20:03.207440,SOL-USDT,182.59,182.63,123.556,128.726
2025-07-24T06:20:03.207483,ETH-USDT,3557.78,3557.88,6.369,6.057
2025-07-24T06:20:03.207526,BTC-USDT,117510.47,117510.48,15.8573,2.025
2025-07-24T06:20:03.207569,LTC-USDT,109.01,109.04,16.263,45.502
2025-07-24T06:20:03.207611,XRP-USDT,3.0536,3.0551,30366.4,10096.8
2025-07-24T06:20:03.207655,SOL-USDT,182.59,182.66,123.556,112.612
2025-07-24T06:20:03.207698,ETH-USDT,3557.86,3557.96,7.076,5.667
2025-07-24T06:20:03.207740,LTC-USDT,109.04,109.1,18.132,18.712
2025-07-24T06:20:03.207783,SOL-USDT,182.65,182.68,92.463,129.722
2025-07-24T06:20:03.207825,ETH-USDT,3557.94,3558.47,7.85,5.51
2025-07-24T06:20:03.207888,BTC-USDT,117523.48,117523.49,13.3513,0.0009
2025-07-24T06:20:03.207934,LTC-USDT,109.07,109.1,74.889,18.712
2025-07-24T06:20:03.207968,XRP-USDT,3.0546,3.0561,106.1,4472.1
2025-07-24T06:20:03.208001,SOL-USDT,182.68,182.72,105.091,99.828
2025-07-24T06:20:03.208041,ETH-USDT,3558.04,3558.31,7.781,0.497
2025-07-24T06:20:03.208083,LTC-USDT,109.1,109.13,63.61,21.549
2025-07-24T06:20:03.208120,SOL-USDT,182.65,182.69,92.463,113.86
2025-07-24T06:20:03.208156,ETH-USDT,3558.4,3558.49,6.267,0.163
2025-07-24T06:20:03.208192,BTC-USDT,117523.48,117523.49,13.3513,0.0009
2025-07-24T06:20:03.208223,LTC-USDT,109.12,109.15,41.372,5.319
2025-07-24T06:20:03.208263,XRP-USDT,3.0547,3.0562,34.8,32228.6
2025-07-24T06:20:03.208307,SOL-USDT,182.68,182.73,104.17,119.436
2025-07-24T06:20:03.208352,ETH-USDT,3558.6,3558.69,7.586,4.643
2025-07-24T06:20:03.208389,LTC-USDT,109.12,109.16,77.479,7.636
2025-07-24T06:20:03.208430,XRP-USDT,3.0547,3.0562,34.8,32228.6
2025-07-24T06:20:03.208473,SOL-USDT,182.77,182.8,109.927,95.618
2025-07-24T06:20:03.208520,ETH-USDT,3559.19,3559.28,6.535,0.014
2025-07-24T06:20:19.729511,BTC-USDT,117576.26,117576.27,0.0033,23.7568
2025-07-24T06:20:19.729583,ETH-USDT,3560.7,3560.79,0.007,5.995
2025-07-24T06:20:19.729665,SOL-USDT,182.99,183.02,100.906,117.578
2025-07-24T06:20:19.729748,BTC-USDT,117576.26,117576.27,0.0033,23.7568
2025-07-24T06:20:19.729786,XRP-USDT,3.0656,3.0671,26989.2,24925.7
2025-07-24T06:20:19.729849,LTC-USDT,109.34,109.38,12.406,19.119
2025-07-24T06:20:21.352957,LTC-USDT,109.32,109.35,30.222,65.837
2025-07-24T06:20:21.374478,SOL-USDT,182.96,182.99,101.998,88.96
2025-07-24T06:20:21.376120,ETH-USDT,3559.94,3560.03,7.932,0.248
2025-07-24T06:20:21.387587,BTC-USDT,117576.26,117576.27,0.0033,23.7568
2025-07-24T06:20:22.397135,LTC-USDT,109.32,109.35,30.222,65.837
2025-07-24T06:20:22.411402,XRP-USDT,3.0652,3.0667,147952.5,22351.2
2025-07-24T06:20:22.422458,ETH-USDT,3560.11,3560.2,7.967,6.555
2025-07-24T06:20:23.442781,LTC-USDT,109.3,109.35,15.917,65.837
2025-07-24T06:20:23.457010,XRP-USDT,3.0652,3.0667,147952.5,22336.4
2025-07-24T06:20:23.470100,SOL-USDT,182.95,182.99,116.301,88.96
2025-07-24T06:20:23.471927,ETH-USDT,3560.28,3560.37,7.143,0.021
2025-07-24T06:20:23.482350,BTC-USDT,117576.26,117576.27,0.0033,23.7568
2025-07-24T06:20:24.491732,LTC-USDT,109.33,109.36,64.171,16.324
2025-07-24T06:20:24.504795,XRP-USDT,3.065,3.0665,59486.7,2530.3
2025-07-24T06:20:24.514417,SOL-USDT,182.98,183.02,88.671,117.578
2025-07-24T06:20:24.515978,ETH-USDT,3560.44,3560.53,5.659,7.263
2025-07-24T06:20:24.527786,BTC-USDT,117576.26,117576.27,0.0033,23.7568
2025-07-24T06:20:25.539136,LTC-USDT,109.37,109.4,56.032,67.274
2025-07-24T06:20:25.564150,SOL-USDT,182.98,183.05,88.671,124.514
2025-07-24T06:20:25.564202,ETH-USDT,3560.95,3561.04,7.559,0.061
2025-07-24T06:20:26.584637,LTC-USDT,109.37,109.43,56.032,32.714
2025-07-24T06:20:26.597921,XRP-USDT,3.0674,3.0689,61544.6,46.8
2025-07-24T06:20:26.607076,SOL-USDT,183.06,183.09,112.084,115.596
2025-07-24T06:20:26.608417,ETH-USDT,3560.95,3561.18,7.559,5.822
2025-07-24T06:20:27.630174,LTC-USDT,109.36,109.4,18.478,50.424
2025-07-24T06:20:27.656398,SOL-USDT,183.12,183.15,91.718,122.094
2025-07-24T06:20:27.659506,ETH-USDT,3561.43,3561.6,7.016,7.954
2025-07-24T06:20:27.672353,BTC-USDT,117576.26,117576.27,0.0033,23.7568
2025-07-24T06:20:28.681554,LTC-USDT,109.43,109.47,40.976,37.351
2025-07-24T06:20:28.693944,XRP-USDT,3.0682,3.0697,53018.7,31059.0
2025-07-24T06:20:28.704254,SOL-USDT,183.12,183.16,91.718,98.72
2025-07-24T06:20:28.705973,ETH-USDT,3561.76,3561.85,5.843,5.288
2025-07-24T06:20:28.717753,BTC-USDT,117597.82,117597.83,16.1531,6.2947
2025-07-24T06:20:29.728108,LTC-USDT,109.43,109.49,40.976,51.495
2025-07-24T06:20:30.772454,LTC-USDT,109.47,109.5,84.237,20.112
2025-07-24T06:20:30.785260,XRP-USDT,3.069,3.0705,11811.8,66674.9
2025-07-24T06:20:30.794633,SOL-USDT,183.12,183.17,91.718,77.581
2025-07-24T06:20:30.796085,ETH-USDT,3561.83,3561.92,5.799,0.031
2025-07-24T06:20:30.807092,BTC-USDT,117597.82,117597.83,16.1531,6.2947
2025-07-24T06:20:31.816750,LTC-USDT,109.47,109.5,84.237,20.112
2025-07-24T06:20:31.829335,XRP-USDT,3.068,3.0695,48938.8,70357.6
2025-07-24T06:20:31.841157,ETH-USDT,3562.0,3562.09,7.416,0.026
2025-07-24T06:20:31.855158,BTC-USDT,117597.82,117597.83,16.1531,6.2947
2025-07-24T06:20:32.868130,LTC-USDT,109.43,109.47,24.551,64.105
2025-07-24T06:20:32.891738,SOL-USDT,183.1,183.13,87.763,103.017
2025-07-24T06:20:32.894214,ETH-USDT,3562.0,3562.09,7.898,0.026
2025-07-24T06:20:32.910894,BTC-USDT,117599.99,117600.0,21.1922,7.9873
2025-07-24T06:20:33.918245,LTC-USDT,109.47,109.5,75.425,28.806
2025-07-24T06:20:33.946667,SOL-USDT,183.14,183.17,100.337,77.581
2025-07-24T06:20:33.954985,ETH-USDT,3562.95,3563.04,6.223,0.181
2025-07-24T06:20:34.973736,LTC-USDT,109.47,109.52,75.425,16.828
2025-07-24T06:20:34.987487,XRP-USDT,3.0684,3.0699,12254.8,23166.3
2025-07-24T06:20:34.995263,SOL-USDT,183.17,183.22,87.849,124.987
2025-07-24T06:20:35.009528,BTC-USDT,117599.99,117619.55,21.1922,2.4417
2025-07-24T06:20:36.035859,XRP-USDT,3.0676,3.0691,18818.7,122635.8
2025-07-24T06:20:36.047529,ETH-USDT,3562.7,3562.79,5.814,8.013
2025-07-24T06:20:37.092558,SOL-USDT,183.14,183.19,100.337,124.869
2025-07-24T06:20:37.094519,ETH-USDT,3562.32,3562.41,0.52,8.081
2025-07-24T06:20:37.107895,BTC-USDT,117619.54,117619.55,0.3349,2.4417
2025-07-24T06:20:38.119266,LTC-USDT,109.38,109.44,18.493,44.912
2025-07-24T06:20:38.131141,XRP-USDT,3.0649,3.0664,3491.8,89551.3
2025-07-24T06:20:38.140382,SOL-USDT,183.06,183.09,112.084,89.858
2025-07-24T06:20:38.144120,ETH-USDT,3561.97,3562.06,0.184,6.558
2025-07-24T06:20:38.154369,BTC-USDT,117619.54,117619.55,0.3349,2.4417
2025-07-24T06:20:39.164992,LTC-USDT,109.33,109.36,64.171,53.094
2025-07-24T06:20:39.189917,SOL-USDT,183.01,183.05,112.051,126.733
2025-07-24T06:20:39.191855,ETH-USDT,3560.86,3560.95,0.504,5.584
2025-07-24T06:20:39.202859,BTC-USDT,117587.04,117587.05,1.2303,21.9763
2025-07-24T06:20:40.211948,LTC-USDT,109.33,109.36,64.171,53.094
2025-07-24T06:20:40.225426,XRP-USDT,3.0631,3.0646,72024.3,74533.7
2025-07-24T06:20:40.234236,SOL-USDT,183.01,183.05,112.051,126.733
2025-07-24T06:20:41.255989,LTC-USDT,109.33,109.36,64.171,53.094
2025-07-24T06:20:41.280787,SOL-USDT,183.01,183.05,112.051,126.733
2025-07-24T06:20:41.292605,BTC-USDT,117575.64,117575.65,10.7275,9.9939
2025-07-24T06:20:42.301293,LTC-USDT,109.36,109.39,42.388,14.954
2025-07-24T06:20:42.324660,ETH-USDT,3561.36,3561.45,7.74,6.41
2025-07-24T06:20:42.336086,BTC-USDT,117575.64,117575.65,10.7275,9.9939
2025-07-24T06:20:43.344370,LTC-USDT,109.36,109.4,42.388,16.193
2025-07-24T06:20:43.379649,BTC-USDT,117575.64,117575.65,10.7275,9.9939
2025-07-24T06:20:44.401120,XRP-USDT,3.064,3.0655,67217.8,16071.1
2025-07-24T06:20:44.412168,ETH-USDT,3560.86,3561.45,0.504,6.41
2025-07-24T06:20:45.432251,LTC-USDT,109.33,109.36,64.171,57.394
2025-07-24T06:20:45.445101,XRP-USDT,3.0638,3.0653,6511.4,10420.3
2025-07-24T06:20:45.456457,ETH-USDT,3561.25,3561.35,7.417,2.964
2025-07-24T06:20:45.468011,BTC-USDT,117586.13,117586.14,20.7377,4.6174
2025-07-24T06:20:47.520559,LTC-USDT,109.3,109.33,16.31,67.021
2025-07-24T06:20:47.544249,SOL-USDT,182.96,182.99,101.931,116.787
2025-07-24T06:20:47.545718,ETH-USDT,3560.77,3560.86,0.117,7.607
2025-07-24T06:20:47.558105,BTC-USDT,117586.13,117586.14,20.7377,4.6174
2025-07-24T06:20:48.570555,LTC-USDT,109.3,109.33,16.31,67.021
2025-07-24T06:20:48.581555,XRP-USDT,3.0623,3.0638,13983.9,38022.9
2025-07-24T06:20:48.592381,SOL-USDT,182.96,182.99,101.931,116.787
2025-07-24T06:20:49.617907,LTC-USDT,109.37,109.4,60.337,16.193
2025-07-24T06:20:49.631082,XRP-USDT,3.0623,3.0638,13983.9,38022.9
2025-07-24T06:20:49.640280,SOL-USDT,183.03,183.07,93.026,125.744
2025-07-24T06:20:49.642244,ETH-USDT,3561.42,3562.28,7.533,6.038
2025-07-24T06:20:49.653204,BTC-USDT,117586.12,117586.14,0.0002,4.6174
2025-07-24T06:20:50.665593,LTC-USDT,109.42,109.45,43.275,19.286
2025-07-24T06:20:50.679504,XRP-USDT,3.0649,3.0664,35843.6,89551.3
2025-07-24T06:20:50.695926,SOL-USDT,183.03,183.09,93.026,89.858
2025-07-24T06:20:50.697204,ETH-USDT,3562.14,3562.23,7.57,0.122
2025-07-24T06:20:50.702991,BTC-USDT,117586.13,117586.14,11.1652,4.6174
2025-07-24T06:20:51.709800,LTC-USDT,109.42,109.45,43.275,19.286
2025-07-24T06:20:51.732841,SOL-USDT,183.03,183.09,93.026,89.858
2025-07-24T06:20:51.735649,ETH-USDT,3562.84,3562.93,5.89,7.49
2025-07-24T06:20:52.771426,XRP-USDT,3.0652,3.0667,16810.0,64774.3
2025-07-24T06:20:52.780719,SOL-USDT,183.06,183.09,125.735,89.858
2025-07-24T06:20:52.794959,BTC-USDT,117586.13,117586.14,11.1652,4.6174
2025-07-24T06:20:53.809351,LTC-USDT,109.4,109.45,9.695,19.286
2025-07-24T06:20:53.833752,ETH-USDT,3562.67,3562.76,0.006,5.8
2025-07-24T06:20:54.894212,BTC-USDT,117586.13,117586.14,11.1652,4.6174
2025-07-24T06:20:55.920101,XRP-USDT,3.0652,3.0667,16810.0,64774.3
2025-07-24T06:20:56.976915,XRP-USDT,3.0655,3.067,14811.2,29899.9
2025-07-24T06:20:56.986832,SOL-USDT,183.06,183.12,125.735,112.421
2025-07-24T06:20:57.003528,BTC-USDT,117589.39,117589.4,23.9686,0.0937
2025-07-24T06:20:58.013657,LTC-USDT,109.43,109.46,77.206,15.435
2025-07-24T06:20:58.027396,XRP-USDT,3.0662,3.0677,50400.0,30968.7
2025-07-24T06:20:58.037731,SOL-USDT,183.09,183.12,130.557,112.421
2025-07-24T06:20:59.060432,LTC-USDT,109.4,109.47,38.668,42.237
2025-07-24T06:20:59.090945,SOL-USDT,183.09,183.15,130.557,88.298
2025-07-24T06:20:59.092527,ETH-USDT,3562.55,3562.64,0.113,7.653
2025-07-24T06:20:59.105759,BTC-USDT,117591.75,117591.76,19.2311,0.0011
2025-07-24T06:21:00.115489,LTC-USDT,109.4,109.44,38.668,43.537
2025-07-24T06:21:00.130068,XRP-USDT,3.065,3.0665,20205.1,50529.4
2025-07-24T06:21:00.139909,SOL-USDT,183.06,183.09,125.735,119.16
2025-07-24T06:21:00.142934,ETH-USDT,3562.55,3562.64,0.113,7.653
2025-07-24T06:21:01.162589,LTC-USDT,109.36,109.4,15.804,31.256
2025-07-24T06:21:01.184489,SOL-USDT,183.02,183.05,122.992,91.365
2025-07-24T06:21:01.186342,ETH-USDT,3561.25,3561.34,0.089,5.42
2025-07-24T06:21:01.197430,BTC-USDT,117591.75,117591.76,19.2311,0.0011
2025-07-24T06:21:02.205604,LTC-USDT,109.33,109.36,47.512,12.116
2025-07-24T06:21:02.219049,XRP-USDT,3.0629,3.0644,31051.6,95543.2
2025-07-24T06:21:02.227799,SOL-USDT,182.96,183.0,101.931,102.128
2025-07-24T06:21:02.229319,ETH-USDT,3561.25,3561.7,0.089,6.865
2025-07-24T06:21:03.251464,LTC-USDT,109.33,109.38,47.512,12.054
2025-07-24T06:21:03.274712,SOL-USDT,183.02,183.05,121.719,114.671
2025-07-24T06:21:03.276357,ETH-USDT,3561.69,3561.78,5.634,8.071
2025-07-24T06:21:03.287707,BTC-USDT,117591.75,117591.76,19.2311,0.0011
2025-07-24T06:21:04.295819,LTC-USDT,109.36,109.4,26.758,31.256
2025-07-24T06:21:04.307253,XRP-USDT,3.0638,3.0653,40893.8,20493.2
2025-07-24T06:21:04.316318,SOL-USDT,183.02,183.06,121.719,101.441
2025-07-24T06:21:04.317689,ETH-USDT,3561.78,3561.87,5.984,0.072
2025-07-24T06:21:05.338506,LTC-USDT,109.36,109.4,26.758,31.256
2025-07-24T06:21:05.378417,BTC-USDT,117591.75,117591.76,19.2311,0.0011
2025-07-24T06:21:06.409893,XRP-USDT,3.0654,3.0669,21722.0,94675.5
2025-07-24T06:21:06.418058,SOL-USDT,183.05,183.08,99.198,101.489
2025-07-24T06:21:06.419341,ETH-USDT,3562.12,3562.21,7.475,5.707
2025-07-24T06:21:06.431283,BTC-USDT,117591.75,117591.76,19.2311,0.0011
2025-07-24T06:21:07.441576,LTC-USDT,109.36,109.41,26.758,15.0
2025-07-24T06:21:07.467318,SOL-USDT,183.02,183.05,94.976,125.368
2025-07-24T06:21:08.501625,XRP-USDT,3.0652,3.0667,79069.6,1694.2
2025-07-24T06:21:08.514075,ETH-USDT,3561.78,3561.89,5.984,5.957
2025-07-24T06:21:08.525752,BTC-USDT,117591.75,117591.76,19.2311,0.0011
2025-07-24T06:21:09.560649,SOL-USDT,183.0,183.05,99.889,125.368
2025-07-24T06:21:09.565600,ETH-USDT,3561.64,3561.73,0.072,5.791
2025-07-24T06:21:10.584925,LTC-USDT,109.35,109.41,21.894,20.212
2025-07-24T06:21:10.601771,XRP-USDT,3.0644,3.0659,93077.9,30323.3
2025-07-24T06:21:10.621728,BTC-USDT,117591.75,117591.76,19.2311,0.0011
2025-07-24T06:21:11.648709,XRP-USDT,3.0644,3.0664,93077.9,19853.8
2025-07-24T06:21:12.679509,LTC-USDT,109.37,109.41,45.52,20.212
2025-07-24T06:21:12.693619,XRP-USDT,3.0649,3.0664,23917.4,19853.8
2025-07-24T06:21:12.703137,SOL-USDT,183.03,183.06,101.965,96.292
2025-07-24T06:21:12.715446,BTC-USDT,117591.75,117591.76,19.2311,0.0011
2025-07-24T06:21:13.723758,LTC-USDT,109.35,109.41,21.894,20.212
2025-07-24T06:21:14.768361,LTC-USDT,109.35,109.41,21.894,20.212
2025-07-24T06:21:14.779956,XRP-USDT,3.0653,3.0668,11935.6,9928.4
2025-07-24T06:21:14.789743,SOL-USDT,183.03,183.08,101.965,124.178
2025-07-24T06:21:14.803191,BTC-USDT,117591.75,117591.76,19.2311,0.0011
2025-07-24T06:21:15.829298,XRP-USDT,3.0653,3.0668,11935.6,9928.4
2025-07-24T06:21:15.840730,ETH-USDT,3561.25,3561.73,0.089,5.791
2025-07-24T06:21:16.895854,SOL-USDT,183.02,183.05,109.88,128.114
2025-07-24T06:21:16.898718,ETH-USDT,3560.78,3561.04,7.289,8.043
2025-07-24T06:21:16.909287,BTC-USDT,117591.75,117591.76,19.2311,0.0011
2025-07-24T06:21:17.933795,XRP-USDT,3.0656,3.0671,22941.4,15638.7
2025-07-24T06:21:17.946285,ETH-USDT,3561.25,3561.34,5.714,7.584
2025-07-24T06:21:17.959624,BTC-USDT,117591.75,117591.76,19.2311,0.0011
2025-07-24T06:21:18.971122,LTC-USDT,109.33,109.37,47.512,46.049
2025-07-24T06:21:18.997611,SOL-USDT,182.99,183.02,90.275,90.058
2025-07-24T06:21:19.000022,ETH-USDT,3560.91,3561.0,2.661,7.995
2025-07-24T06:21:19.011062,BTC-USDT,117591.75,117591.76,19.2311,0.0011
2025-07-24T06:21:20.025338,LTC-USDT,109.33,109.37,47.512,46.049
2025-07-24T06:21:20.041938,XRP-USDT,3.0652,3.0667,42752.3,3253.1
2025-07-24T06:21:20.054299,SOL-USDT,182.99,183.02,90.275,90.058
2025-07-24T06:21:21.081459,LTC-USDT,109.33,109.38,47.512,15.569
2025-07-24T06:21:21.107345,SOL-USDT,183.03,183.06,107.792,97.7
2025-07-24T06:21:21.121772,BTC-USDT,117591.75,117591.76,19.2311,0.0011
2025-07-24T06:21:22.149299,XRP-USDT,3.0662,3.0677,12863.8,30968.7
2025-07-24T06:21:22.159371,SOL-USDT,182.99,183.06,90.275,97.7
2025-07-24T06:21:23.207000,ETH-USDT,3560.78,3561.0,7.289,7.995
2025-07-24T06:21:23.218114,BTC-USDT,117591.75,117591.76,19.2311,0.0011
2025-07-24T06:21:24.229228,LTC-USDT,109.3,109.34,14.174,84.543
2025-07-24T06:21:24.244832,XRP-USDT,3.0654,3.0669,30717.4,10313.2
2025-07-24T06:21:24.255533,SOL-USDT,182.98,183.02,102.014,118.147
2025-07-24T06:21:24.257128,ETH-USDT,3560.73,3560.82,6.408,6.633
2025-07-24T06:21:25.279809,LTC-USDT,109.3,109.35,14.174,30.511
2025-07-24T06:21:25.293540,XRP-USDT,3.0654,3.0669,30717.4,10313.2
2025-07-24T06:21:25.304231,SOL-USDT,182.98,183.02,102.014,118.147
2025-07-24T06:21:25.305717,ETH-USDT,3560.73,3560.82,6.408,6.633
2025-07-24T06:21:25.317430,BTC-USDT,117591.75,117591.76,19.2311,0.0011
2025-07-24T06:21:26.339132,XRP-USDT,3.0658,3.0673,14593.8,32690.9
2025-07-24T06:21:26.350324,ETH-USDT,3560.41,3560.5,0.128,6.725
2025-07-24T06:21:27.390464,SOL-USDT,182.96,183.02,101.931,118.147
2025-07-24T06:21:27.402263,BTC-USDT,117591.75,117591.76,19.2311,0.0011
2025-07-24T06:21:28.472595,XRP-USDT,3.0653,3.0668,21417.8,44476.1
2025-07-24T06:21:28.497568,BTC-USDT,117591.75,117591.76,19.2311,0.0011
2025-07-24T06:21:29.504973,LTC-USDT,109.3,109.35,14.174,30.511
2025-07-24T06:21:31.595291,LTC-USDT,109.27,109.32,78.232,59.455
2025-07-24T06:21:31.617580,SOL-USDT,182.96,182.99,97.426,120.762
2025-07-24T06:21:31.631836,BTC-USDT,117591.75,117591.76,19.2311,0.0011
2025-07-24T06:21:32.642267,LTC-USDT,109.18,109.24,20.048,54.666
2025-07-24T06:21:32.668224,XRP-USDT,3.0659,3.0674,145.6,55423.7
2025-07-24T06:21:32.674716,SOL-USDT,182.9,182.93,123.415,116.536
2025-07-24T06:21:32.679282,ETH-USDT,3559.47,3559.94,0.156,5.857
2025-07-24T06:21:32.691677,BTC-USDT,117591.75,117591.76,19.2311,0.0011
2025-07-24T06:21:33.703264,LTC-USDT,109.18,109.24,37.389,54.666
2025-07-24T06:21:33.723707,SOL-USDT,182.9,182.93,123.415,116.536
2025-07-24T06:21:33.725655,ETH-USDT,3559.47,3559.56,0.156,6.62
2025-07-24T06:21:34.745851,LTC-USDT,109.18,109.24,17.341,54.666
2025-07-24T06:21:34.759440,XRP-USDT,3.0638,3.0653,40893.8,14737.8
2025-07-24T06:21:34.769380,SOL-USDT,182.88,182.93,122.678,116.536
2025-07-24T06:21:34.782173,BTC-USDT,117591.75,117591.76,19.2311,0.0011
2025-07-24T06:21:35.803663,XRP-USDT,3.0644,3.0659,5448.0,32665.5
2025-07-24T06:21:35.815418,SOL-USDT,182.88,182.93,122.678,116.536
2025-07-24T06:24:34.689818,LTC-USDT,109.25,109.28,64.911,19.175
2025-07-24T06:24:34.689893,SOL-USDT,182.92,182.97,130.267,104.863
2025-07-24T06:24:34.689946,ETH-USDT,3560.17,3560.26,6.252,6.687
2025-07-24T06:24:34.689988,BTC-USDT,117591.75,117591.76,19.2311,0.0011
2025-07-24T06:24:34.690028,LTC-USDT,109.25,109.29,64.911,16.714
2025-07-24T06:24:34.690080,SOL-USDT,182.95,182.99,104.772,120.762
2025-07-24T06:24:34.690124,ETH-USDT,3560.17,3560.46,6.252,5.455
2025-07-24T06:24:34.690169,LTC-USDT,109.29,109.33,33.998,17.443
2025-07-24T06:24:34.690212,XRP-USDT,3.0662,3.0677,69360.2,30968.7
2025-07-24T06:24:34.690260,SOL-USDT,183.01,183.04,99.305,101.235
2025-07-24T06:24:34.690305,ETH-USDT,3560.17,3560.46,6.252,5.455
2025-07-24T06:24:34.690349,BTC-USDT,117594.17,117594.18,22.3087,0.8804
2025-07-24T06:24:34.690395,XRP-USDT,3.0667,3.0682,123.8,28647.0
2025-07-24T06:24:34.690441,SOL-USDT,183.01,183.04,99.305,101.235
2025-07-24T06:24:34.690486,LTC-USDT,109.25,109.29,37.132,75.584
2025-07-24T06:24:34.690527,BTC-USDT,117594.17,117594.18,22.3087,0.8804
2025-07-24T06:24:34.690573,LTC-USDT,109.24,109.29,23.695,75.584
2025-07-24T06:24:34.690616,XRP-USDT,3.0663,3.0678,15648.8,47827.0
2025-07-24T06:24:34.690656,SOL-USDT,182.93,182.96,95.928,102.264
2025-07-24T06:24:34.690698,ETH-USDT,3560.09,3560.18,0.01,8.088
2025-07-24T06:24:34.690741,LTC-USDT,109.22,109.25,17.932,93.56
2025-07-24T06:24:34.690783,SOL-USDT,182.93,182.96,95.928,102.264
2025-07-24T06:24:34.690826,BTC-USDT,117594.17,117594.18,22.3087,0.8804
2025-07-24T06:24:34.690896,XRP-USDT,3.0657,3.0672,34668.4,5495.9
2025-07-24T06:24:34.690943,BTC-USDT,117594.17,117594.18,22.3087,0.8804
2025-07-24T06:24:34.690984,XRP-USDT,3.0653,3.0668,42523.5,16611.4
2025-07-24T06:24:34.691019,ETH-USDT,3559.94,3560.03,0.006,7.231
2025-07-24T06:24:34.691056,LTC-USDT,109.22,109.26,17.932,26.871
2025-07-24T06:24:35.635447,ETH-USDT,3560.11,3560.2,6.39,0.186
2025-07-24T06:24:35.635484,BTC-USDT,117594.17,117594.18,22.3087,0.8804
2025-07-24T06:24:35.635521,LTC-USDT,109.26,109.3,73.128,28.423
2025-07-24T06:24:35.635558,XRP-USDT,3.066,3.0675,36896.1,37849.2
2025-07-24T06:24:35.635595,SOL-USDT,182.93,183.01,95.928,109.569
2025-07-24T06:24:35.635629,ETH-USDT,3561.32,3561.52,7.842,0.228
2025-07-24T06:24:35.635663,LTC-USDT,109.36,109.39,76.254,26.511
2025-07-24T06:24:35.635695,SOL-USDT,183.08,183.11,90.32,128.297
2025-07-24T06:24:35.635731,ETH-USDT,3562.3,3562.39,5.941,0.391
2025-07-24T06:24:35.635762,BTC-USDT,117599.99,117600.0,27.3349,0.1041
2025-07-24T06:24:35.635796,LTC-USDT,109.31,109.34,29.842,26.983
2025-07-24T06:24:35.635830,XRP-USDT,3.0688,3.0703,8071.4,60285.4
2025-07-24T06:24:35.635861,SOL-USDT,183.05,183.08,112.568,102.562
2025-07-24T06:24:35.636003,ETH-USDT,3562.11,3562.22,7.51,6.637
2025-07-24T06:24:35.636117,BTC-USDT,117599.99,117600.0,27.3349,0.1041
2025-07-24T06:24:35.636288,LTC-USDT,109.29,109.34,19.355,26.983
2025-07-24T06:24:35.636449,SOL-USDT,183.03,183.08,87.528,102.562
2025-07-24T06:24:35.636561,ETH-USDT,3561.79,3562.05,0.84,6.616
2025-07-24T06:24:35.636645,BTC-USDT,117615.84,117615.85,19.4595,6.8534
2025-07-24T06:24:46.540296,XRP-USDT,3.0691,3.0706,35688.6,14974.1
2025-07-24T06:24:46.540326,ETH-USDT,3561.79,3562.05,0.84,6.616
2025-07-24T06:24:46.540352,BTC-USDT,117615.84,117615.85,19.4595,6.8534
2025-07-24T06:24:46.540376,LTC-USDT,109.32,109.35,97.411,9.92
2025-07-24T06:24:46.540398,XRP-USDT,3.069,3.0705,48836.3,1812.2
2025-07-24T06:24:46.540418,SOL-USDT,183.07,183.11,123.646,128.297
2025-07-24T06:24:46.540440,LTC-USDT,109.32,109.35,97.411,9.92
2025-07-24T06:24:46.540463,SOL-USDT,183.07,183.11,123.646,128.297
2025-07-24T06:24:46.540489,ETH-USDT,3561.48,3561.57,0.26,6.194
2025-07-24T06:24:46.540512,BTC-USDT,117615.84,117615.85,19.4595,6.8534
2025-07-24T06:24:46.540536,LTC-USDT,109.32,109.35,97.411,9.92
2025-07-24T06:24:46.540560,SOL-USDT,183.07,183.11,123.646,128.297
2025-07-24T06:24:46.540582,LTC-USDT,109.32,109.37,97.411,14.362
2025-07-24T06:24:46.540605,XRP-USDT,3.0689,3.0704,46151.0,26608.4
2025-07-24T06:24:46.540628,ETH-USDT,3561.35,3561.57,7.044,6.194
2025-07-24T06:24:46.540650,BTC-USDT,117615.84,117615.85,19.4595,6.8534
2025-07-24T06:24:46.540675,XRP-USDT,3.0688,3.0703,8071.4,8133.8
2025-07-24T06:24:46.540698,LTC-USDT,109.32,109.35,97.411,68.791
2025-07-24T06:24:46.540722,BTC-USDT,117615.84,117615.85,19.4595,6.8534
2025-07-24T06:24:46.540747,SOL-USDT,183.05,183.11,111.51,128.297
2025-07-24T06:24:46.540769,LTC-USDT,109.32,109.37,97.411,14.362
2025-07-24T06:24:46.540792,ETH-USDT,3561.35,3561.57,7.044,6.194
2025-07-24T06:24:46.540820,BTC-USDT,117615.84,117615.85,19.4595,6.8534
2025-07-24T06:24:46.540844,LTC-USDT,109.41,109.44,52.337,43.537
2025-07-24T06:24:46.542832,XRP-USDT,3.0701,3.0716,21156.2,32586.3
2025-07-24T06:24:46.542916,SOL-USDT,183.14,183.17,98.063,122.791
2025-07-24T06:24:46.542950,ETH-USDT,3561.65,3561.74,7.221,0.52
2025-07-24T06:24:46.542981,LTC-USDT,109.4,109.44,44.998,12.069
2025-07-24T06:24:49.339171,SOL-USDT,183.14,183.17,98.063,122.791
2025-07-24T06:24:49.339195,ETH-USDT,3562.45,3562.54,7.04,7.255
2025-07-24T06:24:49.339219,BTC-USDT,117615.84,117615.85,19.4595,6.8534
2025-07-24T06:24:49.339244,LTC-USDT,109.43,109.49,51.205,79.834
2025-07-24T06:24:49.339271,XRP-USDT,3.0718,3.0725,58630.5,1.6
2025-07-24T06:24:49.339297,SOL-USDT,183.22,183.27,94.819,118.69
2025-07-24T06:24:49.339319,ETH-USDT,3562.95,3563.04,7.618,0.181
2025-07-24T06:24:49.339339,BTC-USDT,117615.84,117615.85,19.4595,6.8534
2025-07-24T06:24:49.339358,LTC-USDT,109.4,109.46,15.456,63.95
2025-07-24T06:24:49.339385,SOL-USDT,183.2,183.23,123.764,110.179
2025-07-24T06:24:49.339439,ETH-USDT,3562.78,3562.87,0.622,7.193
2025-07-24T06:24:49.339469,BTC-USDT,117627.22,117627.23,25.5734,0.5203
2025-07-24T06:24:49.339491,LTC-USDT,109.4,109.46,15.456,63.95
2025-07-24T06:24:49.339512,XRP-USDT,3.0717,3.0725,78627.6,1.6
2025-07-24T06:24:49.339533,SOL-USDT,183.2,183.23,123.764,110.179
2025-07-24T06:24:49.339625,ETH-USDT,3562.98,3563.07,7.155,0.03
2025-07-24T06:24:49.339660,LTC-USDT,109.46,109.49,62.249,79.834
2025-07-24T06:24:49.339687,SOL-USDT,183.24,183.3,122.664,21.58
2025-07-24T06:24:49.339720,ETH-USDT,3563.47,3563.56,7.565,0.05
2025-07-24T06:24:49.339747,BTC-USDT,117627.22,117627.23,25.5734,0.5203
2025-07-24T06:24:49.339775,LTC-USDT,109.48,109.54,94.606,17.399
2025-07-24T06:24:49.339802,XRP-USDT,3.074,3.0755,13203.3,140406.0
2025-07-24T06:24:49.339835,SOL-USDT,183.3,183.34,115.602,10.626
2025-07-24T06:24:49.339863,BTC-USDT,117500.0,117627.25,0.0029,0.0001
2025-07-24T06:24:49.339911,ETH-USDT,3563.57,3563.66,5.607,0.099
2025-07-24T06:24:49.339940,BTC-USDT,117645.46,117645.47,20.6054,2.2739
2025-07-24T06:24:49.339968,ETH-USDT,3563.95,3564.04,7.189,1.454
2025-07-24T06:24:49.339997,LTC-USDT,109.54,109.57,69.658,14.046
2025-07-24T06:24:49.340024,SOL-USDT,183.33,183.36,118.77,122.917
2025-07-24T06:24:49.340052,ETH-USDT,3564.66,3564.75,6.551,7.639
2025-07-24T06:24:49.340281,BTC-USDT,117645.46,117645.47,20.6054,2.2739
2025-07-24T06:24:49.340321,LTC-USDT,109.58,109.63,48.014,14.698
2025-07-24T06:24:49.340353,XRP-USDT,3.0753,3.0768,57416.3,321877.5
2025-07-24T06:24:49.340386,SOL-USDT,183.36,183.39,119.291,52.819
2025-07-24T06:24:49.340420,ETH-USDT,3565.44,3565.53,6.608,0.15
2025-07-24T06:24:49.340455,BTC-USDT,117662.99,119550.0,22.1816,1.0294
2025-07-24T06:24:49.340490,LTC-USDT,109.61,109.65,60.167,25.9
2025-07-24T06:24:49.340521,SOL-USDT,183.41,183.49,126.237,31.188
2025-07-24T06:24:49.340554,ETH-USDT,3566.6,3566.69,6.786,0.065
2025-07-24T06:24:49.340586,BTC-USDT,117662.99,117663.0,22.1816,0.2902
2025-07-24T06:24:49.340622,LTC-USDT,109.65,109.7,49.478,6.433
2025-07-24T06:24:49.340656,XRP-USDT,3.0782,3.0797,60554.0,105.6
2025-07-24T06:24:49.340686,SOL-USDT,183.48,183.52,121.546,132.196
2025-07-24T06:24:49.340718,ETH-USDT,3567.38,3567.47,7.606,0.138
2025-07-24T06:24:49.340753,LTC-USDT,109.65,109.68,60.933,38.066
2025-07-24T06:24:49.340786,XRP-USDT,3.0781,3.0796,44859.9,6386.6
2025-07-24T06:24:49.340820,SOL-USDT,183.48,183.53,121.546,113.069
2025-07-24T06:24:49.340854,ETH-USDT,3567.09,3567.18,6.145,7.271
2025-07-24T06:24:49.340906,BTC-USDT,117675.99,117676.0,21.8197,0.0047
2025-07-24T06:24:49.340945,LTC-USDT,109.63,109.66,22.635,37.45
2025-07-24T06:24:49.340975,SOL-USDT,183.47,183.5,91.242,96.469
2025-07-24T06:24:49.341004,ETH-USDT,3567.0,3567.18,7.738,7.271
2025-07-24T06:24:57.365064,BTC-USDT,117761.99,117762.0,23.4992,0.111
2025-07-24T06:24:57.365107,ETH-USDT,3574.29,3574.4,7.663,5.762
2025-07-24T06:24:57.365139,ETH-USDT,3574.12,3574.21,7.608,6.206
2025-07-24T06:24:57.365168,BTC-USDT,117761.99,117762.0,23.4992,0.111
2025-07-24T06:24:57.365196,SOL-USDT,183.75,183.79,93.94,95.458
2025-07-24T06:24:57.365224,XRP-USDT,3.0882,3.0897,35968.4,71575.9
2025-07-24T06:24:57.365253,LTC-USDT,109.81,109.85,13.218,16.226
2025-07-24T06:24:57.613829,SOL-USDT,183.75,183.79,93.94,95.458
2025-07-24T06:24:57.614252,ETH-USDT,3574.12,3574.21,7.608,6.206
2025-07-24T06:24:57.618941,BTC-USDT,117765.5,117765.51,23.7453,0.0715
2025-07-24T06:24:58.627137,LTC-USDT,109.77,109.81,68.936,48.124
2025-07-24T06:24:58.639585,XRP-USDT,3.0883,3.0898,135236.4,15392.0
2025-07-24T06:24:58.648214,SOL-USDT,183.75,183.79,93.94,95.458
2025-07-24T06:24:58.649365,ETH-USDT,3573.96,3574.21,6.642,6.206
2025-07-24T06:24:58.659816,BTC-USDT,117765.5,117765.51,23.7453,0.0715
2025-07-24T06:24:59.680595,XRP-USDT,3.0886,3.0901,72630.0,59335.1
2025-07-24T06:25:00.745053,BTC-USDT,117765.5,117765.51,23.7453,0.0715
2025-07-24T06:25:01.754086,LTC-USDT,109.79,109.85,56.083,16.226
2025-07-24T06:25:01.787145,BTC-USDT,117765.5,117765.51,23.7453,0.0715
2025-07-24T06:25:02.797169,LTC-USDT,109.77,109.81,68.936,72.916
2025-07-24T06:25:02.809675,XRP-USDT,3.0891,3.0906,20554.0,146006.6
2025-07-24T06:25:02.820286,SOL-USDT,183.79,183.82,91.079,116.119
2025-07-24T06:25:02.826029,ETH-USDT,3573.96,3574.66,6.642,6.782
2025-07-24T06:25:02.835918,BTC-USDT,117770.49,117770.5,25.2423,0.0259
2025-07-24T06:25:03.845271,LTC-USDT,109.8,109.85,83.888,16.226
2025-07-24T06:25:03.865948,SOL-USDT,183.84,183.87,129.246,125.155
2025-07-24T06:25:03.867983,ETH-USDT,3574.44,3574.53,6.586,0.458
2025-07-24T06:25:04.889695,LTC-USDT,109.79,109.82,27.557,53.33
2025-07-24T06:25:04.911511,SOL-USDT,183.79,183.82,91.079,104.412
2025-07-24T06:25:04.913234,ETH-USDT,3574.27,3574.36,0.031,7.899
2025-07-24T06:25:04.924165,BTC-USDT,117787.56,117787.57,21.7782,9.648
2025-07-24T06:25:05.934172,LTC-USDT,109.79,109.82,27.557,53.33
2025-07-24T06:25:05.961233,ETH-USDT,3574.27,3574.36,0.031,7.899
2025-07-24T06:25:06.995925,XRP-USDT,3.0887,3.0902,34789.2,4637.4
2025-07-24T06:25:07.013734,BTC-USDT,117787.56,117787.57,21.7782,9.648
2025-07-24T06:25:08.034562,XRP-USDT,3.089,3.0905,15521.5,8759.9
2025-07-24T06:25:08.045968,SOL-USDT,183.79,183.84,91.079,128.433
2025-07-24T06:25:08.046589,ETH-USDT,3574.21,3574.3,0.126,7.438
2025-07-24T06:25:09.102717,ETH-USDT,3573.75,3573.84,5.992,7.478
2025-07-24T06:25:09.112137,BTC-USDT,117787.56,117787.57,21.7782,9.648
2025-07-24T06:25:10.131903,XRP-USDT,3.0876,3.0891,106217.3,25518.0
2025-07-24T06:25:10.144467,ETH-USDT,3573.75,3573.84,5.992,7.478
2025-07-24T06:25:11.164819,LTC-USDT,109.75,109.78,17.336,66.965
2025-07-24T06:25:11.201022,BTC-USDT,117787.56,117787.57,21.7782,9.648
2025-07-24T06:25:12.234225,LTC-USDT,109.75,109.79,17.336,19.835
2025-07-24T06:25:12.235600,XRP-USDT,3.0881,3.0896,10326.2,19215.7
2025-07-24T06:25:12.235644,SOL-USDT,183.76,183.8,122.196,116.387
2025-07-24T06:25:12.244185,BTC-USDT,117787.56,117787.57,21.7782,9.648
2025-07-24T06:25:13.256770,LTC-USDT,109.78,109.83,23.357,8.005
2025-07-24T06:25:13.274602,SOL-USDT,183.76,183.79,122.196,128.972
2025-07-24T06:25:13.289086,BTC-USDT,117787.56,117787.57,21.7782,9.648
2025-07-24T06:25:14.303536,XRP-USDT,3.0878,3.0893,6059.6,49345.4
2025-07-24T06:25:14.312834,SOL-USDT,183.73,183.79,106.876,128.972
2025-07-24T06:25:15.371664,BTC-USDT,117787.56,117787.57,21.7782,9.648
2025-07-24T06:25:16.380629,LTC-USDT,109.75,109.8,23.839,63.045
2025-07-24T06:25:16.396397,XRP-USDT,3.088,3.0895,6308.6,26216.8
2025-07-24T06:25:16.406053,ETH-USDT,3573.6,3573.69,0.084,7.97
2025-07-24T06:25:16.416401,BTC-USDT,117787.56,117787.57,21.7782,9.648
2025-07-24T06:25:17.423950,LTC-USDT,109.75,109.8,23.839,63.045
2025-07-24T06:25:17.435999,XRP-USDT,3.088,3.0896,6308.6,19215.7
2025-07-24T06:25:17.446016,ETH-USDT,3573.44,3573.53,0.421,5.891
2025-07-24T06:25:18.480171,XRP-USDT,3.0879,3.0894,4538.0,48719.3
2025-07-24T06:25:18.487909,ETH-USDT,3573.44,3573.77,0.421,6.369
2025-07-24T06:25:19.526285,SOL-USDT,183.78,183.82,99.039,124.146
2025-07-24T06:25:19.528023,ETH-USDT,3573.44,3573.65,0.421,5.646
2025-07-24T06:25:19.538527,BTC-USDT,117787.56,117787.57,21.7782,9.648
2025-07-24T06:25:20.546368,LTC-USDT,109.7,109.73,20.867,39.303
2025-07-24T06:25:20.557640,XRP-USDT,3.0883,3.0898,17.2,44709.7
2025-07-24T06:25:20.568919,SOL-USDT,183.78,183.82,99.039,124.146
2025-07-24T06:25:20.568958,ETH-USDT,3573.05,3573.14,0.061,7.23
2025-07-24T06:25:20.578826,BTC-USDT,117787.56,117787.57,21.7782,9.648
2025-07-24T06:25:21.588160,LTC-USDT,109.69,109.73,21.717,39.303
2025-07-24T06:25:21.610840,ETH-USDT,3573.08,3573.17,5.551,6.695
2025-07-24T06:25:22.628307,LTC-USDT,109.69,109.73,21.717,39.303
2025-07-24T06:25:22.639584,XRP-USDT,3.0875,3.089,46777.3,70790.7
2025-07-24T06:25:22.651338,ETH-USDT,3573.08,3573.17,5.551,6.695
2025-07-24T06:25:23.670970,LTC-USDT,109.74,109.77,58.593,56.851
2025-07-24T06:25:23.691001,SOL-USDT,183.78,183.84,99.039,123.843
2025-07-24T06:25:23.692515,ETH-USDT,3573.21,3573.3,7.146,0.01
2025-07-24T06:25:23.703445,BTC-USDT,117787.56,117787.57,21.7782,9.648
2025-07-24T06:25:24.714565,LTC-USDT,109.73,109.77,17.327,56.851
2025-07-24T06:25:24.723975,XRP-USDT,3.0896,3.0909,74641.3,536.6
2025-07-24T06:25:24.745670,BTC-USDT,117787.56,117787.57,21.7782,9.648
2025-07-24T06:25:25.753068,LTC-USDT,109.73,109.77,17.327,56.851
2025-07-24T06:25:25.774552,ETH-USDT,3573.15,3573.24,0.112,6.374
2025-07-24T06:25:26.795345,LTC-USDT,109.71,109.74,25.72,64.63
2025-07-24T06:25:26.815256,ETH-USDT,3572.55,3572.64,7.879,5.409
2025-07-24T06:25:26.825633,BTC-USDT,117787.56,117787.57,21.7782,9.648
2025-07-24T06:25:27.833901,LTC-USDT,109.71,109.75,25.72,23.339
2025-07-24T06:25:27.854737,SOL-USDT,183.81,183.84,127.072,123.843
2025-07-24T06:25:27.856190,ETH-USDT,3572.88,3572.98,6.649,7.707
2025-07-24T06:25:28.896017,XRP-USDT,3.0906,3.0909,60759.4,536.6
2025-07-24T06:25:28.901965,SOL-USDT,183.81,183.86,127.072,129.233
2025-07-24T06:25:28.904086,ETH-USDT,3573.01,3573.1,6.544,0.056
2025-07-24T06:25:28.916783,BTC-USDT,117787.56,117787.57,21.7782,9.648
2025-07-24T06:25:29.926971,LTC-USDT,109.74,109.77,85.946,25.258
2025-07-24T06:25:29.940847,XRP-USDT,3.0928,3.0943,34132.8,28673.4
2025-07-24T06:25:29.949732,SOL-USDT,183.84,183.87,110.852,101.967
2025-07-24T06:25:29.952009,ETH-USDT,3573.22,3573.31,6.108,5.709
2025-07-24T06:25:30.972562,LTC-USDT,109.74,109.78,72.613,12.076
2025-07-24T06:25:30.985470,XRP-USDT,3.0928,3.0943,34132.8,28673.4
2025-07-24T06:25:30.993915,SOL-USDT,183.87,183.91,119.859,102.566
2025-07-24T06:25:30.995120,ETH-USDT,3573.67,3573.76,5.841,0.195
2025-07-24T06:25:31.005668,BTC-USDT,117787.56,117787.57,21.7782,9.648
2025-07-24T06:25:32.014492,LTC-USDT,109.76,109.8,95.038,63.045
2025-07-24T06:25:32.025569,XRP-USDT,3.094,3.0955,101116.1,57741.9
2025-07-24T06:25:32.034696,SOL-USDT,183.92,183.96,128.677,88.315
2025-07-24T06:25:32.035841,ETH-USDT,3573.75,3573.84,6.825,7.478
2025-07-24T06:25:33.095653,BTC-USDT,117806.88,117806.89,22.7875,8.4665
2025-07-24T06:25:34.119418,XRP-USDT,3.0937,3.0952,27411.3,13541.8
2025-07-24T06:25:34.131120,SOL-USDT,183.92,183.96,128.677,88.315
2025-07-24T06:25:34.146326,BTC-USDT,117806.88,117806.89,22.7875,8.4665
2025-07-24T06:25:35.185943,BTC-USDT,117806.88,117806.89,22.7875,8.4665
2025-07-24T06:25:36.349113,XRP-USDT,3.0927,3.0942,38185.2,62115.0
2025-07-24T06:25:36.361966,ETH-USDT,3573.5,3573.59,7.552,5.53
2025-07-24T06:25:37.414727,BTC-USDT,117806.88,117806.89,22.7875,8.4665
2025-07-24T06:25:38.433186,XRP-USDT,3.0927,3.0928,38185.2,142.1
2025-07-24T06:25:38.441846,SOL-USDT,183.95,183.99,122.387,103.194
2025-07-24T06:25:39.482379,SOL-USDT,183.95,183.99,122.387,103.194
2025-07-24T06:25:39.483790,ETH-USDT,3573.63,3573.84,7.658,7.478
2025-07-24T06:25:39.496312,BTC-USDT,117806.88,117806.89,22.7875,8.4665
2025-07-24T06:25:40.504487,LTC-USDT,109.79,109.83,88.933,32.987
2025-07-24T06:25:40.516163,XRP-USDT,3.0939,3.0954,46440.5,17518.8
2025-07-24T06:25:40.525804,SOL-USDT,183.95,184.01,122.387,117.25
2025-07-24T06:25:40.526977,ETH-USDT,3573.83,3573.92,7.591,0.01
2025-07-24T06:25:40.538266,BTC-USDT,117806.88,117806.89,22.7875,8.4665
2025-07-24T06:25:41.547351,LTC-USDT,109.79,109.83,88.933,32.987
2025-07-24T06:25:41.570480,SOL-USDT,183.98,184.01,125.001,117.25
2025-07-24T06:25:41.582045,BTC-USDT,117806.88,117806.89,22.7875,8.4665
2025-07-24T06:25:42.590283,LTC-USDT,109.79,109.83,88.933,32.987
2025-07-24T06:25:42.621743,BTC-USDT,117806.88,117806.89,22.7875,8.4665
2025-07-24T06:25:43.630548,LTC-USDT,109.82,109.87,76.448,23.335
2025-07-24T06:25:43.651238,SOL-USDT,183.98,184.05,125.001,113.574
2025-07-24T06:25:43.652604,ETH-USDT,3574.08,3574.17,6.655,0.019
2025-07-24T06:25:43.665471,BTC-USDT,117806.88,117806.89,22.7875,8.4665
2025-07-24T06:25:44.674515,LTC-USDT,109.86,109.89,45.439,12.237
2025-07-24T06:25:44.687152,XRP-USDT,3.0946,3.0961,12290.7,13097.2
2025-07-24T06:25:44.698770,SOL-USDT,184.01,184.05,95.738,113.574
2025-07-24T06:25:44.700822,ETH-USDT,3574.42,3574.53,7.002,0.458
2025-07-24T06:25:44.713082,BTC-USDT,117806.88,117806.89,22.7875,8.4665
2025-07-24T06:25:45.722361,LTC-USDT,109.84,109.89,13.951,12.237
2025-07-24T06:25:45.734121,XRP-USDT,3.0958,3.0973,45624.8,33805.8
2025-07-24T06:25:45.742683,SOL-USDT,184.01,184.05,95.738,113.574
2025-07-24T06:25:45.744153,ETH-USDT,3574.42,3574.66,7.002,6.782
2025-07-24T06:25:46.763245,LTC-USDT,109.87,109.93,74.238,24.883
2025-07-24T06:25:46.774632,XRP-USDT,3.0958,3.0973,45517.6,33805.8
2025-07-24T06:25:46.786538,ETH-USDT,3574.66,3574.76,6.264,0.065
2025-07-24T06:25:46.796678,BTC-USDT,117806.88,117806.89,22.7875,8.4665
2025-07-24T06:25:47.805817,LTC-USDT,109.84,109.89,28.219,15.108
2025-07-24T06:25:47.837648,BTC-USDT,117806.88,117806.89,22.7875,8.4665
2025-07-24T06:25:48.847338,LTC-USDT,109.88,109.91,86.173,11.107
2025-07-24T06:25:48.860179,XRP-USDT,3.096,3.0975,24033.4,174317.8
2025-07-24T06:25:48.883769,BTC-USDT,117806.86,117806.91,0.0001,0.0001
2025-07-24T06:25:49.892074,LTC-USDT,109.9,109.93,85.329,24.883
2025-07-24T06:25:49.905108,XRP-USDT,3.0969,3.0984,43560.4,17464.2
2025-07-24T06:25:49.914153,SOL-USDT,184.04,184.09,90.899,109.571
2025-07-24T06:25:49.915972,ETH-USDT,3575.11,3575.2,5.532,0.034
2025-07-24T06:25:50.940469,LTC-USDT,109.9,109.95,85.329,16.902
2025-07-24T06:25:50.964423,ETH-USDT,3575.38,3575.47,7.351,7.339
2025-07-24T06:25:50.974811,BTC-USDT,117816.64,117816.65,22.1971,0.0253
2025-07-24T06:25:51.993779,XRP-USDT,3.0969,3.0984,43560.4,17464.2
2025-07-24T06:25:53.035660,XRP-USDT,3.096,3.0975,24033.4,49276.8
2025-07-24T06:25:53.062772,BTC-USDT,117820.85,117820.86,25.8281,0.018
2025-07-24T06:25:54.082000,XRP-USDT,3.0963,3.0978,1881.9,33519.7
2025-07-24T06:25:54.091354,SOL-USDT,184.07,184.1,97.401,125.882
2025-07-24T06:25:55.132718,ETH-USDT,3575.45,3575.56,7.622,5.613
2025-07-24T06:25:55.142619,BTC-USDT,117820.85,117820.86,25.8281,0.018
2025-07-24T06:25:56.168073,XRP-USDT,3.0968,3.0977,16812.1,77.5
2025-07-24T06:25:56.180370,ETH-USDT,3575.45,3575.56,7.622,5.613
2025-07-24T06:25:57.215651,XRP-USDT,3.0968,3.0977,16812.1,77.5
2025-07-24T06:25:57.236735,BTC-USDT,117827.22,117827.23,21.4216,2.9777
2025-07-24T06:25:58.257688,XRP-USDT,3.0967,3.0977,1634.4,77.5
2025-07-24T06:25:58.267938,ETH-USDT,3575.38,3575.47,7.351,6.065
2025-07-24T06:25:58.277625,BTC-USDT,117827.22,117827.23,21.4216,2.9777
2025-07-24T06:25:59.285536,LTC-USDT,109.88,109.91,86.173,63.44
2025-07-24T06:25:59.305681,SOL-USDT,184.04,184.07,90.899,125.077
2025-07-24T06:25:59.308672,ETH-USDT,3575.18,3575.27,6.496,6.897
2025-07-24T06:25:59.318702,BTC-USDT,117827.22,117827.23,21.4216,2.9777
2025-07-24T06:26:00.327695,LTC-USDT,109.88,109.91,86.173,63.44
2025-07-24T06:26:00.340354,XRP-USDT,3.0954,3.0969,10146.8,48892.5
2025-07-24T06:26:00.351756,SOL-USDT,184.01,184.07,117.286,125.077
2025-07-24T06:26:00.353618,ETH-USDT,3575.11,3575.27,5.532,6.897
2025-07-24T06:26:01.468959,LTC-USDT,109.87,109.92,19.507,13.343
2025-07-24T06:26:01.493198,SOL-USDT,184.01,184.04,117.286,99.506
2025-07-24T06:26:01.496201,ETH-USDT,3575.11,3575.2,5.532,8.003
2025-07-24T06:26:01.508570,BTC-USDT,117827.22,117827.23,21.4216,2.9777
2025-07-24T06:26:02.532132,XRP-USDT,3.0956,3.0971,30.2,99607.6
2025-07-24T06:26:02.557777,BTC-USDT,117827.22,117827.23,21.4216,2.9777
2025-07-24T06:26:03.567817,LTC-USDT,109.91,109.95,87.834,16.902
2025-07-24T06:26:03.579456,XRP-USDT,3.0963,3.0977,46601.4,77.5
2025-07-24T06:26:03.588524,SOL-USDT,184.06,184.1,101.77,122.367
2025-07-24T06:26:03.589981,ETH-USDT,3575.51,3575.6,7.498,0.191
2025-07-24T06:26:03.601285,BTC-USDT,117831.43,117831.44,25.9868,0.0002
2025-07-24T06:26:04.610658,LTC-USDT,109.9,109.94,32.232,37.511
2025-07-24T06:26:04.634619,SOL-USDT,184.04,184.1,111.115,122.367
2025-07-24T06:26:04.636399,ETH-USDT,3575.11,3575.6,5.532,0.191
2025-07-24T06:26:04.647274,BTC-USDT,117840.55,117840.56,25.5772,0.6161
2025-07-24T06:26:05.655580,LTC-USDT,109.84,109.88,28.219,53.625
2025-07-24T06:26:05.677133,SOL-USDT,183.98,184.03,125.001,96.167
2025-07-24T06:26:05.678754,ETH-USDT,3574.66,3574.84,6.264,6.677
2025-07-24T06:26:06.699768,LTC-USDT,109.79,109.82,88.933,53.204
2025-07-24T06:26:06.713890,XRP-USDT,3.0927,3.0942,5626.9,108356.6
2025-07-24T06:26:06.725934,SOL-USDT,183.93,183.97,93.743,120.215
2025-07-24T06:26:06.727769,ETH-USDT,3574.24,3574.67,0.06,7.343
2025-07-24T06:26:06.743647,BTC-USDT,117840.55,117840.56,25.5772,0.6161
2025-07-24T06:26:07.754452,LTC-USDT,109.79,109.84,63.4,63.811
2025-07-24T06:26:07.768808,XRP-USDT,3.0927,3.0948,5626.9,30504.1
2025-07-24T06:26:07.773994,SOL-USDT,183.98,184.02,112.988,107.75
2025-07-24T06:26:07.776502,ETH-USDT,3574.69,3574.78,7.043,0.041
2025-07-24T06:26:07.786629,BTC-USDT,117840.55,117840.56,25.5772,0.6161
2025-07-24T06:26:08.794478,LTC-USDT,109.82,109.85,83.741,21.174
2025-07-24T06:26:08.805676,XRP-USDT,3.0947,3.0962,3252.6,69479.5
2025-07-24T06:26:08.814812,SOL-USDT,183.98,184.03,112.988,123.245
2025-07-24T06:26:08.816571,ETH-USDT,3574.69,3574.78,7.043,0.041
2025-07-24T06:26:08.826442,BTC-USDT,117840.55,117840.56,25.5772,0.6161
2025-07-24T06:26:09.835273,LTC-USDT,109.89,109.92,102.865,18.31
2025-07-24T06:26:09.850380,XRP-USDT,3.0947,3.0962,3252.6,69479.5
2025-07-24T06:26:09.856625,SOL-USDT,184.01,184.06,89.289,110.335
2025-07-24T06:26:09.858210,ETH-USDT,3575.19,3575.3,5.718,7.062
2025-07-24T06:26:10.879900,LTC-USDT,109.89,109.93,102.865,24.548
2025-07-24T06:26:10.892160,XRP-USDT,3.0977,3.0992,34730.3,16149.1
2025-07-24T06:26:10.901854,SOL-USDT,184.04,184.08,105.461,97.989
2025-07-24T06:26:10.903016,ETH-USDT,3575.36,3575.45,7.557,1.12
2025-07-24T06:26:10.913712,BTC-USDT,117840.55,117840.56,25.5772,0.6161
2025-07-24T06:26:11.921617,LTC-USDT,109.89,109.94,102.865,37.511
2025-07-24T06:26:11.940655,XRP-USDT,3.098,3.0995,106648.9,30760.8
2025-07-24T06:26:11.949345,SOL-USDT,184.07,184.1,120.358,122.367
2025-07-24T06:26:11.953290,ETH-USDT,3575.86,3576.04,6.58,1.151
2025-07-24T06:26:12.970558,LTC-USDT,109.93,109.96,128.204,12.262
2025-07-24T06:26:12.993125,ETH-USDT,3575.86,3576.04,6.58,1.151
2025-07-24T06:26:13.003116,BTC-USDT,117846.14,117846.15,24.3262,0.0274
2025-07-24T06:26:14.012088,LTC-USDT,109.93,109.98,128.204,37.933
2025-07-24T06:26:14.025453,XRP-USDT,3.0992,3.1001,36221.1,425.0
2025-07-24T06:26:14.035947,SOL-USDT,184.07,184.12,120.358,124.724
2025-07-24T06:26:15.056946,LTC-USDT,109.89,109.93,32.599,47.532
2025-07-24T06:26:15.080448,SOL-USDT,184.01,184.06,96.683,126.708
2025-07-24T06:26:15.082682,ETH-USDT,3575.7,3575.79,6.868,6.419
2025-07-24T06:26:15.094715,BTC-USDT,117851.2,117851.21,18.0527,0.0921
2025-07-24T06:26:16.121593,XRP-USDT,3.097,3.0985,1728.9,50523.7
2025-07-24T06:26:16.132639,SOL-USDT,183.98,184.02,112.988,102.106
2025-07-24T06:26:17.153280,LTC-USDT,109.89,109.93,32.599,47.532
2025-07-24T06:26:17.172759,SOL-USDT,183.98,184.02,112.988,102.106
2025-07-24T06:26:17.184702,BTC-USDT,117851.2,117851.21,18.0527,0.0921
2025-07-24T06:26:18.206406,XRP-USDT,3.0967,3.0982,120718.0,56.7
2025-07-24T06:26:18.217423,SOL-USDT,184.01,184.06,128.715,126.708
2025-07-24T06:26:18.217465,ETH-USDT,3575.77,3575.86,6.971,0.01
2025-07-24T06:26:18.227852,BTC-USDT,117851.2,117851.21,18.0527,0.0921
2025-07-24T06:26:19.254764,XRP-USDT,3.0964,3.0982,33483.4,56.7
2025-07-24T06:26:19.259570,SOL-USDT,184.04,184.08,95.364,106.282
2025-07-24T06:26:19.261174,ETH-USDT,3575.95,3576.04,7.748,1.151
2025-07-24T06:26:19.271953,BTC-USDT,117851.2,117851.21,18.0527,0.0921
2025-07-24T06:26:20.292126,XRP-USDT,3.0968,3.0983,36224.8,17.2
2025-07-24T06:26:20.301483,SOL-USDT,184.04,184.08,95.364,106.282
2025-07-24T06:26:20.302561,ETH-USDT,3576.1,3576.19,0.162,5.451
2025-07-24T06:26:21.475331,LTC-USDT,109.84,109.89,15.346,47.714
2025-07-24T06:26:21.500577,SOL-USDT,184.0,184.05,96.492,111.096
2025-07-24T06:26:21.502160,ETH-USDT,3575.8,3575.89,3.867,5.788
2025-07-24T06:26:21.515629,BTC-USDT,117851.2,117851.21,18.0527,0.0921
2025-07-24T06:26:22.524231,LTC-USDT,109.88,109.91,126.762,11.509
2025-07-24T06:26:22.535863,XRP-USDT,3.0948,3.0963,38735.0,21350.7
2025-07-24T06:26:22.545844,SOL-USDT,184.04,184.08,113.572,106.913
2025-07-24T06:26:22.548025,ETH-USDT,3575.8,3575.98,3.867,0.007
2025-07-24T06:26:22.558378,BTC-USDT,117851.2,117851.21,18.0527,0.0921
2025-07-24T06:26:23.566968,LTC-USDT,109.84,109.88,15.346,28.123
2025-07-24T06:26:23.587026,SOL-USDT,183.98,184.02,112.988,109.315
2025-07-24T06:26:23.588294,ETH-USDT,3575.7,3575.86,6.868,7.168
2025-07-24T06:26:24.607416,LTC-USDT,109.87,109.91,37.206,11.509
2025-07-24T06:26:24.620617,XRP-USDT,3.0957,3.0972,67576.1,112118.2
2025-07-24T06:26:24.627203,SOL-USDT,183.98,184.04,112.988,123.191
2025-07-24T06:26:25.660580,XRP-USDT,3.0959,3.0974,27494.5,120995.7
2025-07-24T06:26:25.681786,BTC-USDT,117851.2,117851.21,18.0527,0.0921
2025-07-24T06:26:26.693269,LTC-USDT,109.84,109.88,15.346,36.263
2025-07-24T06:26:26.718231,ETH-USDT,3575.57,3575.86,7.364,7.168
2025-07-24T06:26:26.728963,BTC-USDT,117828.95,119550.0,4.1527,1.0294
2025-07-24T06:26:27.739811,LTC-USDT,109.84,109.88,15.346,36.263
2025-07-24T06:26:27.763495,SOL-USDT,183.98,184.01,112.988,117.853
2025-07-24T06:26:27.764209,ETH-USDT,3576.16,3576.25,5.45,7.495
2025-07-24T06:26:27.774131,BTC-USDT,117828.95,117828.96,4.1527,20.8965
2025-07-24T06:26:28.782799,LTC-USDT,109.88,109.91,81.685,13.832
2025-07-24T06:26:28.795417,XRP-USDT,3.0956,3.0971,54405.5,11172.2
2025-07-24T06:26:28.803774,SOL-USDT,183.98,184.04,112.988,219.429
2025-07-24T06:26:28.804982,ETH-USDT,3576.07,3576.16,5.264,5.587
2025-07-24T06:26:28.815626,BTC-USDT,117828.95,117828.96,4.1527,20.8965
2025-07-24T06:26:29.823263,LTC-USDT,109.9,109.93,96.578,47.532
2025-07-24T06:26:29.834767,XRP-USDT,3.0969,3.0984,37538.3,10399.5
2025-07-24T06:26:29.843837,SOL-USDT,183.98,184.04,112.988,96.238
2025-07-24T06:26:30.863221,LTC-USDT,109.88,109.93,81.685,47.532
2025-07-24T06:26:30.895426,BTC-USDT,117839.99,117840.0,26.0085,0.1111
2025-07-24T06:26:31.906111,LTC-USDT,109.9,109.94,22.245,11.047
2025-07-24T06:26:31.926290,SOL-USDT,184.01,184.04,104.764,96.238
2025-07-24T06:26:31.939774,BTC-USDT,117839.99,117840.0,26.0085,0.1111
2025-07-24T06:26:32.961340,XRP-USDT,3.0971,3.0986,10747.9,104667.7
2025-07-24T06:26:32.971804,SOL-USDT,184.01,184.06,104.764,87.493
2025-07-24T06:26:32.973378,ETH-USDT,3575.92,3576.01,0.031,6.308
2025-07-24T06:26:32.983915,BTC-USDT,117849.99,117850.0,21.9367,0.1109
2025-07-24T06:26:33.996289,LTC-USDT,109.88,109.94,81.685,11.047
2025-07-24T06:26:34.008448,XRP-USDT,3.0958,3.0973,49344.9,37249.2
2025-07-24T06:26:34.017695,SOL-USDT,184.0,184.03,103.532,104.262
