timestamp,symbol,bid,ask,bid_vol,ask_vol
2025-07-24T06:13:26.759428,SOL-USDT,183.0,183.01,334.0,12.0
2025-07-24T06:13:26.776129,LTC-USDT,109.25,109.29,18.0,87.0
2025-07-24T06:13:26.776167,ETH-USDT,3558.43,3558.44,14020.0,10712.0
2025-07-24T06:13:26.776201,XRP-USDT,3.07,3.0701,49.0,46.0
2025-07-24T06:13:26.776234,BTC-USDT,117701.7,117701.8,7224.0,1468.0
2025-07-24T06:13:27.245649,SOL-USDT,183.0,183.01,334.0,12.0
2025-07-24T06:13:27.259607,LTC-USDT,109.25,109.29,18.0,87.0
2025-07-24T06:13:27.260660,ETH-USDT,3558.43,3558.44,14020.0,10712.0
2025-07-24T06:13:27.262536,XRP-USDT,3.0699,3.07,52.0,36.0
2025-07-24T06:13:27.263915,BTC-USDT,117701.7,117701.8,4762.0,4387.0
2025-07-24T06:13:27.757859,SOL-USDT,183.0,183.01,334.0,12.0
2025-07-24T06:13:27.766548,LTC-USDT,109.23,109.27,30.0,65.0
2025-07-24T06:13:27.766629,ETH-USDT,3558.43,3558.44,14020.0,10712.0
2025-07-24T06:13:27.767701,XRP-USDT,3.0699,3.07,52.0,36.0
2025-07-24T06:13:27.768506,BTC-USDT,117701.7,117701.8,4762.0,4387.0
2025-07-24T06:13:28.241028,SOL-USDT,182.99,183.0,240.0,129.0
2025-07-24T06:13:28.251508,LTC-USDT,109.23,109.27,30.0,65.0
2025-07-24T06:13:28.253231,ETH-USDT,3558.43,3558.44,3202.0,16226.0
2025-07-24T06:13:28.256835,XRP-USDT,3.0694,3.0695,7.0,144.0
2025-07-24T06:13:28.257337,BTC-USDT,117701.7,117701.8,326.0,7744.0
2025-07-24T06:13:28.777730,SOL-USDT,182.99,183.0,240.0,129.0
2025-07-24T06:13:28.786691,LTC-USDT,109.24,109.27,19.0,101.0
2025-07-24T06:13:28.790836,ETH-USDT,3558.43,3558.44,237.0,16039.0
2025-07-24T06:13:28.790907,XRP-USDT,3.0688,3.0689,1.0,167.0
2025-07-24T06:13:28.793935,BTC-USDT,117697.8,117697.9,91.0,9382.0
2025-07-24T06:13:29.245027,SOL-USDT,182.99,183.0,1.0,573.0
2025-07-24T06:13:29.254642,LTC-USDT,109.24,109.27,19.0,101.0
2025-07-24T06:13:29.256394,ETH-USDT,3558.43,3558.44,237.0,16039.0
2025-07-24T06:13:29.259401,XRP-USDT,3.0688,3.0689,1.0,167.0
2025-07-24T06:13:29.259439,BTC-USDT,117697.8,117697.9,91.0,9382.0
2025-07-24T06:13:29.759641,SOL-USDT,182.97,182.98,23.0,265.0
2025-07-24T06:13:29.778458,LTC-USDT,109.24,109.27,8.0,92.0
2025-07-24T06:13:29.779942,ETH-USDT,3558.32,3558.33,164.0,17259.0
2025-07-24T06:13:29.781513,XRP-USDT,3.069,3.0691,47.0,43.0
2025-07-24T06:13:29.785253,BTC-USDT,117697.8,117697.9,3981.0,4224.0
2025-07-24T06:13:30.251412,SOL-USDT,182.97,182.98,121.0,243.0
2025-07-24T06:13:30.256845,LTC-USDT,109.22,109.24,9.0,114.0
2025-07-24T06:13:30.258953,ETH-USDT,3558.22,3558.23,249.0,30721.0
2025-07-24T06:13:30.261525,XRP-USDT,3.0692,3.0693,70.0,23.0
2025-07-24T06:13:30.263738,BTC-USDT,117697.8,117697.9,2372.0,7812.0
2025-07-24T06:13:30.756437,SOL-USDT,182.97,182.98,121.0,243.0
2025-07-24T06:13:30.769566,LTC-USDT,109.22,109.24,9.0,114.0
2025-07-24T06:13:30.769608,ETH-USDT,3558.22,3558.23,249.0,30721.0
2025-07-24T06:13:30.775434,XRP-USDT,3.0692,3.0693,70.0,23.0
2025-07-24T06:13:30.775495,BTC-USDT,117697.8,117697.9,2372.0,7812.0
2025-07-24T06:13:31.242050,SOL-USDT,182.96,182.97,37.0,99.0
2025-07-24T06:13:31.249770,LTC-USDT,109.22,109.24,2.0,69.0
2025-07-24T06:13:31.250753,ETH-USDT,3556.92,3556.93,8627.0,32486.0
2025-07-24T06:13:31.252278,XRP-USDT,3.069,3.0691,11.0,153.0
2025-07-24T06:13:31.254710,BTC-USDT,117690.3,117690.4,3261.0,11076.3
2025-07-24T06:13:31.817985,SOL-USDT,182.95,182.96,317.0,74.0
2025-07-24T06:13:31.830122,LTC-USDT,109.2,109.22,78.0,89.0
2025-07-24T06:13:31.831764,ETH-USDT,3556.92,3556.93,5003.0,10894.0
2025-07-24T06:13:31.833113,XRP-USDT,3.0683,3.0684,6.0,45.0
2025-07-24T06:13:31.835045,BTC-USDT,117690.3,117690.4,912.0,10405.0
2025-07-24T06:13:32.255668,SOL-USDT,182.95,182.96,317.0,74.0
2025-07-24T06:13:32.256768,LTC-USDT,109.2,109.22,78.0,89.0
2025-07-24T06:13:32.256799,ETH-USDT,3556.92,3556.93,5003.0,10894.0
2025-07-24T06:13:32.268547,XRP-USDT,3.0683,3.0684,6.0,45.0
2025-07-24T06:13:32.268622,BTC-USDT,117690.3,117690.4,912.0,10405.0
2025-07-24T06:13:32.753120,SOL-USDT,182.95,182.96,317.0,74.0
2025-07-24T06:13:32.761275,LTC-USDT,109.2,109.22,78.0,112.0
2025-07-24T06:13:32.761691,ETH-USDT,3556.92,3556.93,5003.0,10894.0
2025-07-24T06:13:32.770069,XRP-USDT,3.0683,3.0684,6.0,45.0
2025-07-24T06:13:32.770138,BTC-USDT,117688.0,117688.1,2538.0,6671.0
2025-07-24T06:13:33.258378,SOL-USDT,182.99,183.0,801.0,7.0
2025-07-24T06:13:33.268464,LTC-USDT,109.2,109.22,142.0,5.0
2025-07-24T06:13:33.269973,ETH-USDT,3556.92,3556.93,6809.0,11671.0
2025-07-24T06:13:33.275531,XRP-USDT,3.0683,3.0684,119.0,6.0
2025-07-24T06:13:33.275570,BTC-USDT,117688.0,117688.1,6855.0,2811.1
2025-07-24T06:13:33.789300,SOL-USDT,182.99,183.0,801.0,7.0
2025-07-24T06:13:33.799722,LTC-USDT,109.21,109.24,154.0,15.0
2025-07-24T06:13:33.799772,ETH-USDT,3556.92,3556.93,13349.0,2660.0
2025-07-24T06:13:33.800567,XRP-USDT,3.0683,3.0684,119.0,6.0
2025-07-24T06:13:33.803533,BTC-USDT,117688.0,117688.1,6855.0,2811.1
2025-07-24T06:13:34.242054,SOL-USDT,182.99,183.0,382.0,41.0
2025-07-24T06:13:34.251766,LTC-USDT,109.21,109.24,154.0,15.0
2025-07-24T06:13:34.252680,ETH-USDT,3556.92,3556.93,13349.0,2660.0
2025-07-24T06:13:34.254591,XRP-USDT,3.0675,3.0676,1.0,101.0
2025-07-24T06:13:34.256864,BTC-USDT,117688.0,117688.1,6855.0,2811.1
2025-07-24T06:13:34.775064,SOL-USDT,182.99,183.0,382.0,41.0
2025-07-24T06:13:34.820604,LTC-USDT,109.22,109.24,17.0,52.0
2025-07-24T06:13:34.822626,ETH-USDT,3556.92,3556.93,13349.0,2660.0
2025-07-24T06:13:34.822675,XRP-USDT,3.0678,3.0679,155.0,16.0
2025-07-24T06:13:34.825263,BTC-USDT,117688.0,117688.1,7234.3,2784.0
2025-07-24T06:13:35.256279,SOL-USDT,182.99,183.0,382.0,41.0
2025-07-24T06:13:35.268025,LTC-USDT,109.2,109.21,58.0,42.0
2025-07-24T06:13:35.272174,ETH-USDT,3555.11,3555.15,22079.0,2958.0
2025-07-24T06:13:35.272286,XRP-USDT,3.0678,3.0679,155.0,16.0
2025-07-24T06:13:35.273415,BTC-USDT,117676.5,117676.6,862.0,11414.0
2025-07-24T06:13:35.763192,SOL-USDT,182.98,182.99,409.0,27.0
2025-07-24T06:13:35.770736,LTC-USDT,109.2,109.21,58.0,42.0
2025-07-24T06:13:35.770787,ETH-USDT,3555.11,3555.15,22079.0,2958.0
2025-07-24T06:13:35.771506,XRP-USDT,3.067,3.0671,1.0,108.0
2025-07-24T06:13:35.774598,BTC-USDT,117676.5,117676.6,862.0,11414.0
2025-07-24T06:13:36.253974,SOL-USDT,182.98,182.99,247.0,234.0
2025-07-24T06:13:36.254710,LTC-USDT,109.2,109.21,58.0,43.0
2025-07-24T06:13:36.256086,ETH-USDT,3555.22,3555.23,25588.0,10478.0
2025-07-24T06:13:36.257744,XRP-USDT,3.067,3.0671,53.74,11.0
2025-07-24T06:13:36.260172,BTC-USDT,117671.0,117671.1,1914.0,4987.0
2025-07-24T06:13:36.761018,SOL-USDT,182.98,182.99,5.0,260.0
2025-07-24T06:13:36.770744,LTC-USDT,109.18,109.21,3.0,88.0
2025-07-24T06:13:36.771301,ETH-USDT,3555.22,3555.23,16660.0,16212.0
2025-07-24T06:13:36.771435,XRP-USDT,3.067,3.0671,53.74,11.0
2025-07-24T06:13:36.771974,BTC-USDT,117671.0,117671.1,1914.0,4987.0
2025-07-24T06:13:37.239557,SOL-USDT,182.98,182.99,5.0,260.0
2025-07-24T06:13:37.248165,LTC-USDT,109.18,109.21,3.0,88.0
2025-07-24T06:13:37.252057,ETH-USDT,3555.22,3555.23,16660.0,16212.0
2025-07-24T06:13:37.252087,XRP-USDT,3.067,3.0671,12.0,88.0
2025-07-24T06:13:37.256066,BTC-USDT,117671.0,117671.1,1914.0,4987.0
2025-07-24T06:13:37.794987,SOL-USDT,182.92,182.93,1.0,692.0
2025-07-24T06:13:37.799321,LTC-USDT,109.18,109.2,2.0,115.0
2025-07-24T06:13:37.799343,ETH-USDT,3554.87,3554.88,10139.0,16525.0
2025-07-24T06:13:37.803829,XRP-USDT,3.0661,3.0662,1.0,140.0
2025-07-24T06:13:37.803898,BTC-USDT,117671.0,117671.1,4067.0,4489.0
2025-07-24T06:13:38.250903,SOL-USDT,182.9,182.91,282.0,294.0
2025-07-24T06:13:38.269038,LTC-USDT,109.16,109.19,50.0,32.0
2025-07-24T06:13:38.272108,ETH-USDT,3554.81,3554.82,17639.0,132.0
2025-07-24T06:13:38.276337,XRP-USDT,3.0666,3.0667,109.0,1.0
2025-07-24T06:13:38.281243,BTC-USDT,117656.5,117656.6,633.0,16807.0
2025-07-24T06:13:38.774025,SOL-USDT,182.9,182.91,282.0,294.0
2025-07-24T06:13:38.787323,LTC-USDT,109.16,109.19,4.0,63.0
2025-07-24T06:13:38.788462,ETH-USDT,3554.84,3554.85,19680.0,65.0
2025-07-24T06:13:38.793349,XRP-USDT,3.0666,3.0667,109.0,1.0
2025-07-24T06:13:38.796376,BTC-USDT,117642.4,117642.5,1347.8,8207.0
2025-07-24T06:13:39.243833,SOL-USDT,182.92,182.93,264.0,4.0
2025-07-24T06:13:39.257088,LTC-USDT,109.16,109.19,4.0,63.0
2025-07-24T06:13:39.261772,ETH-USDT,3554.84,3554.85,19680.0,65.0
2025-07-24T06:13:39.261949,XRP-USDT,3.067,3.0671,57.0,15.0
2025-07-24T06:13:39.266336,BTC-USDT,117642.4,117642.5,1347.8,8207.0
2025-07-24T06:13:39.786801,SOL-USDT,182.93,182.94,219.0,72.0
2025-07-24T06:13:39.796443,LTC-USDT,109.16,109.19,99.0,7.0
2025-07-24T06:13:39.796701,ETH-USDT,3555.57,3555.58,30727.0,781.0
2025-07-24T06:13:39.798743,XRP-USDT,3.0685,3.0686,53.0,1.0
2025-07-24T06:13:39.801583,BTC-USDT,117642.4,117642.5,1213.0,11750.0
2025-07-24T06:13:40.252894,SOL-USDT,182.97,182.98,94.0,192.0
2025-07-24T06:13:40.265941,LTC-USDT,109.21,109.24,180.0,13.0
2025-07-24T06:13:40.267246,ETH-USDT,3555.49,3555.5,2849.0,21630.0
2025-07-24T06:13:40.269721,XRP-USDT,3.0685,3.0686,53.0,1.0
2025-07-24T06:13:40.272313,BTC-USDT,117642.4,117642.5,6734.8,1502.0
2025-07-24T06:13:40.802205,SOL-USDT,182.97,182.98,94.0,192.0
2025-07-24T06:13:40.810935,LTC-USDT,109.21,109.24,180.0,13.0
2025-07-24T06:13:40.812700,ETH-USDT,3555.49,3555.5,2849.0,21630.0
2025-07-24T06:13:40.816475,XRP-USDT,3.0683,3.0684,1.0,65.0
2025-07-24T06:13:40.819256,BTC-USDT,117642.4,117642.5,6734.8,1502.0
2025-07-24T06:13:41.265910,SOL-USDT,182.97,182.98,270.0,11.0
2025-07-24T06:13:41.267366,LTC-USDT,109.21,109.24,180.0,64.0
2025-07-24T06:13:41.267685,ETH-USDT,3555.22,3555.23,13075.0,52060.0
2025-07-24T06:13:41.269483,XRP-USDT,3.0691,3.0692,149.0,1.0
2025-07-24T06:13:41.272757,BTC-USDT,117642.4,117642.5,6734.8,1502.0
2025-07-24T06:13:41.800038,SOL-USDT,182.99,183.0,383.0,1.0
2025-07-24T06:13:41.808893,LTC-USDT,109.23,109.26,195.0,25.0
2025-07-24T06:13:41.809916,ETH-USDT,3555.81,3555.82,14417.0,507.0
2025-07-24T06:13:41.811933,XRP-USDT,3.0694,3.0695,67.0,158.0
2025-07-24T06:13:41.816656,BTC-USDT,117642.4,117642.5,4524.0,1512.0
2025-07-24T06:13:42.252022,SOL-USDT,182.99,183.0,383.0,1.0
2025-07-24T06:13:42.256899,LTC-USDT,109.23,109.26,195.0,25.0
2025-07-24T06:13:42.258128,ETH-USDT,3557.01,3557.02,23993.0,13.0
2025-07-24T06:13:42.260171,XRP-USDT,3.0694,3.0695,67.0,158.0
2025-07-24T06:13:42.261656,BTC-USDT,117642.4,117642.5,4114.0,332.0
2025-07-24T06:13:42.743637,SOL-USDT,183.05,183.06,360.0,1.0
2025-07-24T06:13:42.758792,LTC-USDT,109.29,109.3,157.0,121.0
2025-07-24T06:13:42.758835,ETH-USDT,3557.01,3557.02,23993.0,13.0
2025-07-24T06:13:42.761182,XRP-USDT,3.0706,3.0707,159.0,0.03
2025-07-24T06:13:42.763458,BTC-USDT,117642.4,117642.5,4114.0,332.0
2025-07-24T06:13:43.241782,SOL-USDT,183.04,183.05,185.0,381.0
2025-07-24T06:13:43.255419,LTC-USDT,109.29,109.32,180.0,121.0
2025-07-24T06:13:43.255658,ETH-USDT,3557.01,3557.02,38168.0,942.0
2025-07-24T06:13:43.257756,XRP-USDT,3.0708,3.0709,61.0,1.0
2025-07-24T06:13:43.259439,BTC-USDT,117655.3,117655.4,31100.0,1095.0
2025-07-24T06:13:43.766610,SOL-USDT,183.04,183.05,185.0,381.0
2025-07-24T06:13:43.773780,LTC-USDT,109.29,109.32,180.0,121.0
2025-07-24T06:13:43.774359,ETH-USDT,3557.17,3557.18,49498.0,1.0
2025-07-24T06:13:43.775937,XRP-USDT,3.0708,3.0709,61.0,1.0
2025-07-24T06:13:43.778017,BTC-USDT,117663.8,117663.9,21062.0,42.0
2025-07-24T06:13:44.244423,SOL-USDT,183.06,183.07,100.0,256.0
2025-07-24T06:13:44.253739,LTC-USDT,109.35,109.36,80.0,2.0
2025-07-24T06:13:44.253796,ETH-USDT,3557.17,3557.18,49498.0,1.0
2025-07-24T06:13:44.255412,XRP-USDT,3.0708,3.0709,106.0,15.0
2025-07-24T06:13:44.258262,BTC-USDT,117663.8,117663.9,21062.0,42.0
2025-07-24T06:13:44.824323,SOL-USDT,183.13,183.14,458.0,3.0
2025-07-24T06:13:44.834011,LTC-USDT,109.38,109.39,109.0,67.0
2025-07-24T06:13:44.835166,ETH-USDT,3558.08,3558.09,42663.0,31.0
2025-07-24T06:13:44.836683,XRP-USDT,3.0722,3.0723,237.0,1.0
2025-07-24T06:13:44.838977,BTC-USDT,117682.6,117682.7,28970.0,528.0
2025-07-24T06:13:45.241086,SOL-USDT,183.13,183.14,458.0,3.0
2025-07-24T06:13:45.251896,LTC-USDT,109.38,109.39,109.0,67.0
2025-07-24T06:13:45.253990,ETH-USDT,3558.08,3558.09,42663.0,31.0
2025-07-24T06:13:45.254566,XRP-USDT,3.0722,3.0723,109.0,1.0
2025-07-24T06:13:45.257049,BTC-USDT,117682.6,117682.7,28970.0,528.0
2025-07-24T06:13:45.761030,SOL-USDT,183.13,183.14,458.0,2.28
2025-07-24T06:13:45.770722,LTC-USDT,109.38,109.39,112.0,67.0
2025-07-24T06:13:45.771436,ETH-USDT,3558.21,3558.22,9102.0,70.0
2025-07-24T06:13:45.774261,XRP-USDT,3.0722,3.0723,109.0,1.0
2025-07-24T06:13:45.774828,BTC-USDT,117682.6,117682.7,13363.0,2850.0
2025-07-24T06:13:46.263707,SOL-USDT,183.16,183.17,521.0,1.76
2025-07-24T06:13:46.274848,LTC-USDT,109.4,109.43,21.0,88.0
2025-07-24T06:13:46.274923,ETH-USDT,3558.34,3558.35,79980.0,658.0
2025-07-24T06:13:46.275975,XRP-USDT,3.0724,3.0725,122.0,41.0
2025-07-24T06:13:46.278198,BTC-USDT,117682.6,117682.7,16275.0,368.0
2025-07-24T06:13:46.784369,SOL-USDT,183.16,183.17,521.0,1.76
2025-07-24T06:13:46.798073,LTC-USDT,109.41,109.44,72.0,172.0
2025-07-24T06:13:46.798773,ETH-USDT,3558.58,3558.59,13834.0,7790.0
2025-07-24T06:13:46.799503,XRP-USDT,3.073,3.0731,51.0,33.0
2025-07-24T06:13:46.799629,BTC-USDT,117682.6,117682.7,16275.0,368.0
2025-07-24T06:13:47.259221,SOL-USDT,183.16,183.17,1046.0,1.76
2025-07-24T06:13:47.269217,LTC-USDT,109.41,109.44,72.0,172.0
2025-07-24T06:13:47.277911,ETH-USDT,3558.58,3558.59,13834.0,7790.0
2025-07-24T06:13:47.277963,XRP-USDT,3.073,3.0731,51.0,33.0
2025-07-24T06:13:47.277995,BTC-USDT,117682.6,117682.7,16275.0,368.0
2025-07-24T06:13:47.775260,SOL-USDT,183.16,183.17,1046.0,41.76
2025-07-24T06:13:47.785461,LTC-USDT,109.43,109.44,142.0,173.0
2025-07-24T06:13:47.786990,ETH-USDT,3558.58,3558.59,13834.0,7790.0
2025-07-24T06:13:47.788625,XRP-USDT,3.073,3.0731,51.0,33.0
2025-07-24T06:13:47.790904,BTC-USDT,117682.6,117682.7,14186.0,3084.0
2025-07-24T06:13:48.260202,SOL-USDT,183.16,183.17,729.0,195.76
2025-07-24T06:13:48.268308,LTC-USDT,109.42,109.44,29.0,155.89
2025-07-24T06:13:48.269812,ETH-USDT,3558.58,3558.59,2467.0,15297.0
2025-07-24T06:13:48.273074,XRP-USDT,3.0727,3.0728,7.0,50.0
2025-07-24T06:13:48.274495,BTC-USDT,117682.6,117682.7,10467.0,4143.0
2025-07-24T06:13:48.752425,SOL-USDT,183.16,183.17,952.0,30.76
2025-07-24T06:13:48.760610,LTC-USDT,109.42,109.44,54.0,4.0
2025-07-24T06:13:48.762012,ETH-USDT,3558.58,3558.59,3250.0,10414.0
2025-07-24T06:13:48.763850,XRP-USDT,3.0729,3.073,1.0,212.0
2025-07-24T06:13:48.766109,BTC-USDT,117682.6,117682.7,10467.0,4140.4
2025-07-24T06:13:49.235548,SOL-USDT,183.16,183.17,952.0,30.76
2025-07-24T06:13:49.246768,LTC-USDT,109.42,109.44,54.0,4.0
2025-07-24T06:13:49.249545,ETH-USDT,3558.58,3558.59,3250.0,9919.2
2025-07-24T06:13:49.266036,XRP-USDT,3.0729,3.073,1.0,212.0
2025-07-24T06:13:49.266101,BTC-USDT,117691.7,117691.8,12587.0,4875.0
2025-07-24T06:13:49.761782,SOL-USDT,183.16,183.17,952.0,97.76
2025-07-24T06:13:49.765937,LTC-USDT,109.44,109.45,151.0,5.0
2025-07-24T06:13:49.765984,ETH-USDT,3558.58,3558.59,3250.0,9919.2
2025-07-24T06:13:49.768359,XRP-USDT,3.0734,3.0735,171.0,2.69
2025-07-24T06:13:49.770329,BTC-USDT,117691.7,117691.8,12587.0,4875.0
2025-07-24T06:13:50.249728,SOL-USDT,183.16,183.17,985.0,255.76
2025-07-24T06:13:50.251539,LTC-USDT,109.44,109.45,141.0,5.0
2025-07-24T06:13:50.253102,ETH-USDT,3558.58,3558.59,20552.0,184.0
2025-07-24T06:13:50.257453,XRP-USDT,3.0734,3.0735,22.0,68.69
2025-07-24T06:13:50.257918,BTC-USDT,117691.7,117691.8,9279.0,3687.0
2025-07-24T06:13:50.773019,SOL-USDT,183.16,183.17,1164.0,75.76
2025-07-24T06:13:50.781773,LTC-USDT,109.46,109.48,121.0,90.0
2025-07-24T06:13:50.781816,ETH-USDT,3558.79,3558.8,29297.0,16044.0
2025-07-24T06:13:50.783567,XRP-USDT,3.0733,3.0734,80.0,1.0
2025-07-24T06:13:50.786047,BTC-USDT,117691.7,117691.8,9279.0,3687.0
2025-07-24T06:13:51.241202,SOL-USDT,183.16,183.17,1164.0,31.76
2025-07-24T06:13:51.251974,LTC-USDT,109.46,109.48,27.0,153.0
2025-07-24T06:13:51.253088,ETH-USDT,3558.83,3558.84,34213.0,19.0
2025-07-24T06:13:51.255147,XRP-USDT,3.0733,3.0734,80.0,1.0
2025-07-24T06:13:51.258669,BTC-USDT,117691.7,117691.8,14869.0,3958.0
2025-07-24T06:13:51.758588,SOL-USDT,183.16,183.17,1164.0,31.76
2025-07-24T06:13:51.771278,LTC-USDT,109.46,109.48,27.0,153.0
2025-07-24T06:13:51.773245,ETH-USDT,3558.83,3558.84,34213.0,19.0
2025-07-24T06:13:51.775993,XRP-USDT,3.0732,3.0733,51.0,327.0
2025-07-24T06:13:51.778571,BTC-USDT,117691.7,117691.8,14869.0,3958.0
2025-07-24T06:13:52.248157,SOL-USDT,183.16,183.17,984.0,255.76
2025-07-24T06:13:52.258062,LTC-USDT,109.44,109.45,51.0,116.0
2025-07-24T06:13:52.258842,ETH-USDT,3558.22,3558.23,34045.0,10467.0
2025-07-24T06:13:52.260690,XRP-USDT,3.0722,3.0723,4.0,465.0
2025-07-24T06:13:52.262523,BTC-USDT,117691.7,117691.8,1990.0,6488.0
2025-07-24T06:13:52.794857,SOL-USDT,183.16,183.17,427.0,255.76
2025-07-24T06:13:52.805622,LTC-USDT,109.39,109.41,64.0,14.0
2025-07-24T06:13:52.806762,ETH-USDT,3558.11,3558.12,36336.0,201.0
2025-07-24T06:13:52.808948,XRP-USDT,3.0722,3.0723,4.0,465.0
2025-07-24T06:13:52.810848,BTC-USDT,117691.7,117691.8,1990.0,6488.0
2025-07-24T06:13:53.246414,SOL-USDT,183.16,183.17,521.0,255.76
2025-07-24T06:13:53.256987,LTC-USDT,109.39,109.41,164.0,13.0
2025-07-24T06:13:53.259739,ETH-USDT,3558.11,3558.12,36336.0,200.8
2025-07-24T06:13:53.261285,XRP-USDT,3.0719,3.072,54.0,177.0
2025-07-24T06:13:53.263908,BTC-USDT,117691.7,117691.8,226.0,12360.0
2025-07-24T06:13:53.798043,SOL-USDT,183.16,183.17,521.0,255.76
2025-07-24T06:13:53.800955,LTC-USDT,109.39,109.41,164.0,13.0
2025-07-24T06:13:53.804306,ETH-USDT,3558.11,3558.12,36336.0,200.8
2025-07-24T06:13:53.804347,XRP-USDT,3.0717,3.0718,3.0,273.0
2025-07-24T06:13:53.805289,BTC-USDT,117691.7,117691.8,226.0,12360.0
2025-07-24T06:13:54.241778,SOL-USDT,183.15,183.16,82.0,473.0
2025-07-24T06:13:54.251333,LTC-USDT,109.39,109.42,37.0,55.0
2025-07-24T06:13:54.252949,ETH-USDT,3558.02,3558.03,3875.0,26898.0
2025-07-24T06:13:54.254397,XRP-USDT,3.0714,3.0715,1.0,110.0
2025-07-24T06:13:54.256241,BTC-USDT,117683.7,117683.8,1251.0,10457.0
2025-07-24T06:13:54.784585,SOL-USDT,183.13,183.14,375.0,158.0
2025-07-24T06:13:54.793850,LTC-USDT,109.38,109.41,51.0,13.0
2025-07-24T06:13:54.794972,ETH-USDT,3557.85,3557.86,3319.0,14882.0
2025-07-24T06:13:54.796605,XRP-USDT,3.0714,3.0715,1.0,110.0
2025-07-24T06:13:54.798357,BTC-USDT,117680.0,117680.1,78.0,498.0
2025-07-24T06:13:55.252305,SOL-USDT,183.16,183.17,690.0,1.76
2025-07-24T06:13:55.264980,LTC-USDT,109.38,109.41,51.0,18.0
2025-07-24T06:13:55.266258,ETH-USDT,3558.21,3558.22,36031.0,81.0
2025-07-24T06:13:55.268658,XRP-USDT,3.0717,3.0718,48.0,61.0
2025-07-24T06:13:55.272211,BTC-USDT,117680.0,117680.1,7326.0,6505.0
2025-07-24T06:13:55.798449,SOL-USDT,183.16,183.17,690.0,1.76
2025-07-24T06:13:55.803472,LTC-USDT,109.38,109.41,51.0,18.0
2025-07-24T06:13:55.803567,ETH-USDT,3558.21,3558.22,36031.0,81.0
2025-07-24T06:13:55.804413,XRP-USDT,3.0713,3.0714,1.0,93.0
2025-07-24T06:13:55.807231,BTC-USDT,117680.0,117680.1,7326.0,6505.0
2025-07-24T06:13:56.256608,SOL-USDT,183.16,183.17,624.0,74.76
2025-07-24T06:13:56.265603,LTC-USDT,109.38,109.41,48.0,30.0
2025-07-24T06:13:56.268285,ETH-USDT,3558.21,3558.22,14307.0,7858.0
2025-07-24T06:13:56.269097,XRP-USDT,3.0709,3.071,63.0,110.0
2025-07-24T06:13:56.274927,BTC-USDT,117680.0,117680.1,7326.0,6505.0
2025-07-24T06:13:56.791564,SOL-USDT,183.21,183.22,1116.0,1.59
2025-07-24T06:13:56.804645,LTC-USDT,109.38,109.41,48.0,1.0
2025-07-24T06:13:56.807564,ETH-USDT,3558.48,3558.49,58444.0,1894.0
2025-07-24T06:13:56.810413,XRP-USDT,3.0709,3.071,63.0,110.0
2025-07-24T06:13:56.812303,BTC-USDT,117680.0,117680.1,4796.0,2733.0
2025-07-24T06:13:57.250754,SOL-USDT,183.21,183.22,1116.0,1.59
2025-07-24T06:13:57.259540,LTC-USDT,109.38,109.41,48.0,1.0
2025-07-24T06:13:57.262141,ETH-USDT,3558.48,3558.49,58444.0,1894.0
2025-07-24T06:13:57.265451,XRP-USDT,3.0706,3.0707,1.0,152.0
2025-07-24T06:13:57.265499,BTC-USDT,117680.0,117680.1,4796.0,2733.0
2025-07-24T06:13:57.788928,SOL-USDT,183.08,183.1,12.0,448.0
2025-07-24T06:13:57.798794,LTC-USDT,109.33,109.36,188.0,128.0
2025-07-24T06:13:57.799688,ETH-USDT,3558.03,3558.04,53.0,35037.0
2025-07-24T06:13:57.802195,XRP-USDT,3.0693,3.0694,27.0,38.0
2025-07-24T06:13:57.802328,BTC-USDT,117680.0,117680.1,5925.0,3437.0
2025-07-24T06:13:58.240181,SOL-USDT,183.1,183.11,150.0,71.0
2025-07-24T06:13:58.250444,LTC-USDT,109.38,109.4,119.0,2.0
2025-07-24T06:13:58.251113,ETH-USDT,3558.21,3558.22,13971.0,4159.0
2025-07-24T06:13:58.253660,XRP-USDT,3.0693,3.0694,27.0,38.0
2025-07-24T06:13:58.259301,BTC-USDT,117680.0,117680.1,4925.0,4093.0
2025-07-24T06:13:58.764945,SOL-USDT,183.1,183.11,150.0,71.0
2025-07-24T06:13:58.768983,LTC-USDT,109.38,109.4,119.0,2.0
2025-07-24T06:13:58.769242,ETH-USDT,3558.81,3558.82,43902.0,13828.0
2025-07-24T06:13:58.775032,XRP-USDT,3.0696,3.0698,81.0,25.0
2025-07-24T06:13:58.775091,BTC-USDT,117680.0,117680.1,4925.0,4093.0
2025-07-24T06:13:59.260352,SOL-USDT,183.15,183.16,184.0,121.0
2025-07-24T06:13:59.287156,LTC-USDT,109.41,109.43,10.0,107.0
2025-07-24T06:13:59.287185,ETH-USDT,3558.81,3558.82,43902.0,13828.0
2025-07-24T06:13:59.287212,XRP-USDT,3.0685,3.0686,7.0,86.0
2025-07-24T06:13:59.287237,BTC-USDT,117680.0,117680.1,4925.0,4093.0
2025-07-24T06:13:59.762418,SOL-USDT,183.15,183.16,184.0,121.0
2025-07-24T06:13:59.762677,LTC-USDT,109.37,109.4,16.0,122.0
2025-07-24T06:13:59.770117,ETH-USDT,3558.42,3558.43,118.0,37149.0
2025-07-24T06:13:59.770191,XRP-USDT,3.0685,3.0686,7.0,86.0
2025-07-24T06:13:59.770223,BTC-USDT,117680.0,117680.1,6758.0,2144.0
2025-07-24T06:14:00.250320,SOL-USDT,183.16,183.17,708.0,19.0
2025-07-24T06:14:00.257532,LTC-USDT,109.39,109.41,25.0,101.0
2025-07-24T06:14:00.257603,ETH-USDT,3558.71,3558.72,13430.0,94.0
2025-07-24T06:14:00.257684,XRP-USDT,3.0687,3.0688,121.0,1.0
2025-07-24T06:14:00.260186,BTC-USDT,117680.0,117680.1,6322.0,2126.0
2025-07-24T06:14:00.817508,SOL-USDT,183.16,183.17,708.0,19.0
2025-07-24T06:14:00.845799,LTC-USDT,109.39,109.41,25.0,101.0
2025-07-24T06:14:00.845828,ETH-USDT,3558.71,3558.72,13430.0,94.0
2025-07-24T06:14:00.845861,XRP-USDT,3.0699,3.07,1.0,231.0
2025-07-24T06:14:00.875134,BTC-USDT,117680.0,117680.1,6322.0,2126.0
2025-07-24T06:14:01.248314,SOL-USDT,183.19,183.2,40.0,338.0
2025-07-24T06:14:01.258023,LTC-USDT,109.39,109.41,11.0,50.0
2025-07-24T06:14:01.258077,ETH-USDT,3559.32,3559.33,16.0,12830.0
2025-07-24T06:14:01.258120,XRP-USDT,3.0699,3.07,1.0,231.0
2025-07-24T06:14:01.258637,BTC-USDT,117691.8,117691.9,8895.0,2754.0
2025-07-24T06:14:01.775323,SOL-USDT,183.19,183.2,40.0,338.0
2025-07-24T06:14:01.784237,LTC-USDT,109.39,109.42,90.0,61.0
2025-07-24T06:14:01.790755,ETH-USDT,3559.29,3559.3,4317.0,10496.0
2025-07-24T06:14:01.790777,XRP-USDT,3.0698,3.0699,9.0,81.0
2025-07-24T06:14:01.790796,BTC-USDT,117691.8,117691.9,8895.0,2753.7
2025-07-24T06:14:02.254609,SOL-USDT,183.17,183.18,345.0,92.0
2025-07-24T06:14:02.266658,LTC-USDT,109.39,109.42,90.0,61.0
2025-07-24T06:14:02.268992,ETH-USDT,3559.29,3559.3,4317.0,10496.0
2025-07-24T06:14:02.271411,XRP-USDT,3.0708,3.0709,55.0,1.0
2025-07-24T06:14:02.272779,BTC-USDT,117691.8,117691.9,8895.0,2753.7
2025-07-24T06:14:02.800547,SOL-USDT,183.21,183.22,888.0,1.59
2025-07-24T06:14:02.815602,LTC-USDT,109.44,109.47,106.0,53.0
2025-07-24T06:14:02.815758,ETH-USDT,3559.73,3559.74,19375.0,27.0
2025-07-24T06:14:02.819110,XRP-USDT,3.0708,3.0709,55.0,1.0
2025-07-24T06:14:02.820939,BTC-USDT,117701.4,117701.5,11082.0,123.0
2025-07-24T06:14:03.266433,SOL-USDT,183.21,183.22,905.0,1.59
2025-07-24T06:14:03.274514,LTC-USDT,109.44,109.47,106.0,58.0
2025-07-24T06:14:03.274561,ETH-USDT,3559.88,3560.0,1791.8,0.1
2025-07-24T06:14:03.277623,XRP-USDT,3.0706,3.0707,13.0,119.0
2025-07-24T06:14:03.277836,BTC-USDT,117701.4,117701.5,19413.0,3348.0
2025-07-24T06:14:03.773738,SOL-USDT,183.21,183.22,905.0,1.59
2025-07-24T06:14:03.780856,LTC-USDT,109.44,109.47,106.0,58.0
2025-07-24T06:14:03.788081,ETH-USDT,3559.98,3560.0,487.0,136.1
2025-07-24T06:14:03.788121,XRP-USDT,3.0713,3.0714,44.0,50.0
2025-07-24T06:14:03.788162,BTC-USDT,117701.4,117701.5,19413.0,3348.0
2025-07-24T06:14:04.245573,SOL-USDT,183.23,183.24,918.41,305.06
2025-07-24T06:14:04.253168,LTC-USDT,109.46,109.48,139.0,146.0
2025-07-24T06:14:04.253777,ETH-USDT,3559.98,3560.0,487.0,136.1
2025-07-24T06:14:04.253939,XRP-USDT,3.0713,3.0714,44.0,50.0
2025-07-24T06:14:04.257904,BTC-USDT,117701.4,117701.5,19413.0,3348.0
2025-07-24T06:14:04.773769,SOL-USDT,183.33,183.39,829.0,468.98
2025-07-24T06:14:04.801680,LTC-USDT,109.48,109.49,175.0,28.0
2025-07-24T06:14:04.803466,ETH-USDT,3559.98,3560.0,987.0,10.1
2025-07-24T06:14:04.803513,XRP-USDT,3.0717,3.0718,92.0,1.0
2025-07-24T06:14:04.803540,BTC-USDT,117713.8,117713.9,14789.0,1911.0
2025-07-24T06:14:05.266740,SOL-USDT,183.33,183.39,829.0,468.98
2025-07-24T06:14:05.272534,LTC-USDT,109.48,109.49,175.0,28.0
2025-07-24T06:14:05.273423,ETH-USDT,3559.98,3560.0,987.0,10.1
2025-07-24T06:14:05.280947,XRP-USDT,3.0716,3.0717,64.0,42.0
2025-07-24T06:14:05.281011,BTC-USDT,117713.8,117713.9,14789.0,1911.0
2025-07-24T06:14:05.787343,SOL-USDT,183.32,183.33,2.0,819.0
2025-07-24T06:14:05.792142,LTC-USDT,109.45,109.47,1.0,110.0
2025-07-24T06:14:05.797596,ETH-USDT,3559.84,3559.85,9976.0,31095.0
2025-07-24T06:14:05.797720,XRP-USDT,3.0716,3.0717,64.0,42.0
2025-07-24T06:14:05.797815,BTC-USDT,117713.8,117713.9,10956.0,3591.0
2025-07-24T06:14:06.250548,SOL-USDT,183.33,183.34,229.0,13.0
2025-07-24T06:14:06.265423,LTC-USDT,109.46,109.49,108.0,19.0
2025-07-24T06:14:06.268358,ETH-USDT,3561.03,3561.35,3580.5,4039.0
2025-07-24T06:14:06.268396,XRP-USDT,3.0713,3.0714,130.0,48.0
2025-07-24T06:14:06.268957,BTC-USDT,117713.8,117713.9,359.0,7412.0
2025-07-24T06:14:06.781151,SOL-USDT,183.33,183.34,229.0,13.0
2025-07-24T06:14:06.787482,LTC-USDT,109.46,109.49,108.0,19.0
2025-07-24T06:14:06.789220,ETH-USDT,3561.03,3561.35,3580.5,4039.0
2025-07-24T06:14:06.791994,XRP-USDT,3.0722,3.0723,7.0,39.0
2025-07-24T06:14:06.795205,BTC-USDT,117713.8,117713.9,359.0,7412.0
2025-07-24T06:14:07.266504,SOL-USDT,183.34,183.35,4.0,298.0
2025-07-24T06:14:07.278990,LTC-USDT,109.45,109.48,1.0,78.0
2025-07-24T06:14:07.279033,ETH-USDT,3561.57,3561.58,31118.0,817.0
2025-07-24T06:14:07.279064,XRP-USDT,3.0722,3.0723,7.0,39.0
2025-07-24T06:14:07.279496,BTC-USDT,117713.8,117713.9,3500.0,4521.0
2025-07-24T06:14:07.838099,SOL-USDT,183.33,183.34,58.0,805.0
2025-07-24T06:14:07.838130,LTC-USDT,109.45,109.48,36.0,43.0
2025-07-24T06:14:07.838159,ETH-USDT,3561.57,3561.58,31118.0,417.0
2025-07-24T06:14:07.838187,XRP-USDT,3.0722,3.0723,7.0,39.0
2025-07-24T06:14:07.838214,BTC-USDT,117713.8,117713.9,3500.0,4521.0
2025-07-24T06:14:08.266901,SOL-USDT,183.32,183.33,95.0,326.0
2025-07-24T06:14:08.282578,LTC-USDT,109.45,109.48,21.0,85.0
2025-07-24T06:14:08.282664,ETH-USDT,3561.31,3561.32,12896.0,9680.0
2025-07-24T06:14:08.282703,XRP-USDT,3.0722,3.0723,2.0,63.0
2025-07-24T06:14:08.282891,BTC-USDT,117713.8,117713.9,5095.0,4157.0
2025-07-24T06:14:08.856576,SOL-USDT,183.32,183.33,216.0,240.0
2025-07-24T06:14:08.856775,LTC-USDT,109.46,109.48,3.0,94.0
2025-07-24T06:14:08.856901,ETH-USDT,3561.57,3561.58,42692.0,126.0
2025-07-24T06:14:08.857087,XRP-USDT,3.0722,3.0723,12.0,69.0
2025-07-24T06:14:08.861037,BTC-USDT,117713.8,117713.9,5095.0,4157.0
2025-07-24T06:14:09.266254,SOL-USDT,183.32,183.33,216.0,240.0
2025-07-24T06:14:09.271697,LTC-USDT,109.46,109.48,3.0,94.0
2025-07-24T06:14:09.271849,ETH-USDT,3561.57,3561.58,42692.0,126.0
2025-07-24T06:14:09.271978,XRP-USDT,3.0722,3.0723,12.0,69.0
2025-07-24T06:14:09.273411,BTC-USDT,117713.8,117713.9,5095.0,4157.0
2025-07-24T06:14:09.775003,SOL-USDT,183.34,183.35,402.0,9.0
2025-07-24T06:14:09.788209,LTC-USDT,109.45,109.49,73.0,33.0
2025-07-24T06:14:09.803422,ETH-USDT,3561.86,3561.87,12672.0,700.0
2025-07-24T06:14:09.803460,XRP-USDT,3.0727,3.0728,44.0,75.0
2025-07-24T06:14:09.803492,BTC-USDT,117713.8,117713.9,4613.0,4637.0
2025-07-24T06:14:10.255407,SOL-USDT,183.35,183.36,316.0,153.0
2025-07-24T06:14:10.267700,LTC-USDT,109.45,109.48,73.0,15.0
2025-07-24T06:14:10.270446,ETH-USDT,3562.17,3562.18,18983.0,2818.0
2025-07-24T06:14:10.272851,XRP-USDT,3.0734,3.0735,270.0,5.69
2025-07-24T06:14:10.274863,BTC-USDT,117713.8,117713.9,4613.0,4637.0
2025-07-24T06:14:10.774242,SOL-USDT,183.35,183.36,316.0,153.0
2025-07-24T06:14:10.787734,LTC-USDT,109.47,109.49,181.0,18.0
2025-07-24T06:14:10.787784,ETH-USDT,3562.76,3562.77,43174.0,392.0
2025-07-24T06:14:10.787809,XRP-USDT,3.0734,3.0735,270.0,5.69
2025-07-24T06:14:10.793707,BTC-USDT,117713.8,117713.9,110.0,10989.0
2025-07-24T06:14:11.242322,SOL-USDT,183.38,183.39,269.0,7.98
2025-07-24T06:14:11.255518,LTC-USDT,109.47,109.49,181.0,18.0
2025-07-24T06:14:11.256290,ETH-USDT,3562.76,3562.77,43174.0,392.0
2025-07-24T06:14:11.259086,XRP-USDT,3.0734,3.0735,214.0,32.69
2025-07-24T06:14:11.268480,BTC-USDT,117713.8,117713.9,110.0,10989.0
2025-07-24T06:14:11.773420,SOL-USDT,183.38,183.39,269.0,7.98
2025-07-24T06:14:11.782548,LTC-USDT,109.47,109.49,5.0,28.0
2025-07-24T06:14:11.784438,ETH-USDT,3562.76,3562.77,43174.0,392.0
2025-07-24T06:14:11.787092,XRP-USDT,3.0734,3.0735,214.0,43.69
2025-07-24T06:14:11.788749,BTC-USDT,117708.6,117708.7,2526.0,12240.0
2025-07-24T06:14:12.264619,SOL-USDT,183.38,183.39,123.0,454.98
2025-07-24T06:14:12.277054,LTC-USDT,109.46,109.49,113.0,28.0
2025-07-24T06:14:12.281852,ETH-USDT,3562.76,3562.77,7806.0,10140.0
2025-07-24T06:14:12.281915,XRP-USDT,3.0734,3.0735,215.0,43.69
2025-07-24T06:14:12.284691,BTC-USDT,117708.6,117708.7,2526.0,12240.0
2025-07-24T06:14:12.804301,SOL-USDT,183.38,183.39,123.0,454.98
2025-07-24T06:14:12.816801,LTC-USDT,109.47,109.49,99.0,18.0
2025-07-24T06:14:12.820477,ETH-USDT,3562.76,3562.77,7806.0,10140.0
2025-07-24T06:14:12.822547,XRP-USDT,3.0734,3.0735,215.0,43.69
2025-07-24T06:14:12.826270,BTC-USDT,117708.6,117708.7,796.0,9304.0
2025-07-24T06:14:13.247000,SOL-USDT,183.38,183.39,123.0,454.98
2025-07-24T06:14:13.255013,LTC-USDT,109.47,109.49,99.0,18.0
2025-07-24T06:14:13.255078,ETH-USDT,3563.21,3563.22,54852.0,35.0
2025-07-24T06:14:13.257245,XRP-USDT,3.0734,3.0735,165.0,53.69
2025-07-24T06:14:13.259186,BTC-USDT,117708.6,117708.7,4011.0,3523.0
2025-07-24T06:14:13.771074,SOL-USDT,183.39,183.42,1323.0,3.0
2025-07-24T06:14:13.779853,LTC-USDT,109.48,109.49,154.0,18.0
2025-07-24T06:14:13.781215,ETH-USDT,3563.21,3563.22,54852.0,35.0
2025-07-24T06:14:13.783098,XRP-USDT,3.0736,3.0741,215.0,0.01
2025-07-24T06:14:13.784724,BTC-USDT,117708.6,117708.7,4011.0,3523.0
2025-07-24T06:14:14.258524,SOL-USDT,183.42,183.43,186.0,187.0
2025-07-24T06:14:14.274516,LTC-USDT,109.49,109.52,82.0,18.0
2025-07-24T06:14:14.274551,ETH-USDT,3563.56,3563.57,42079.0,191.1
2025-07-24T06:14:14.277988,XRP-USDT,3.074,3.0741,191.0,0.01
2025-07-24T06:14:14.281097,BTC-USDT,117708.6,117708.7,4011.0,3523.0
2025-07-24T06:14:14.789927,SOL-USDT,183.43,183.44,166.0,182.0
2025-07-24T06:14:14.802762,LTC-USDT,109.49,109.52,67.0,42.0
2025-07-24T06:14:14.804310,ETH-USDT,3563.67,3564.13,3022.0,812.0
2025-07-24T06:14:14.806710,XRP-USDT,3.074,3.0741,191.0,0.01
2025-07-24T06:14:14.809020,BTC-USDT,117708.6,117708.7,7346.0,2249.0
2025-07-24T06:14:15.236175,SOL-USDT,183.43,183.44,166.0,182.0
2025-07-24T06:14:15.245474,LTC-USDT,109.49,109.52,67.0,42.0
2025-07-24T06:14:15.247705,ETH-USDT,3563.67,3564.13,3022.0,812.0
2025-07-24T06:14:15.248974,XRP-USDT,3.0732,3.0733,31.0,95.0
2025-07-24T06:14:15.251547,BTC-USDT,117708.6,117708.7,7346.0,2249.0
2025-07-24T06:14:15.778090,SOL-USDT,183.38,183.39,100.0,321.0
2025-07-24T06:14:15.782743,LTC-USDT,109.49,109.51,69.0,105.0
2025-07-24T06:14:15.784270,ETH-USDT,3563.67,3563.68,2970.0,33170.0
2025-07-24T06:14:15.787445,XRP-USDT,3.0734,3.0735,10.0,51.0
2025-07-24T06:14:15.793578,BTC-USDT,117708.6,117708.7,7571.0,1698.0
2025-07-24T06:14:16.239100,SOL-USDT,183.38,183.39,229.0,160.0
2025-07-24T06:14:16.248554,LTC-USDT,109.49,109.52,26.0,111.0
2025-07-24T06:14:16.249302,ETH-USDT,3563.67,3563.68,9112.0,19434.0
2025-07-24T06:14:16.250773,XRP-USDT,3.0735,3.0736,100.0,11.77
2025-07-24T06:14:16.252596,BTC-USDT,117708.6,117708.7,7571.0,1698.0
2025-07-24T06:14:16.766566,SOL-USDT,183.38,183.39,229.0,160.0
2025-07-24T06:14:16.772734,LTC-USDT,109.49,109.52,26.0,111.0
2025-07-24T06:14:16.774009,ETH-USDT,3563.67,3563.68,9112.0,19434.0
2025-07-24T06:14:16.775312,XRP-USDT,3.0735,3.0736,100.0,11.77
2025-07-24T06:14:16.776584,BTC-USDT,117708.6,117708.7,7571.0,1698.0
2025-07-24T06:14:17.241024,SOL-USDT,183.39,183.4,173.0,173.0
2025-07-24T06:14:17.250695,LTC-USDT,109.49,109.52,1.0,33.0
2025-07-24T06:14:17.251848,ETH-USDT,3563.67,3563.68,10209.0,7076.0
2025-07-24T06:14:17.253780,XRP-USDT,3.0739,3.074,77.0,31.0
2025-07-24T06:14:17.255491,BTC-USDT,117708.6,117708.7,5516.0,4954.0
2025-07-24T06:14:17.785926,SOL-USDT,183.39,183.4,173.0,173.0
2025-07-24T06:14:17.796611,LTC-USDT,109.51,109.53,91.0,1.0
2025-07-24T06:14:17.796899,ETH-USDT,3563.62,3563.63,12542.2,4056.0
2025-07-24T06:14:17.798405,XRP-USDT,3.0739,3.074,77.0,31.0
2025-07-24T06:14:17.800354,BTC-USDT,117708.6,117708.7,4416.0,3342.0
2025-07-24T06:14:18.259271,SOL-USDT,183.39,183.4,173.0,173.0
2025-07-24T06:14:18.269099,LTC-USDT,109.51,109.53,91.0,1.0
2025-07-24T06:14:18.269823,ETH-USDT,3563.62,3563.63,12542.2,4056.0
2025-07-24T06:14:18.273752,XRP-USDT,3.074,3.0741,64.0,23.01
2025-07-24T06:14:18.274279,BTC-USDT,117708.6,117708.7,8039.0,2987.0
2025-07-24T06:14:18.776435,SOL-USDT,183.39,183.4,175.0,139.0
2025-07-24T06:14:18.786466,LTC-USDT,109.51,109.54,91.0,37.89
2025-07-24T06:14:18.787777,ETH-USDT,3563.62,3563.63,17159.0,8062.0
2025-07-24T06:14:18.790023,XRP-USDT,3.074,3.0741,64.0,23.01
2025-07-24T06:14:18.792464,BTC-USDT,117708.6,117708.7,8039.0,2987.0
2025-07-24T06:14:19.255680,SOL-USDT,183.39,183.4,408.0,31.0
2025-07-24T06:14:19.264917,LTC-USDT,109.51,109.53,5.0,71.0
2025-07-24T06:14:19.265710,ETH-USDT,3563.66,3563.67,40037.0,5128.0
2025-07-24T06:14:19.267745,XRP-USDT,3.0744,3.0745,100.0,48.0
2025-07-24T06:14:19.269590,BTC-USDT,117708.6,117708.7,8039.0,2987.0
2025-07-24T06:14:19.756983,SOL-USDT,183.39,183.4,408.0,31.0
2025-07-24T06:14:19.769186,LTC-USDT,109.51,109.53,5.0,71.0
2025-07-24T06:14:19.770956,ETH-USDT,3564.11,3564.12,19949.0,76.0
2025-07-24T06:14:19.773190,XRP-USDT,3.0745,3.0746,47.0,34.0
2025-07-24T06:14:19.775392,BTC-USDT,117708.6,117708.7,6509.0,1291.0
2025-07-24T06:14:23.258612,SOL-USDT,183.44,183.45,220.0,264.0
2025-07-24T06:14:23.258632,LTC-USDT,109.54,109.55,86.0,0.62
2025-07-24T06:14:23.258652,ETH-USDT,3564.11,3564.12,19949.0,76.0
2025-07-24T06:14:23.258671,XRP-USDT,3.0736,3.0737,49.0,156.0
2025-07-24T06:14:23.258690,BTC-USDT,117708.6,117708.7,6509.0,1291.0
2025-07-24T06:14:23.258709,SOL-USDT,183.3,183.31,90.0,538.0
2025-07-24T06:14:23.258730,LTC-USDT,109.47,109.5,23.0,177.0
2025-07-24T06:14:23.258751,ETH-USDT,3563.05,3563.07,454.0,22071.0
2025-07-24T06:14:23.258772,XRP-USDT,3.0736,3.0737,49.0,156.0
2025-07-24T06:14:23.258793,BTC-USDT,117693.3,117693.4,50.0,20098.0
2025-07-24T06:14:23.258815,SOL-USDT,183.3,183.31,90.0,538.0
2025-07-24T06:14:23.258834,LTC-USDT,109.47,109.5,23.0,177.0
2025-07-24T06:14:23.258853,ETH-USDT,3563.89,3564.41,5760.0,351.0
2025-07-24T06:14:23.258894,XRP-USDT,3.0735,3.0736,137.0,1.0
2025-07-24T06:14:23.258919,BTC-USDT,117693.3,117693.4,9035.0,342.0
2025-07-24T06:14:23.258942,SOL-USDT,183.4,183.41,158.0,1.0
2025-07-24T06:14:23.258962,LTC-USDT,109.5,109.51,127.0,3.0
2025-07-24T06:14:23.258982,ETH-USDT,3563.89,3564.41,5760.0,351.0
2025-07-24T06:14:23.259004,XRP-USDT,3.0738,3.0739,42.0,1.0
2025-07-24T06:14:23.259026,BTC-USDT,117693.3,117693.4,9035.0,342.0
2025-07-24T06:14:23.328293,SOL-USDT,183.41,183.42,89.0,539.0
2025-07-24T06:14:23.328319,LTC-USDT,109.52,109.54,113.0,13.0
2025-07-24T06:14:23.328341,ETH-USDT,3564.7,3564.71,23087.0,1101.0
2025-07-24T06:14:23.328365,XRP-USDT,3.0738,3.0739,42.0,1.0
2025-07-24T06:14:23.328386,BTC-USDT,117693.3,117693.4,9035.0,342.0
2025-07-24T06:14:23.328409,SOL-USDT,183.39,183.4,651.0,49.0
2025-07-24T06:14:23.328432,LTC-USDT,109.54,109.55,103.0,0.62
2025-07-24T06:14:23.328454,ETH-USDT,3564.7,3564.71,23087.0,1101.0
2025-07-24T06:14:23.328477,XRP-USDT,3.0755,3.0759,171.19,0.03
2025-07-24T06:14:23.328500,BTC-USDT,117693.3,117693.4,8944.0,47.0
2025-07-24T06:14:23.328523,SOL-USDT,183.42,183.43,581.0,1.0
2025-07-24T06:14:23.328544,LTC-USDT,109.54,109.55,138.0,0.62
2025-07-24T06:14:23.328566,ETH-USDT,3564.87,3564.88,40337.0,1498.0
2025-07-24T06:14:23.328585,XRP-USDT,3.0774,3.0775,143.0,19.0
2025-07-24T06:14:23.328607,BTC-USDT,117710.8,117710.9,25090.0,130.0
2025-07-24T06:14:24.030805,SOL-USDT,183.42,183.43,581.0,1.0
2025-07-24T06:14:24.030828,LTC-USDT,109.53,109.55,164.0,0.62
2025-07-24T06:14:24.030850,ETH-USDT,3565.21,3565.22,30367.0,9479.0
2025-07-24T06:14:24.030979,XRP-USDT,3.0774,3.0775,143.0,19.0
2025-07-24T06:14:24.031109,BTC-USDT,117711.6,117711.7,27409.0,355.0
2025-07-24T06:14:24.249624,SOL-USDT,183.44,183.45,450.0,4.0
2025-07-24T06:14:24.260097,LTC-USDT,109.53,109.55,164.0,0.62
2025-07-24T06:14:24.263347,ETH-USDT,3565.21,3565.22,30367.0,9479.0
2025-07-24T06:14:24.264803,XRP-USDT,3.0774,3.0775,161.0,53.0
2025-07-24T06:14:24.267806,BTC-USDT,117711.6,117711.7,27409.0,355.0
2025-07-24T06:14:25.319081,SOL-USDT,183.46,183.47,710.0,93.74
2025-07-24T06:14:25.319131,LTC-USDT,109.6,109.62,98.0,180.0
2025-07-24T06:14:25.319191,ETH-USDT,3565.47,3565.65,2489.0,0.1
2025-07-24T06:14:25.319456,XRP-USDT,3.078,3.0782,26.0,136.0
2025-07-24T06:14:25.319556,BTC-USDT,117711.6,117711.7,20159.0,2460.0
2025-07-24T06:14:25.319651,SOL-USDT,183.45,183.46,386.0,108.0
2025-07-24T06:14:25.319743,LTC-USDT,109.61,109.62,140.0,180.0
2025-07-24T06:14:25.319894,ETH-USDT,3566.45,3566.67,3323.5,0.3
2025-07-24T06:14:25.319946,XRP-USDT,3.078,3.0782,26.0,136.0
2025-07-24T06:14:25.320324,BTC-USDT,117740.7,117740.8,16559.0,2519.0
2025-07-24T06:14:25.747614,SOL-USDT,183.45,183.46,386.0,108.0
2025-07-24T06:14:25.758934,LTC-USDT,109.61,109.62,140.0,180.0
2025-07-24T06:14:25.759004,ETH-USDT,3566.45,3566.67,3323.5,0.3
2025-07-24T06:14:25.759764,XRP-USDT,3.078,3.0781,35.0,26.0
2025-07-24T06:14:25.763163,BTC-USDT,117740.7,117740.8,16559.0,2519.0
2025-07-24T06:14:26.240941,SOL-USDT,183.45,183.46,570.0,45.0
2025-07-24T06:14:26.248814,LTC-USDT,109.66,109.68,163.0,167.0
2025-07-24T06:14:26.249800,ETH-USDT,3566.66,3566.67,1108.0,170.3
2025-07-24T06:14:26.251863,XRP-USDT,3.0786,3.0787,82.0,33.0
2025-07-24T06:14:26.253722,BTC-USDT,117740.7,117740.8,16559.0,2519.0
2025-07-24T06:14:26.786675,SOL-USDT,183.44,183.45,266.0,409.0
2025-07-24T06:14:26.800208,LTC-USDT,109.66,109.68,54.0,143.0
2025-07-24T06:14:26.803368,ETH-USDT,3566.65,3566.66,11757.0,15888.0
2025-07-24T06:14:26.803414,XRP-USDT,3.0784,3.0785,116.0,1.0
2025-07-24T06:14:26.805458,BTC-USDT,117749.1,117749.2,19403.0,87.0
2025-07-24T06:14:27.258834,SOL-USDT,183.44,183.45,266.0,409.0
2025-07-24T06:14:27.263750,LTC-USDT,109.66,109.68,54.0,143.0
2025-07-24T06:14:27.267977,ETH-USDT,3566.65,3566.66,11757.0,15888.0
2025-07-24T06:14:27.268095,XRP-USDT,3.0784,3.0785,116.0,1.0
2025-07-24T06:14:27.271654,BTC-USDT,117755.8,117755.9,3485.0,7004.0
2025-07-24T06:14:27.794986,SOL-USDT,183.44,183.45,266.0,409.0
2025-07-24T06:14:27.803657,LTC-USDT,109.66,109.68,54.0,143.0
2025-07-24T06:14:27.803751,ETH-USDT,3566.65,3566.66,11757.0,15888.0
2025-07-24T06:14:27.805276,XRP-USDT,3.0784,3.0785,116.0,1.0
2025-07-24T06:14:27.808611,BTC-USDT,117755.8,117755.9,3485.0,7004.0
2025-07-24T06:14:28.240265,SOL-USDT,183.46,183.47,406.0,1.74
2025-07-24T06:14:28.250482,LTC-USDT,109.66,109.68,38.0,195.0
2025-07-24T06:14:28.252098,ETH-USDT,3566.65,3566.66,10105.0,8425.6
2025-07-24T06:14:28.253617,XRP-USDT,3.0783,3.0784,20.0,51.0
2025-07-24T06:14:28.255710,BTC-USDT,117755.8,117755.9,6334.0,5471.0
2025-07-24T06:14:28.769708,SOL-USDT,183.48,183.49,590.0,123.0
2025-07-24T06:14:28.778497,LTC-USDT,109.66,109.68,35.0,148.0
2025-07-24T06:14:28.783908,ETH-USDT,3566.52,3566.53,99.0,10314.0
2025-07-24T06:14:28.783956,XRP-USDT,3.078,3.0781,21.0,128.0
2025-07-24T06:14:28.786703,BTC-USDT,117755.8,117755.9,6334.0,5471.0
2025-07-24T06:14:29.265760,SOL-USDT,183.48,183.49,590.0,123.0
2025-07-24T06:14:29.274400,LTC-USDT,109.65,109.68,88.0,148.0
2025-07-24T06:14:29.274804,ETH-USDT,3566.52,3566.53,506.0,26652.0
2025-07-24T06:14:29.276810,XRP-USDT,3.078,3.0781,21.0,128.0
2025-07-24T06:14:29.278528,BTC-USDT,117755.8,117755.9,5004.0,3689.0
2025-07-24T06:14:29.775079,SOL-USDT,183.48,183.49,590.0,123.0
2025-07-24T06:14:29.777595,LTC-USDT,109.67,109.68,92.0,148.0
2025-07-24T06:14:29.779131,ETH-USDT,3566.52,3566.53,1704.0,22699.0
2025-07-24T06:14:29.780967,XRP-USDT,3.0777,3.0778,109.0,1.0
2025-07-24T06:14:29.783445,BTC-USDT,117755.8,117755.9,5004.0,3689.0
2025-07-24T06:14:30.247189,SOL-USDT,183.48,183.49,305.0,344.0
2025-07-24T06:14:30.257291,LTC-USDT,109.67,109.68,92.0,148.0
2025-07-24T06:14:30.261227,ETH-USDT,3566.52,3566.53,1704.0,22699.0
2025-07-24T06:14:30.261274,XRP-USDT,3.078,3.0781,301.0,13.74
2025-07-24T06:14:30.262465,BTC-USDT,117755.8,117755.9,5004.0,3689.0
2025-07-24T06:14:30.761621,SOL-USDT,183.48,183.49,305.0,344.0
2025-07-24T06:14:30.775156,LTC-USDT,109.67,109.68,103.0,143.0
2025-07-24T06:14:30.776604,ETH-USDT,3566.52,3566.53,1704.0,22699.0
2025-07-24T06:14:30.779805,XRP-USDT,3.078,3.0781,11.0,57.0
2025-07-24T06:14:30.781905,BTC-USDT,117755.8,117755.9,4718.0,4894.0
2025-07-24T06:14:31.239259,SOL-USDT,183.47,183.48,263.0,163.0
2025-07-24T06:14:31.248051,LTC-USDT,109.67,109.68,102.0,143.0
2025-07-24T06:14:31.249027,ETH-USDT,3566.52,3566.53,5354.0,9206.0
2025-07-24T06:14:31.251711,XRP-USDT,3.078,3.0781,11.0,57.0
2025-07-24T06:14:31.253786,BTC-USDT,117755.8,117755.9,5226.0,4158.0
2025-07-24T06:14:31.762174,SOL-USDT,183.49,183.5,641.0,0.08
2025-07-24T06:14:31.773551,LTC-USDT,109.69,109.71,41.0,1.0
2025-07-24T06:14:31.773574,ETH-USDT,3566.66,3566.67,1031.0,0.3
2025-07-24T06:14:31.776551,XRP-USDT,3.0785,3.0786,110.0,17.0
2025-07-24T06:14:31.778672,BTC-USDT,117764.3,117764.4,4624.0,139.0
2025-07-24T06:14:32.259482,SOL-USDT,183.49,183.5,641.0,0.08
2025-07-24T06:14:32.270696,LTC-USDT,109.69,109.71,41.0,1.0
2025-07-24T06:14:32.271081,ETH-USDT,3566.66,3566.67,1031.0,0.3
2025-07-24T06:14:32.274331,XRP-USDT,3.078,3.0783,8.0,57.31
2025-07-24T06:14:32.277670,BTC-USDT,117764.3,117764.4,4624.0,139.0
2025-07-24T06:14:32.748617,SOL-USDT,183.49,183.5,985.0,0.08
2025-07-24T06:14:32.758820,LTC-USDT,109.7,109.71,135.0,1.0
2025-07-24T06:14:32.759692,ETH-USDT,3566.92,3566.93,937.8,9.0
2025-07-24T06:14:32.763007,XRP-USDT,3.078,3.0783,8.0,57.31
2025-07-24T06:14:32.766952,BTC-USDT,117805.9,117806.0,3847.0,6797.0
2025-07-24T06:14:33.259064,SOL-USDT,183.49,183.5,881.0,179.08
2025-07-24T06:14:33.269114,LTC-USDT,109.74,109.76,81.0,26.0
2025-07-24T06:14:33.270920,ETH-USDT,3567.24,3567.25,20250.0,14155.0
2025-07-24T06:14:33.272304,XRP-USDT,3.0794,3.0795,108.0,1.0
2025-07-24T06:14:33.274347,BTC-USDT,117805.9,117806.0,8114.0,1621.0
2025-07-24T06:14:33.790611,SOL-USDT,183.49,183.5,881.0,179.08
2025-07-24T06:14:33.798755,LTC-USDT,109.74,109.76,81.0,26.0
2025-07-24T06:14:33.800414,ETH-USDT,3567.24,3567.25,20250.0,14155.0
2025-07-24T06:14:33.802273,XRP-USDT,3.0794,3.0795,108.0,1.0
2025-07-24T06:14:33.805714,BTC-USDT,117805.9,117806.0,8114.0,1621.0
2025-07-24T06:14:34.259716,SOL-USDT,183.58,183.59,845.0,46.0
2025-07-24T06:14:34.273743,LTC-USDT,109.74,109.76,2.0,81.0
2025-07-24T06:14:34.276508,ETH-USDT,3567.8,3567.81,42691.0,1963.4
2025-07-24T06:14:34.278140,XRP-USDT,3.0798,3.0799,267.0,0.8
2025-07-24T06:14:34.280659,BTC-USDT,117814.2,117814.3,3589.0,902.0
2025-07-24T06:14:34.783657,SOL-USDT,183.58,183.59,142.0,228.0
2025-07-24T06:14:34.794155,LTC-USDT,109.7,109.74,10.0,82.0
2025-07-24T06:14:34.794848,ETH-USDT,3567.99,3568.0,778.0,4.4
2025-07-24T06:14:34.796956,XRP-USDT,3.0798,3.0799,243.0,2.8
2025-07-24T06:14:34.798932,BTC-USDT,117814.2,117814.3,4147.0,4891.6
2025-07-24T06:14:35.248967,SOL-USDT,183.58,183.59,142.0,228.0
2025-07-24T06:14:35.257639,LTC-USDT,109.7,109.74,10.0,82.0
2025-07-24T06:14:35.264370,ETH-USDT,3567.99,3568.0,778.0,4.4
2025-07-24T06:14:35.264429,XRP-USDT,3.0798,3.0799,243.0,2.8
2025-07-24T06:14:35.264457,BTC-USDT,117814.2,117814.3,4147.0,4891.6
2025-07-24T06:14:35.776759,SOL-USDT,183.59,183.6,821.0,0.15
2025-07-24T06:14:35.788934,LTC-USDT,109.73,109.75,5.0,37.0
2025-07-24T06:14:35.788983,ETH-USDT,3568.99,3569.0,31221.1,522.6
2025-07-24T06:14:35.789012,XRP-USDT,3.08,3.0811,196.21,44.24
2025-07-24T06:14:35.789035,BTC-USDT,117814.2,117814.3,4241.0,3570.0
2025-07-24T06:14:36.260011,SOL-USDT,183.59,183.6,741.0,53.15
2025-07-24T06:14:36.271006,LTC-USDT,109.72,109.75,6.0,98.0
2025-07-24T06:14:36.272197,ETH-USDT,3569.1,3569.39,14208.0,204.9
2025-07-24T06:14:36.277748,XRP-USDT,3.081,3.0811,51.0,10.0
2025-07-24T06:14:36.278447,BTC-USDT,117814.2,117814.3,5949.0,2734.0
2025-07-24T06:14:36.778411,SOL-USDT,183.59,183.6,741.0,53.15
2025-07-24T06:14:36.793246,LTC-USDT,109.72,109.75,6.0,98.0
2025-07-24T06:14:36.793290,ETH-USDT,3569.1,3569.39,14208.0,204.9
2025-07-24T06:14:36.793323,XRP-USDT,3.0806,3.0807,1.0,158.0
2025-07-24T06:14:36.794900,BTC-USDT,117814.2,117814.3,5949.0,2734.0
2025-07-24T06:14:37.242618,SOL-USDT,183.63,183.7,1022.0,271.56
2025-07-24T06:14:37.258375,LTC-USDT,109.7,109.72,93.0,103.0
2025-07-24T06:14:37.258459,ETH-USDT,3569.12,3569.13,17016.0,16518.0
2025-07-24T06:14:37.259527,XRP-USDT,3.0806,3.0807,1.0,158.0
2025-07-24T06:14:37.262462,BTC-USDT,117814.2,117814.3,1751.0,13358.0
2025-07-24T06:14:37.769070,SOL-USDT,183.69,183.7,160.0,256.0
2025-07-24T06:14:37.779012,LTC-USDT,109.72,109.75,51.0,25.0
2025-07-24T06:14:37.779280,ETH-USDT,3568.8,3568.81,13184.0,897.9
2025-07-24T06:14:37.781276,XRP-USDT,3.0813,3.0814,286.0,0.03
2025-07-24T06:14:37.783608,BTC-USDT,117814.2,117814.3,5000.0,9778.0
2025-07-24T06:14:38.248841,SOL-USDT,183.69,183.7,160.0,256.0
2025-07-24T06:14:38.256752,LTC-USDT,109.75,109.77,77.0,206.0
2025-07-24T06:14:38.256813,ETH-USDT,3570.05,3570.08,810.1,5791.0
2025-07-24T06:14:38.258289,XRP-USDT,3.0813,3.0814,286.0,0.03
2025-07-24T06:14:38.262693,BTC-USDT,117814.2,117814.3,4349.0,12136.0
2025-07-24T06:14:38.774436,SOL-USDT,183.71,183.72,877.0,0.06
2025-07-24T06:14:38.783847,LTC-USDT,109.75,109.77,77.0,206.0
2025-07-24T06:14:38.789390,ETH-USDT,3570.05,3570.08,810.1,5791.0
2025-07-24T06:14:38.789446,XRP-USDT,3.082,3.0821,14.0,55.0
2025-07-24T06:14:38.789731,BTC-USDT,117814.2,117814.3,4349.0,12136.0
2025-07-24T06:14:39.238078,SOL-USDT,183.71,183.72,667.0,0.06
2025-07-24T06:14:39.258295,LTC-USDT,109.75,109.77,154.0,206.0
2025-07-24T06:14:39.258332,ETH-USDT,3570.11,3570.12,10438.0,8795.0
2025-07-24T06:14:39.258360,XRP-USDT,3.0827,3.0828,26.0,67.0
2025-07-24T06:14:39.258385,BTC-USDT,117814.2,117814.3,4835.0,4041.0
2025-07-24T06:14:39.773922,SOL-USDT,183.7,183.71,323.0,159.0
2025-07-24T06:14:39.782411,LTC-USDT,109.75,109.77,121.0,238.0
2025-07-24T06:14:39.785378,ETH-USDT,3569.61,3569.62,6722.0,14765.0
2025-07-24T06:14:39.785428,XRP-USDT,3.0827,3.0828,26.0,67.0
2025-07-24T06:14:39.786250,BTC-USDT,117814.2,117814.3,4835.0,4041.0
2025-07-24T06:14:40.259322,SOL-USDT,183.7,183.71,323.0,159.0
2025-07-24T06:14:40.271628,LTC-USDT,109.75,109.77,121.0,238.0
2025-07-24T06:14:40.271663,ETH-USDT,3569.61,3569.62,6722.0,14765.0
2025-07-24T06:14:40.276109,XRP-USDT,3.0829,3.083,12.0,72.0
2025-07-24T06:14:40.276169,BTC-USDT,117814.2,117814.3,4835.0,4041.0
2025-07-24T06:14:40.764300,SOL-USDT,183.71,183.72,630.0,0.06
2025-07-24T06:14:40.773691,LTC-USDT,109.8,109.81,71.0,263.0
2025-07-24T06:14:40.775076,ETH-USDT,3570.11,3570.12,34366.0,8499.0
2025-07-24T06:14:40.776599,XRP-USDT,3.0861,3.0862,1.0,32.0
2025-07-24T06:14:40.780174,BTC-USDT,117814.2,117814.3,2495.0,5737.0
2025-07-24T06:14:41.246179,SOL-USDT,183.71,183.72,652.0,198.06
2025-07-24T06:14:41.264492,LTC-USDT,109.8,109.81,74.0,263.0
2025-07-24T06:14:41.264536,ETH-USDT,3570.66,3570.67,1342.0,0.1
2025-07-24T06:14:41.264571,XRP-USDT,3.0861,3.0862,1.0,32.0
2025-07-24T06:14:41.264606,BTC-USDT,117814.2,117814.3,4571.0,4821.0
2025-07-24T06:14:41.777063,SOL-USDT,183.71,183.72,652.0,198.06
2025-07-24T06:14:41.787485,LTC-USDT,109.81,109.83,52.0,182.0
2025-07-24T06:14:41.789665,ETH-USDT,3570.66,3570.71,799.0,8444.4
2025-07-24T06:14:41.793895,XRP-USDT,3.0855,3.0856,26.0,88.0
2025-07-24T06:14:41.794015,BTC-USDT,117800.3,117800.4,53.0,15555.0
2025-07-24T06:14:42.240709,SOL-USDT,183.74,183.75,368.0,13.0
2025-07-24T06:14:42.251223,LTC-USDT,109.81,109.83,52.0,182.0
2025-07-24T06:14:42.252493,ETH-USDT,3570.66,3570.71,799.0,8444.4
2025-07-24T06:14:42.254429,XRP-USDT,3.0855,3.0856,26.0,88.0
2025-07-24T06:14:42.256413,BTC-USDT,117800.3,117800.4,53.0,15555.0
2025-07-24T06:14:42.750247,SOL-USDT,183.74,183.76,368.0,596.68
2025-07-24T06:14:42.759041,LTC-USDT,109.8,109.83,85.0,300.0
2025-07-24T06:14:42.760017,ETH-USDT,3570.66,3570.71,738.6,8431.4
2025-07-24T06:14:42.761962,XRP-USDT,3.0857,3.0858,90.0,113.0
2025-07-24T06:14:42.764539,BTC-USDT,117800.3,117800.4,1064.0,13336.0
2025-07-24T06:14:43.243595,SOL-USDT,183.74,183.75,140.0,267.0
2025-07-24T06:14:43.251541,LTC-USDT,109.8,109.83,82.0,300.0
2025-07-24T06:14:43.253062,ETH-USDT,3570.8,3570.81,4117.4,13126.0
2025-07-24T06:14:43.255094,XRP-USDT,3.0855,3.0856,110.0,92.0
2025-07-24T06:14:43.257468,BTC-USDT,117800.3,117800.4,2017.0,16531.0
2025-07-24T06:14:43.776815,SOL-USDT,183.74,183.75,181.0,136.0
2025-07-24T06:14:43.790304,LTC-USDT,109.8,109.82,2.0,80.0
2025-07-24T06:14:43.790346,ETH-USDT,3570.47,3570.48,1445.0,25936.0
2025-07-24T06:14:43.790380,XRP-USDT,3.085,3.0851,117.0,40.0
2025-07-24T06:14:43.801997,BTC-USDT,117800.3,117800.4,2017.0,16531.0
2025-07-24T06:14:44.239665,SOL-USDT,183.74,183.75,181.0,136.0
2025-07-24T06:14:44.255839,LTC-USDT,109.8,109.82,2.0,80.0
2025-07-24T06:14:44.255899,ETH-USDT,3570.47,3570.48,1445.0,25936.0
2025-07-24T06:14:44.257480,XRP-USDT,3.085,3.0851,117.0,40.0
2025-07-24T06:14:44.259169,BTC-USDT,117800.3,117800.4,2017.0,16531.0
2025-07-24T06:14:44.784459,SOL-USDT,183.67,183.68,8.0,450.0
2025-07-24T06:14:44.797636,LTC-USDT,109.78,109.8,55.0,76.0
2025-07-24T06:14:44.797662,ETH-USDT,3569.61,3569.62,1321.0,52698.0
2025-07-24T06:14:44.800011,XRP-USDT,3.0833,3.0834,1.0,106.0
2025-07-24T06:14:44.800923,BTC-USDT,117782.8,117782.9,216.0,17790.0
2025-07-24T06:14:45.259439,SOL-USDT,183.66,183.67,12.0,770.0
2025-07-24T06:14:45.268603,LTC-USDT,109.78,109.8,55.0,81.0
2025-07-24T06:14:45.270803,ETH-USDT,3569.6,3569.61,30033.0,6288.9
2025-07-24T06:14:45.273768,XRP-USDT,3.0827,3.0828,6.0,116.0
2025-07-24T06:14:45.275011,BTC-USDT,117782.8,117782.9,3633.0,18669.0
2025-07-24T06:14:45.749933,SOL-USDT,183.66,183.67,12.0,770.0
2025-07-24T06:14:45.765602,LTC-USDT,109.78,109.8,55.0,81.0
2025-07-24T06:14:45.765647,ETH-USDT,3569.6,3569.61,12286.0,11380.0
2025-07-24T06:14:45.765679,XRP-USDT,3.0827,3.0828,6.0,116.0
2025-07-24T06:14:45.765706,BTC-USDT,117782.8,117782.9,3633.0,18669.0
2025-07-24T06:14:46.249237,SOL-USDT,183.6,183.61,274.0,100.0
2025-07-24T06:14:46.260460,LTC-USDT,109.75,109.78,29.0,97.0
2025-07-24T06:14:46.262486,ETH-USDT,3569.6,3569.61,12286.0,11380.0
2025-07-24T06:14:46.264431,XRP-USDT,3.0821,3.0822,21.0,115.0
2025-07-24T06:14:46.267215,BTC-USDT,117782.8,117782.9,3633.0,18669.0
2025-07-24T06:14:46.801821,SOL-USDT,183.59,183.6,14.0,612.0
2025-07-24T06:14:46.810706,LTC-USDT,109.75,109.78,79.0,94.0
2025-07-24T06:14:46.811954,ETH-USDT,3569.32,3569.33,232.0,12970.0
2025-07-24T06:14:46.814890,XRP-USDT,3.0821,3.0822,60.0,94.0
2025-07-24T06:14:46.815940,BTC-USDT,117782.8,117782.9,3191.0,17092.0
2025-07-24T06:14:47.263352,SOL-USDT,183.59,183.6,14.0,612.0
2025-07-24T06:14:47.272998,LTC-USDT,109.75,109.76,5.0,87.0
2025-07-24T06:14:47.273663,ETH-USDT,3569.33,3569.34,28983.0,10871.0
2025-07-24T06:14:47.275964,XRP-USDT,3.0821,3.0822,60.0,94.0
2025-07-24T06:14:47.278806,BTC-USDT,117782.8,117782.9,4773.0,5224.0
2025-07-24T06:14:47.818026,SOL-USDT,183.59,183.6,486.0,335.0
2025-07-24T06:14:47.823030,LTC-USDT,109.75,109.76,5.0,87.0
2025-07-24T06:14:47.825363,ETH-USDT,3569.33,3569.34,28983.0,10871.0
2025-07-24T06:14:47.828297,XRP-USDT,3.0818,3.0819,155.0,57.0
2025-07-24T06:14:47.831549,BTC-USDT,117782.8,117782.9,4773.0,5224.0
2025-07-24T06:14:48.259975,SOL-USDT,183.59,183.6,480.0,31.0
2025-07-24T06:14:48.268355,LTC-USDT,109.75,109.78,47.0,38.89
2025-07-24T06:14:48.272525,ETH-USDT,3570.81,3570.82,69566.0,30762.0
2025-07-24T06:14:48.272567,XRP-USDT,3.0818,3.0819,155.0,57.0
2025-07-24T06:14:48.274212,BTC-USDT,117782.8,117782.9,3368.0,5696.0
2025-07-24T06:14:48.783107,SOL-USDT,183.55,183.56,249.0,210.0
2025-07-24T06:14:48.805748,LTC-USDT,109.73,109.76,895.0,3.0
2025-07-24T06:14:48.805845,ETH-USDT,3569.51,3569.52,8294.0,14823.0
2025-07-24T06:14:48.805912,XRP-USDT,3.0811,3.0812,42.0,209.0
2025-07-24T06:14:48.805956,BTC-USDT,117782.8,117782.9,3368.0,5696.0
2025-07-24T06:14:49.245918,SOL-USDT,183.55,183.56,249.0,210.0
2025-07-24T06:14:49.254776,LTC-USDT,109.73,109.76,895.0,3.0
2025-07-24T06:14:49.255427,ETH-USDT,3569.51,3569.52,8294.0,14823.0
2025-07-24T06:14:49.259269,XRP-USDT,3.081,3.0811,101.03,61.0
2025-07-24T06:14:49.259316,BTC-USDT,117782.8,117782.9,3368.0,5696.0
2025-07-24T06:14:49.772007,SOL-USDT,183.55,183.56,249.0,155.54
2025-07-24T06:14:49.780786,LTC-USDT,109.74,109.76,1.0,34.0
2025-07-24T06:14:49.781802,ETH-USDT,3569.31,3569.32,800.8,13503.0
2025-07-24T06:14:49.783781,XRP-USDT,3.081,3.0811,101.03,61.0
2025-07-24T06:14:49.786128,BTC-USDT,117782.8,117782.9,1557.0,9162.0
2025-07-24T06:14:50.267915,SOL-USDT,183.52,183.53,84.0,752.0
2025-07-24T06:14:50.276395,LTC-USDT,109.71,109.73,38.0,108.0
2025-07-24T06:14:50.277703,ETH-USDT,3568.91,3568.92,5916.0,12754.0
2025-07-24T06:14:50.280018,XRP-USDT,3.081,3.0811,0.03,147.0
2025-07-24T06:14:50.282818,BTC-USDT,117768.2,117768.3,1870.0,9794.0
2025-07-24T06:14:50.768136,SOL-USDT,183.52,183.53,84.0,752.0
2025-07-24T06:14:50.782270,LTC-USDT,109.71,109.73,38.0,108.0
2025-07-24T06:14:50.784026,ETH-USDT,3568.91,3568.92,5916.0,12754.0
2025-07-24T06:14:50.786050,XRP-USDT,3.08,3.0801,81.85,193.0
2025-07-24T06:14:50.789230,BTC-USDT,117768.2,117768.3,1870.0,9794.0
2025-07-24T06:14:51.247762,SOL-USDT,183.49,183.5,39.0,862.0
2025-07-24T06:14:51.255838,LTC-USDT,109.68,109.71,46.0,91.0
2025-07-24T06:14:51.256644,ETH-USDT,3568.12,3568.13,1549.0,23092.0
2025-07-24T06:14:51.258350,XRP-USDT,3.08,3.0801,81.85,193.0
2025-07-24T06:14:51.259738,BTC-USDT,117749.3,117749.4,4645.0,13250.0
2025-07-24T06:14:51.758014,SOL-USDT,183.46,183.47,63.0,445.0
2025-07-24T06:14:51.773070,LTC-USDT,109.67,109.69,39.0,156.0
2025-07-24T06:14:51.773125,ETH-USDT,3568.02,3568.03,5296.0,22230.0
2025-07-24T06:14:51.774598,XRP-USDT,3.08,3.0801,100.85,193.0
2025-07-24T06:14:51.777111,BTC-USDT,117749.3,117749.4,2989.0,6145.0
2025-07-24T06:14:52.238235,SOL-USDT,183.46,183.47,63.0,445.0
2025-07-24T06:14:52.248102,LTC-USDT,109.67,109.69,39.0,156.0
2025-07-24T06:14:52.249765,ETH-USDT,3568.02,3568.03,5296.0,22230.0
2025-07-24T06:14:52.251574,XRP-USDT,3.08,3.0801,97.85,196.0
2025-07-24T06:14:52.253809,BTC-USDT,117749.3,117749.4,2989.0,6145.0
2025-07-24T06:14:52.788396,SOL-USDT,183.46,183.47,63.0,445.0
2025-07-24T06:14:52.794034,LTC-USDT,109.67,109.69,39.0,95.0
2025-07-24T06:14:52.795712,ETH-USDT,3567.8,3567.81,315.0,27704.9
2025-07-24T06:14:52.797053,XRP-USDT,3.08,3.0801,97.85,196.0
2025-07-24T06:14:52.798778,BTC-USDT,117749.3,117749.4,5285.0,4442.0
2025-07-24T06:14:53.252397,SOL-USDT,183.46,183.47,63.0,445.0
2025-07-24T06:14:53.263146,LTC-USDT,109.68,109.71,95.0,53.0
2025-07-24T06:14:53.267175,ETH-USDT,3567.8,3567.81,20571.0,10031.0
2025-07-24T06:14:53.267951,XRP-USDT,3.0816,3.0817,211.0,74.0
2025-07-24T06:14:53.273083,BTC-USDT,117749.3,117749.4,8800.0,3477.0
2025-07-24T06:14:53.787107,SOL-USDT,183.48,183.49,140.0,418.0
2025-07-24T06:14:53.791246,LTC-USDT,109.68,109.71,95.0,53.0
2025-07-24T06:14:53.795390,ETH-USDT,3567.8,3567.81,20571.0,10031.0
2025-07-24T06:14:53.795499,XRP-USDT,3.0814,3.0815,137.0,60.0
2025-07-24T06:14:53.795733,BTC-USDT,117749.3,117749.4,8800.0,3477.0
2025-07-24T06:14:54.258300,SOL-USDT,183.46,183.47,378.0,256.0
2025-07-24T06:14:54.273144,LTC-USDT,109.67,109.7,5.0,117.0
2025-07-24T06:14:54.275162,ETH-USDT,3567.85,3567.86,10677.3,9003.0
2025-07-24T06:14:54.275766,XRP-USDT,3.081,3.0811,54.79,51.0
2025-07-24T06:14:54.275940,BTC-USDT,117749.3,117749.4,5496.0,3805.0
2025-07-24T06:14:54.787448,SOL-USDT,183.46,183.47,224.0,284.0
2025-07-24T06:14:54.792700,LTC-USDT,109.67,109.69,4.0,97.0
2025-07-24T06:14:54.793387,ETH-USDT,3567.85,3567.86,8135.0,5329.0
2025-07-24T06:14:54.794745,XRP-USDT,3.081,3.0811,54.79,51.0
2025-07-24T06:14:54.797803,BTC-USDT,117749.3,117749.4,5496.0,3804.5
2025-07-24T06:14:55.243994,SOL-USDT,183.46,183.47,224.0,284.0
2025-07-24T06:14:55.254794,LTC-USDT,109.67,109.69,4.0,97.0
2025-07-24T06:14:55.254955,ETH-USDT,3567.85,3567.86,8135.0,5329.0
2025-07-24T06:14:55.256664,XRP-USDT,3.081,3.0811,31.0,224.0
2025-07-24T06:14:55.256793,BTC-USDT,117749.3,117749.4,5496.0,3804.5
2025-07-24T06:14:55.762141,SOL-USDT,183.43,183.44,147.0,377.0
2025-07-24T06:14:55.768538,LTC-USDT,109.65,109.69,103.0,17.0
2025-07-24T06:14:55.769703,ETH-USDT,3567.85,3567.86,8135.0,5329.0
2025-07-24T06:14:55.771523,XRP-USDT,3.0804,3.0805,82.0,1.0
2025-07-24T06:14:55.773808,BTC-USDT,117749.3,117749.4,7125.0,6422.0
2025-07-24T06:14:56.239938,SOL-USDT,183.43,183.44,252.0,15.0
2025-07-24T06:14:56.250782,LTC-USDT,109.64,109.66,5.0,65.0
2025-07-24T06:14:56.252806,ETH-USDT,3567.81,3567.82,28972.0,4189.0
2025-07-24T06:14:56.255199,XRP-USDT,3.0804,3.0805,82.0,1.0
2025-07-24T06:14:56.260569,BTC-USDT,117749.3,117749.4,6361.0,4739.0
2025-07-24T06:14:56.743470,SOL-USDT,183.43,183.44,252.0,15.0
2025-07-24T06:14:56.762449,LTC-USDT,109.64,109.66,5.0,65.0
2025-07-24T06:14:56.764845,ETH-USDT,3567.81,3567.82,28972.0,4189.0
2025-07-24T06:14:56.767908,XRP-USDT,3.08,3.0801,140.85,55.0
2025-07-24T06:14:56.772345,BTC-USDT,117749.3,117749.4,6361.0,4677.8
2025-07-24T06:14:57.242962,SOL-USDT,183.46,183.47,195.0,133.0
2025-07-24T06:14:57.255714,LTC-USDT,109.64,109.66,5.0,5.0
2025-07-24T06:14:57.257511,ETH-USDT,3567.81,3567.82,14911.0,12179.0
2025-07-24T06:14:57.259486,XRP-USDT,3.08,3.0801,81.85,183.0
2025-07-24T06:14:57.261183,BTC-USDT,117749.3,117749.4,6361.0,4677.8
2025-07-24T06:14:57.778610,SOL-USDT,183.46,183.47,178.34,133.0
2025-07-24T06:14:57.788002,LTC-USDT,109.64,109.67,5.0,94.0
2025-07-24T06:14:57.789059,ETH-USDT,3567.81,3567.82,14911.0,12179.0
2025-07-24T06:14:57.791067,XRP-USDT,3.08,3.0801,81.85,183.0
2025-07-24T06:14:57.792861,BTC-USDT,117749.3,117749.4,4271.0,3572.0
2025-07-24T06:14:58.242210,SOL-USDT,183.46,183.47,156.0,236.0
2025-07-24T06:14:58.256995,LTC-USDT,109.63,109.67,17.0,94.0
2025-07-24T06:14:58.257044,ETH-USDT,3567.81,3567.82,21952.0,10719.1
2025-07-24T06:14:58.257075,XRP-USDT,3.08,3.0801,81.85,183.0
2025-07-24T06:14:58.260323,BTC-USDT,117749.3,117749.4,5530.0,2797.0
2025-07-24T06:14:58.753069,SOL-USDT,183.46,183.47,156.0,236.0
2025-07-24T06:14:58.759633,LTC-USDT,109.63,109.67,17.0,94.0
2025-07-24T06:14:58.759982,ETH-USDT,3567.81,3567.82,21952.0,10719.1
2025-07-24T06:14:58.760098,XRP-USDT,3.08,3.0801,301.85,7.0
2025-07-24T06:14:58.761578,BTC-USDT,117749.3,117749.4,5530.0,2797.0
2025-07-24T06:14:59.240563,SOL-USDT,183.48,183.49,51.0,811.0
2025-07-24T06:14:59.263895,LTC-USDT,109.64,109.67,77.0,21.0
2025-07-24T06:14:59.263948,ETH-USDT,3567.81,3567.82,13094.0,8949.0
2025-07-24T06:14:59.263983,XRP-USDT,3.08,3.0801,127.16,93.0
2025-07-24T06:14:59.264015,BTC-USDT,117749.3,117749.4,5101.0,3634.0
2025-07-24T06:14:59.780019,SOL-USDT,183.48,183.49,470.0,5.0
2025-07-24T06:14:59.786622,LTC-USDT,109.65,109.68,76.0,83.0
2025-07-24T06:14:59.789571,ETH-USDT,3567.81,3567.82,16343.0,1919.0
2025-07-24T06:14:59.789613,XRP-USDT,3.08,3.0801,127.16,93.0
2025-07-24T06:14:59.791179,BTC-USDT,117749.3,117749.4,5101.0,3634.0
2025-07-24T06:15:00.281913,SOL-USDT,183.48,183.49,470.0,5.0
2025-07-24T06:15:00.289564,LTC-USDT,109.65,109.68,76.0,83.0
2025-07-24T06:15:00.290524,ETH-USDT,3567.81,3567.82,16343.0,1919.0
2025-07-24T06:15:00.292314,XRP-USDT,3.0804,3.0805,114.0,1.0
2025-07-24T06:15:00.294126,BTC-USDT,117749.3,117749.4,5101.0,3634.0
2025-07-24T06:15:00.779187,SOL-USDT,183.48,183.49,470.0,5.0
2025-07-24T06:15:00.787990,LTC-USDT,109.66,109.68,92.0,92.0
2025-07-24T06:15:00.788671,ETH-USDT,3567.88,3567.89,13322.0,2830.2
2025-07-24T06:15:00.790798,XRP-USDT,3.0807,3.0808,74.0,14.0
2025-07-24T06:15:00.793359,BTC-USDT,117749.3,117749.4,7356.0,2330.0
2025-07-24T06:15:01.257948,SOL-USDT,183.48,183.49,470.0,5.0
2025-07-24T06:15:01.268151,LTC-USDT,109.66,109.68,92.0,92.0
2025-07-24T06:15:01.268229,ETH-USDT,3567.88,3567.89,13322.0,2830.2
2025-07-24T06:15:01.269798,XRP-USDT,3.0807,3.0808,74.0,14.0
2025-07-24T06:15:01.271318,BTC-USDT,117775.8,117775.9,5464.0,1498.0
2025-07-24T06:15:01.788716,SOL-USDT,183.55,183.56,308.0,5.0
2025-07-24T06:15:01.800258,LTC-USDT,109.69,109.71,50.0,61.0
2025-07-24T06:15:01.801967,ETH-USDT,3567.92,3567.93,15.0,15133.0
2025-07-24T06:15:01.806449,XRP-USDT,3.081,3.0811,13.0,169.0
2025-07-24T06:15:01.807272,BTC-USDT,117775.8,117775.9,5464.0,1498.0
2025-07-24T06:15:02.280198,SOL-USDT,183.49,183.5,1.0,568.0
2025-07-24T06:15:02.285700,LTC-USDT,109.66,109.69,29.0,45.0
2025-07-24T06:15:02.286672,ETH-USDT,3567.52,3567.53,129.6,18753.0
2025-07-24T06:15:02.288946,XRP-USDT,3.081,3.0811,13.0,169.0
2025-07-24T06:15:02.290574,BTC-USDT,117775.8,117775.9,11386.0,7050.0
2025-07-24T06:15:02.773189,SOL-USDT,183.49,183.5,1.0,568.0
2025-07-24T06:15:02.780939,LTC-USDT,109.66,109.69,29.0,45.0
2025-07-24T06:15:02.781610,ETH-USDT,3567.52,3567.53,129.6,18753.0
2025-07-24T06:15:02.783427,XRP-USDT,3.08,3.0801,79.16,224.0
2025-07-24T06:15:02.790822,BTC-USDT,117775.8,117775.9,11386.0,7050.0
2025-07-24T06:15:03.263142,SOL-USDT,183.47,183.48,135.0,427.0
2025-07-24T06:15:03.263327,LTC-USDT,109.62,109.64,119.0,128.0
2025-07-24T06:15:03.264784,ETH-USDT,3567.32,3567.33,12566.0,11925.0
2025-07-24T06:15:03.283432,XRP-USDT,3.0792,3.0793,158.0,82.0
2025-07-24T06:15:03.283480,BTC-USDT,117763.5,117763.6,2638.0,9875.0
2025-07-24T06:15:03.780019,SOL-USDT,183.47,183.48,135.0,427.0
2025-07-24T06:15:03.791941,LTC-USDT,109.62,109.64,119.0,128.0
2025-07-24T06:15:03.791991,ETH-USDT,3567.32,3567.33,12566.0,11925.0
2025-07-24T06:15:03.792028,XRP-USDT,3.0792,3.0793,158.0,82.0
2025-07-24T06:15:03.794023,BTC-USDT,117763.5,117763.6,2638.0,9875.0
2025-07-24T06:15:04.258514,SOL-USDT,183.46,183.47,294.0,281.0
2025-07-24T06:15:04.276307,LTC-USDT,109.62,109.64,155.0,52.0
2025-07-24T06:15:04.276408,ETH-USDT,3567.35,3567.36,12900.0,13253.0
2025-07-24T06:15:04.277629,XRP-USDT,3.0779,3.078,127.0,123.0
2025-07-24T06:15:04.279936,BTC-USDT,117763.5,117763.6,2638.0,9875.0
2025-07-24T06:15:04.771096,SOL-USDT,183.43,183.44,102.0,478.0
2025-07-24T06:15:04.777643,LTC-USDT,109.62,109.64,112.0,26.0
2025-07-24T06:15:04.777925,ETH-USDT,3567.11,3567.12,60356.0,8995.0
2025-07-24T06:15:04.781192,XRP-USDT,3.0779,3.078,127.0,123.0
2025-07-24T06:15:04.781426,BTC-USDT,117763.5,117763.6,3046.0,6981.0
2025-07-24T06:15:05.262660,SOL-USDT,183.43,183.44,102.0,478.0
2025-07-24T06:15:05.274416,LTC-USDT,109.62,109.64,112.0,26.0
2025-07-24T06:15:05.275985,ETH-USDT,3567.11,3567.12,60356.0,8995.0
2025-07-24T06:15:05.277675,XRP-USDT,3.0782,3.0783,46.0,70.0
2025-07-24T06:15:05.279585,BTC-USDT,117763.5,117763.6,3046.0,6981.0
2025-07-24T06:15:05.779392,SOL-USDT,183.44,183.45,237.0,147.0
2025-07-24T06:15:05.785706,LTC-USDT,109.63,109.64,165.0,5.0
2025-07-24T06:15:05.786381,ETH-USDT,3567.23,3567.24,26878.0,178.0
2025-07-24T06:15:05.787527,XRP-USDT,3.0782,3.0783,46.0,70.0
2025-07-24T06:15:05.790827,BTC-USDT,117763.5,117763.6,3459.0,6707.5
2025-07-24T06:15:06.266414,SOL-USDT,183.44,183.45,237.0,147.0
2025-07-24T06:15:06.273964,LTC-USDT,109.68,109.7,146.0,86.0
2025-07-24T06:15:06.274324,ETH-USDT,3567.73,3567.74,3311.0,1208.0
2025-07-24T06:15:06.276354,XRP-USDT,3.0785,3.0786,27.0,43.0
2025-07-24T06:15:06.278126,BTC-USDT,117775.8,117775.9,12170.0,177.0
2025-07-24T06:15:06.765355,SOL-USDT,183.48,183.49,630.0,104.0
2025-07-24T06:15:06.768676,LTC-USDT,109.68,109.7,146.0,86.0
2025-07-24T06:15:06.769548,ETH-USDT,3567.73,3567.74,3311.0,1208.0
2025-07-24T06:15:06.770928,XRP-USDT,3.0804,3.0805,33.0,26.0
2025-07-24T06:15:06.772687,BTC-USDT,117775.8,117775.9,12170.0,177.0
2025-07-24T06:15:07.255250,SOL-USDT,183.48,183.49,549.0,55.0
2025-07-24T06:15:07.264908,LTC-USDT,109.68,109.7,161.0,58.0
2025-07-24T06:15:07.264957,ETH-USDT,3568.21,3568.22,26292.0,5230.0
2025-07-24T06:15:07.266239,XRP-USDT,3.0804,3.0805,33.0,26.0
2025-07-24T06:15:07.268880,BTC-USDT,117775.8,117775.9,12170.0,177.0
2025-07-24T06:15:07.792566,SOL-USDT,183.48,183.49,383.0,11.0
2025-07-24T06:15:07.794719,LTC-USDT,109.72,109.74,25.0,5.0
2025-07-24T06:15:07.796039,ETH-USDT,3568.21,3568.22,22136.0,3339.0
2025-07-24T06:15:07.798722,XRP-USDT,3.0803,3.0804,250.0,15.0
2025-07-24T06:15:07.799917,BTC-USDT,117775.8,117775.9,14138.0,3052.0
2025-07-24T06:15:08.259412,SOL-USDT,183.48,183.49,383.0,11.0
2025-07-24T06:15:08.272237,LTC-USDT,109.72,109.74,25.0,2.0
2025-07-24T06:15:08.272289,ETH-USDT,3568.68,3568.69,52211.0,1127.0
2025-07-24T06:15:08.272394,XRP-USDT,3.0806,3.0807,185.0,35.0
2025-07-24T06:15:08.278784,BTC-USDT,117775.8,117775.9,12252.0,2121.0
2025-07-24T06:15:08.762948,SOL-USDT,183.51,183.52,1108.0,1.0
2025-07-24T06:15:08.771568,LTC-USDT,109.72,109.74,25.0,2.0
2025-07-24T06:15:08.772585,ETH-USDT,3568.68,3568.69,52211.0,1127.0
2025-07-24T06:15:08.774661,XRP-USDT,3.0806,3.0807,185.0,35.0
2025-07-24T06:15:08.776995,BTC-USDT,117775.8,117775.9,12252.0,2121.0
2025-07-24T06:15:09.259439,SOL-USDT,183.54,183.55,278.0,273.0
2025-07-24T06:15:09.266287,LTC-USDT,109.72,109.75,95.0,31.0
2025-07-24T06:15:09.270497,ETH-USDT,3568.68,3568.69,27915.0,4236.0
2025-07-24T06:15:09.270548,XRP-USDT,3.081,3.0811,221.0,0.81
2025-07-24T06:15:09.270906,BTC-USDT,117778.6,117778.7,13128.0,193.0
2025-07-24T06:15:09.785676,SOL-USDT,183.55,183.56,272.0,1.0
2025-07-24T06:15:09.797983,LTC-USDT,109.72,109.74,77.0,32.0
2025-07-24T06:15:09.807566,ETH-USDT,3568.78,3568.79,16723.0,12400.0
2025-07-24T06:15:09.807615,XRP-USDT,3.081,3.0811,211.0,0.81
2025-07-24T06:15:09.807650,BTC-USDT,117778.6,117778.7,8126.0,3591.0
2025-07-24T06:15:10.263280,SOL-USDT,183.6,183.61,969.0,1.0
2025-07-24T06:15:10.273840,LTC-USDT,109.74,109.75,146.0,1.0
2025-07-24T06:15:10.274599,ETH-USDT,3569.2,3569.21,60409.0,162.0
2025-07-24T06:15:10.276576,XRP-USDT,3.081,3.0811,211.0,0.81
2025-07-24T06:15:10.278704,BTC-USDT,117778.6,117778.7,12617.0,104.0
2025-07-24T06:15:10.801516,SOL-USDT,183.6,183.61,969.0,1.0
2025-07-24T06:15:10.810803,LTC-USDT,109.76,109.77,125.0,16.0
2025-07-24T06:15:10.810847,ETH-USDT,3569.2,3569.21,20527.0,1594.0
2025-07-24T06:15:10.813416,XRP-USDT,3.081,3.0811,220.0,0.81
2025-07-24T06:15:10.815965,BTC-USDT,117785.9,117786.0,16460.0,135.0
2025-07-24T06:15:11.244066,SOL-USDT,183.6,183.61,310.0,115.0
2025-07-24T06:15:11.256807,LTC-USDT,109.76,109.77,125.0,16.0
2025-07-24T06:15:11.256856,ETH-USDT,3569.2,3569.21,20527.0,1594.0
2025-07-24T06:15:11.256905,XRP-USDT,3.0821,3.0822,200.0,16.0
2025-07-24T06:15:11.261305,BTC-USDT,117785.9,117786.0,16460.0,135.0
2025-07-24T06:15:11.765051,SOL-USDT,183.63,183.64,418.0,11.0
2025-07-24T06:15:11.774000,LTC-USDT,109.75,109.77,85.0,5.0
2025-07-24T06:15:11.774646,ETH-USDT,3569.3,3569.31,13037.0,452.0
2025-07-24T06:15:11.777940,XRP-USDT,3.0827,3.0829,95.0,24.0
2025-07-24T06:15:11.778570,BTC-USDT,117785.9,117786.0,32655.0,140.0
2025-07-24T06:15:12.235261,SOL-USDT,183.63,183.64,227.0,172.0
2025-07-24T06:15:12.242588,LTC-USDT,109.75,109.79,106.0,5.0
2025-07-24T06:15:12.243632,ETH-USDT,3569.9,3569.91,52869.0,1861.0
2025-07-24T06:15:12.245439,XRP-USDT,3.0827,3.0829,95.0,24.0
2025-07-24T06:15:12.247448,BTC-USDT,117796.1,117796.2,8695.0,1808.0
2025-07-24T06:15:12.774524,SOL-USDT,183.63,183.64,227.0,172.0
2025-07-24T06:15:12.781043,LTC-USDT,109.75,109.79,106.0,5.0
2025-07-24T06:15:12.782921,ETH-USDT,3569.9,3569.91,52869.0,1861.0
2025-07-24T06:15:12.785888,XRP-USDT,3.0829,3.083,75.0,8.0
2025-07-24T06:15:12.788273,BTC-USDT,117796.1,117796.2,8695.0,1808.0
2025-07-24T06:15:13.254996,SOL-USDT,183.69,183.7,354.0,281.0
2025-07-24T06:15:13.265104,LTC-USDT,109.79,109.8,183.0,5.0
2025-07-24T06:15:13.265149,ETH-USDT,3569.99,3570.0,978.0,75.0
2025-07-24T06:15:13.266920,XRP-USDT,3.0835,3.0836,59.0,32.0
2025-07-24T06:15:13.267742,BTC-USDT,117796.1,117796.2,7672.0,1587.0
2025-07-24T06:15:13.780270,SOL-USDT,183.69,183.7,354.0,281.0
2025-07-24T06:15:13.786691,LTC-USDT,109.79,109.8,183.0,5.0
2025-07-24T06:15:13.789686,ETH-USDT,3569.99,3570.0,1163.0,463.0
2025-07-24T06:15:13.790054,XRP-USDT,3.0835,3.0836,59.0,32.0
2025-07-24T06:15:13.796058,BTC-USDT,117796.1,117796.2,7672.0,1587.0
2025-07-24T06:15:14.262838,SOL-USDT,183.7,183.71,340.0,6.0
2025-07-24T06:15:14.274463,LTC-USDT,109.8,109.82,132.0,2.0
2025-07-24T06:15:14.275015,ETH-USDT,3569.99,3570.0,1163.0,463.0
2025-07-24T06:15:14.277954,XRP-USDT,3.0837,3.0838,184.0,0.3
2025-07-24T06:15:14.279549,BTC-USDT,117796.1,117796.2,7672.0,1587.0
2025-07-24T06:15:14.766374,SOL-USDT,183.72,183.73,865.0,3.0
2025-07-24T06:15:14.774611,LTC-USDT,109.81,109.82,52.0,2.0
2025-07-24T06:15:14.776537,ETH-USDT,3570.61,3570.62,12492.0,16212.0
2025-07-24T06:15:14.778300,XRP-USDT,3.0837,3.0838,205.0,0.3
2025-07-24T06:15:14.780956,BTC-USDT,117806.5,117806.6,4911.0,2081.0
2025-07-24T06:15:15.260106,SOL-USDT,183.71,183.72,223.0,119.44
2025-07-24T06:15:15.283257,LTC-USDT,109.8,109.82,2.0,2.0
2025-07-24T06:15:15.283307,ETH-USDT,3570.51,3570.52,19869.0,566.0
2025-07-24T06:15:15.283333,XRP-USDT,3.0837,3.0838,205.0,24.3
2025-07-24T06:15:15.283354,BTC-USDT,117814.1,117814.2,13230.0,2179.0
2025-07-24T06:15:15.795781,SOL-USDT,183.71,183.72,223.0,119.44
2025-07-24T06:15:15.804329,LTC-USDT,109.8,109.82,2.0,82.0
2025-07-24T06:15:15.805128,ETH-USDT,3570.51,3570.52,13628.0,23006.0
2025-07-24T06:15:15.807505,XRP-USDT,3.0837,3.0838,205.0,24.3
2025-07-24T06:15:15.808423,BTC-USDT,117814.1,117814.2,13230.0,2179.0
2025-07-24T06:15:16.241076,SOL-USDT,183.72,183.73,293.0,9.0
2025-07-24T06:15:16.248767,LTC-USDT,109.8,109.82,2.0,82.0
2025-07-24T06:15:16.250304,ETH-USDT,3570.51,3570.52,13628.0,23006.0
2025-07-24T06:15:16.252466,XRP-USDT,3.0837,3.0838,243.0,24.3
2025-07-24T06:15:16.253935,BTC-USDT,117814.1,117814.2,13230.0,2179.0
2025-07-24T06:15:16.809661,SOL-USDT,183.68,183.69,4.0,762.0
2025-07-24T06:15:16.815947,LTC-USDT,109.75,109.78,51.0,113.0
2025-07-24T06:15:16.817575,ETH-USDT,3570.32,3570.33,5712.0,12036.0
2025-07-24T06:15:16.819326,XRP-USDT,3.0833,3.0834,25.0,79.0
2025-07-24T06:15:16.821643,BTC-USDT,117814.1,117814.2,16229.0,6445.0
2025-07-24T06:15:17.246822,SOL-USDT,183.68,183.69,295.0,12.0
2025-07-24T06:15:17.257530,LTC-USDT,109.76,109.78,103.0,5.0
2025-07-24T06:15:17.260271,ETH-USDT,3570.32,3570.33,22361.0,7577.0
2025-07-24T06:15:17.261858,XRP-USDT,3.0829,3.083,1.0,178.0
2025-07-24T06:15:17.263753,BTC-USDT,117814.1,117814.2,4527.0,6667.0
2025-07-24T06:15:17.784576,SOL-USDT,183.68,183.69,295.0,12.0
2025-07-24T06:15:17.791644,LTC-USDT,109.76,109.78,103.0,5.0
2025-07-24T06:15:17.793423,ETH-USDT,3570.32,3570.33,5903.0,17679.0
2025-07-24T06:15:17.794708,XRP-USDT,3.0829,3.083,1.0,178.0
2025-07-24T06:15:17.797110,BTC-USDT,117814.1,117814.2,4527.0,6667.0
2025-07-24T06:15:18.241622,SOL-USDT,183.67,183.68,6.0,710.0
2025-07-24T06:15:18.258723,LTC-USDT,109.77,109.79,123.0,18.89
2025-07-24T06:15:18.258764,ETH-USDT,3570.32,3570.33,5903.0,17679.0
2025-07-24T06:15:18.258800,XRP-USDT,3.0822,3.0823,79.0,103.0
2025-07-24T06:15:18.259280,BTC-USDT,117814.1,117814.2,4527.0,6667.0
2025-07-24T06:15:18.789743,SOL-USDT,183.67,183.68,325.0,131.0
2025-07-24T06:15:18.798090,LTC-USDT,109.78,109.81,6.0,64.0
2025-07-24T06:15:18.800355,ETH-USDT,3570.32,3570.33,5903.0,17664.2
2025-07-24T06:15:18.809401,XRP-USDT,3.0823,3.0824,59.0,45.0
2025-07-24T06:15:18.810170,BTC-USDT,117814.1,117814.2,2341.0,6488.2
2025-07-24T06:15:19.240046,SOL-USDT,183.66,183.67,59.0,432.0
2025-07-24T06:15:19.249268,LTC-USDT,109.78,109.79,15.0,174.0
2025-07-24T06:15:19.251271,ETH-USDT,3569.95,3569.96,9316.0,27859.0
2025-07-24T06:15:19.253991,XRP-USDT,3.0823,3.0824,59.0,45.0
2025-07-24T06:15:19.256571,BTC-USDT,117807.6,117807.7,1813.0,11696.0
2025-07-24T06:15:19.780663,SOL-USDT,183.66,183.67,59.0,432.0
2025-07-24T06:15:19.789389,LTC-USDT,109.78,109.79,15.0,174.0
2025-07-24T06:15:19.791690,ETH-USDT,3569.95,3569.96,9316.0,27859.0
2025-07-24T06:15:19.792648,XRP-USDT,3.081,3.0811,17.0,52.0
2025-07-24T06:15:19.798716,BTC-USDT,117807.6,117807.7,1813.0,11696.0
2025-07-24T06:15:20.244314,SOL-USDT,183.63,183.64,28.0,586.0
2025-07-24T06:15:20.250121,LTC-USDT,109.71,109.77,1413.0,162.0
2025-07-24T06:15:20.250461,ETH-USDT,3569.46,3569.47,11132.0,9388.0
2025-07-24T06:15:20.252172,XRP-USDT,3.0804,3.0805,32.0,64.0
2025-07-24T06:15:20.254308,BTC-USDT,117796.1,117796.2,13.0,6304.0
2025-07-24T06:15:20.794729,SOL-USDT,183.6,183.61,139.0,871.0
2025-07-24T06:15:20.810906,LTC-USDT,109.73,109.75,4.0,170.0
2025-07-24T06:15:20.810939,ETH-USDT,3569.31,3569.32,18644.0,16982.0
2025-07-24T06:15:20.810963,XRP-USDT,3.0804,3.0805,32.0,64.0
2025-07-24T06:15:20.815645,BTC-USDT,117796.1,117796.2,1941.0,17521.0
2025-07-24T06:15:21.243842,SOL-USDT,183.6,183.61,139.0,871.0
2025-07-24T06:15:21.252954,LTC-USDT,109.73,109.75,537.0,47.0
2025-07-24T06:15:21.259815,ETH-USDT,3569.38,3569.39,9753.0,18480.0
2025-07-24T06:15:21.259856,XRP-USDT,3.0802,3.0803,146.0,6.0
2025-07-24T06:15:21.259909,BTC-USDT,117796.1,117796.2,1943.0,18758.0
2025-07-24T06:15:21.758293,SOL-USDT,183.6,183.61,139.0,871.0
2025-07-24T06:15:21.773287,LTC-USDT,109.73,109.75,537.0,47.0
2025-07-24T06:15:21.773354,ETH-USDT,3569.38,3569.39,9753.0,18480.0
2025-07-24T06:15:21.777964,XRP-USDT,3.0805,3.0806,25.0,72.0
2025-07-24T06:15:21.779303,BTC-USDT,117796.1,117796.2,1943.0,18758.0
2025-07-24T06:15:22.248805,SOL-USDT,183.6,183.61,323.0,298.0
2025-07-24T06:15:22.261386,LTC-USDT,109.73,109.75,538.0,47.0
2025-07-24T06:15:22.264066,ETH-USDT,3569.42,3569.43,4105.0,15158.0
2025-07-24T06:15:22.265943,XRP-USDT,3.0805,3.0806,25.0,72.0
2025-07-24T06:15:22.268997,BTC-USDT,117796.1,117796.2,2852.0,10974.0
2025-07-24T06:15:22.740917,SOL-USDT,183.6,183.61,331.0,407.0
2025-07-24T06:15:22.753477,LTC-USDT,109.73,109.76,543.0,121.0
2025-07-24T06:15:22.753541,ETH-USDT,3569.42,3569.43,44507.0,1762.0
2025-07-24T06:15:22.753571,XRP-USDT,3.0804,3.0805,73.0,10.0
2025-07-24T06:15:22.758414,BTC-USDT,117796.1,117796.2,2852.0,10974.0
2025-07-24T06:15:23.255556,SOL-USDT,183.6,183.61,331.0,407.0
2025-07-24T06:15:23.267445,LTC-USDT,109.73,109.76,543.0,117.0
2025-07-24T06:15:23.268674,ETH-USDT,3569.42,3569.43,44507.0,1762.0
2025-07-24T06:15:23.271068,XRP-USDT,3.0806,3.0807,14.0,53.0
2025-07-24T06:15:23.278795,BTC-USDT,117796.1,117796.2,4201.0,10740.0
2025-07-24T06:15:23.765304,SOL-USDT,183.6,183.61,331.0,407.0
2025-07-24T06:15:23.773584,LTC-USDT,109.73,109.76,523.0,98.0
2025-07-24T06:15:23.774747,ETH-USDT,3570.42,3570.94,2282.0,275.0
2025-07-24T06:15:23.776787,XRP-USDT,3.0806,3.0807,14.0,53.0
2025-07-24T06:15:23.779222,BTC-USDT,117796.1,117796.2,4201.0,10740.0
2025-07-24T06:15:24.244243,SOL-USDT,183.6,183.61,397.0,18.0
2025-07-24T06:15:24.261160,LTC-USDT,109.73,109.76,523.0,98.0
2025-07-24T06:15:24.262086,ETH-USDT,3570.42,3570.94,2282.0,275.0
2025-07-24T06:15:24.264053,XRP-USDT,3.0808,3.0809,92.0,2.0
2025-07-24T06:15:24.267318,BTC-USDT,117796.1,117796.2,4201.0,10740.0
2025-07-24T06:15:24.785570,SOL-USDT,183.63,183.64,731.0,13.0
2025-07-24T06:15:24.795127,LTC-USDT,109.74,109.76,149.0,98.0
2025-07-24T06:15:24.795917,ETH-USDT,3570.66,3570.67,14512.0,2777.0
2025-07-24T06:15:24.797905,XRP-USDT,3.0832,3.0833,54.0,57.0
2025-07-24T06:15:24.800534,BTC-USDT,117813.0,117813.1,4302.0,1.0
2025-07-24T06:15:25.247258,SOL-USDT,183.63,183.64,166.0,244.0
2025-07-24T06:15:25.251173,LTC-USDT,109.75,109.76,151.0,98.0
2025-07-24T06:15:25.252139,ETH-USDT,3570.66,3570.67,28644.0,2949.0
2025-07-24T06:15:25.253498,XRP-USDT,3.0832,3.0833,54.0,57.0
2025-07-24T06:15:25.255290,BTC-USDT,117813.0,117813.1,22638.0,5088.0
2025-07-24T06:15:25.763603,SOL-USDT,183.63,183.64,166.0,244.0
2025-07-24T06:15:25.771692,LTC-USDT,109.75,109.76,123.0,98.0
2025-07-24T06:15:25.780352,ETH-USDT,3570.82,3570.83,61327.0,2083.0
2025-07-24T06:15:25.780400,XRP-USDT,3.0826,3.0827,78.0,55.0
2025-07-24T06:15:25.780454,BTC-USDT,117813.0,117813.1,22638.0,5088.0
2025-07-24T06:15:26.246167,SOL-USDT,183.63,183.64,124.0,232.0
2025-07-24T06:15:26.258213,LTC-USDT,109.75,109.76,123.0,98.0
2025-07-24T06:15:26.260740,ETH-USDT,3570.82,3570.83,61327.0,2083.0
2025-07-24T06:15:26.262846,XRP-USDT,3.083,3.0831,220.0,22.43
2025-07-24T06:15:26.265320,BTC-USDT,117813.0,117813.1,22638.0,5088.0
2025-07-24T06:15:26.805748,SOL-USDT,183.61,183.62,11.0,326.0
2025-07-24T06:15:26.816319,LTC-USDT,109.76,109.79,26.0,90.0
2025-07-24T06:15:26.818226,ETH-USDT,3570.82,3570.83,61327.0,2083.0
2025-07-24T06:15:26.820615,XRP-USDT,3.083,3.0831,220.0,22.43
2025-07-24T06:15:26.823352,BTC-USDT,117814.1,117814.2,14340.0,1233.0
2025-07-24T06:15:27.244194,SOL-USDT,183.6,183.61,8.0,339.0
2025-07-24T06:15:27.251921,LTC-USDT,109.76,109.79,26.0,92.0
2025-07-24T06:15:27.253946,ETH-USDT,3570.82,3570.83,22916.0,1842.0
2025-07-24T06:15:27.257235,XRP-USDT,3.0826,3.0827,136.0,47.0
2025-07-24T06:15:27.259935,BTC-USDT,117814.1,117814.2,9041.0,3664.0
2025-07-24T06:15:27.791586,SOL-USDT,183.58,183.59,605.0,7.39
2025-07-24T06:15:27.799019,LTC-USDT,109.78,109.79,103.0,4.0
2025-07-24T06:15:27.800139,ETH-USDT,3570.3,3570.31,35428.0,6251.0
2025-07-24T06:15:27.802160,XRP-USDT,3.0826,3.0827,136.0,47.0
2025-07-24T06:15:27.805461,BTC-USDT,117814.1,117814.2,9041.0,3664.0
2025-07-24T06:15:28.249209,SOL-USDT,183.58,183.59,605.0,7.39
2025-07-24T06:15:28.257229,LTC-USDT,109.78,109.79,103.0,4.0
2025-07-24T06:15:28.258420,ETH-USDT,3570.3,3570.31,35428.0,6251.0
2025-07-24T06:15:28.260802,XRP-USDT,3.0829,3.083,193.0,21.62
2025-07-24T06:15:28.262626,BTC-USDT,117814.1,117814.2,1668.0,6543.0
2025-07-24T06:15:28.777596,SOL-USDT,183.58,183.59,605.0,7.39
2025-07-24T06:15:28.787337,LTC-USDT,109.78,109.8,104.0,65.0
2025-07-24T06:15:28.791980,ETH-USDT,3570.3,3570.31,35428.0,6251.0
2025-07-24T06:15:28.792025,XRP-USDT,3.0829,3.083,29.0,150.0
2025-07-24T06:15:28.794956,BTC-USDT,117814.1,117814.2,1668.0,6543.0
2025-07-24T06:15:29.235730,SOL-USDT,183.57,183.58,4.0,336.0
2025-07-24T06:15:29.246708,LTC-USDT,109.75,109.78,11.0,116.0
2025-07-24T06:15:29.247821,ETH-USDT,3569.46,3569.47,3472.0,27140.0
2025-07-24T06:15:29.249709,XRP-USDT,3.0829,3.083,29.0,150.0
2025-07-24T06:15:29.252061,BTC-USDT,117814.1,117814.2,1668.0,6543.0
2025-07-24T06:15:29.770320,SOL-USDT,183.56,183.57,173.0,911.0
2025-07-24T06:15:29.798366,LTC-USDT,109.75,109.78,11.0,163.0
2025-07-24T06:15:29.798416,ETH-USDT,3569.42,3569.43,290.0,36491.0
2025-07-24T06:15:29.798450,XRP-USDT,3.0824,3.0825,120.0,99.0
2025-07-24T06:15:29.798486,BTC-USDT,117814.1,117814.2,809.0,8091.0
2025-07-24T06:15:30.240919,SOL-USDT,183.56,183.57,173.0,911.0
2025-07-24T06:15:30.251231,LTC-USDT,109.75,109.78,11.0,163.0
2025-07-24T06:15:30.252297,ETH-USDT,3569.39,3569.4,199.0,25621.0
2025-07-24T06:15:30.254532,XRP-USDT,3.082,3.0821,185.0,55.0
2025-07-24T06:15:30.255690,BTC-USDT,117826.0,117826.1,202.0,0.5
2025-07-24T06:15:30.759262,SOL-USDT,183.55,183.56,234.0,326.0
2025-07-24T06:15:30.772364,LTC-USDT,109.74,109.77,38.0,85.0
2025-07-24T06:15:30.772404,ETH-USDT,3569.39,3569.4,199.0,25621.0
2025-07-24T06:15:30.773370,XRP-USDT,3.082,3.0821,185.0,55.0
2025-07-24T06:15:30.775346,BTC-USDT,117826.0,117826.1,202.0,0.5
2025-07-24T06:15:31.244546,SOL-USDT,183.52,183.53,1.0,513.0
2025-07-24T06:15:31.256165,LTC-USDT,109.74,109.77,38.0,89.0
2025-07-24T06:15:31.257610,ETH-USDT,3569.34,3569.35,9201.0,16096.0
2025-07-24T06:15:31.259419,XRP-USDT,3.082,3.0821,46.0,50.0
2025-07-24T06:15:31.261862,BTC-USDT,117826.0,117826.1,326.0,17.5
2025-07-24T06:15:31.801065,SOL-USDT,183.49,183.5,92.0,223.0
2025-07-24T06:15:31.810150,LTC-USDT,109.74,109.76,37.0,215.0
2025-07-24T06:15:31.816228,ETH-USDT,3569.21,3569.22,674.0,15285.0
2025-07-24T06:15:31.816253,XRP-USDT,3.081,3.0811,5.0,214.0
2025-07-24T06:15:31.816276,BTC-USDT,117826.0,117826.1,326.0,10.5
2025-07-24T06:15:32.260886,SOL-USDT,183.49,183.5,92.0,223.0
2025-07-24T06:15:32.278432,LTC-USDT,109.74,109.76,37.0,215.0
2025-07-24T06:15:32.278478,ETH-USDT,3569.21,3569.22,674.0,15285.0
2025-07-24T06:15:32.278511,XRP-USDT,3.081,3.0811,5.0,214.0
2025-07-24T06:15:32.281297,BTC-USDT,117826.0,117826.1,278.0,9.5
2025-07-24T06:15:32.790532,SOL-USDT,183.49,183.5,92.0,223.0
2025-07-24T06:15:32.796123,LTC-USDT,109.74,109.76,30.0,206.0
2025-07-24T06:15:32.796385,ETH-USDT,3569.21,3569.22,674.0,15285.0
2025-07-24T06:15:32.797974,XRP-USDT,3.081,3.0811,5.0,197.0
2025-07-24T06:15:32.799727,BTC-USDT,117826.0,117826.1,278.0,9.5
2025-07-24T06:15:33.235458,SOL-USDT,183.47,183.48,219.0,687.0
2025-07-24T06:15:33.247025,LTC-USDT,109.7,109.71,65.0,228.0
2025-07-24T06:15:33.248686,ETH-USDT,3568.68,3568.69,8457.0,12024.0
2025-07-24T06:15:33.250561,XRP-USDT,3.081,3.0811,5.0,179.0
2025-07-24T06:15:33.258032,BTC-USDT,117826.0,117826.1,278.0,1.5
2025-07-24T06:15:33.788128,SOL-USDT,183.47,183.48,260.0,482.0
2025-07-24T06:15:33.797097,LTC-USDT,109.71,109.73,5.0,3.0
2025-07-24T06:15:33.798070,ETH-USDT,3568.68,3568.69,35792.0,7203.0
2025-07-24T06:15:33.800589,XRP-USDT,3.081,3.0811,5.0,247.0
2025-07-24T06:15:33.803249,BTC-USDT,117826.0,117826.1,203.0,7.5
2025-07-24T06:15:34.238447,SOL-USDT,183.45,183.46,325.0,89.0
2025-07-24T06:15:34.250197,LTC-USDT,109.7,109.71,65.0,5.0
2025-07-24T06:15:34.250273,ETH-USDT,3568.51,3568.52,1636.0,11675.0
2025-07-24T06:15:34.250316,XRP-USDT,3.081,3.0811,5.0,247.0
2025-07-24T06:15:34.251739,BTC-USDT,117826.0,117826.1,304.0,7.5
2025-07-24T06:15:34.778705,SOL-USDT,183.45,183.46,325.0,89.0
2025-07-24T06:15:34.786400,LTC-USDT,109.7,109.71,65.0,5.0
2025-07-24T06:15:34.787575,ETH-USDT,3568.51,3568.52,1636.0,11675.0
2025-07-24T06:15:34.789110,XRP-USDT,3.081,3.0811,69.0,22.0
2025-07-24T06:15:34.790929,BTC-USDT,117826.0,117826.1,304.0,7.5
2025-07-24T06:15:35.242394,SOL-USDT,183.48,183.49,6.0,535.0
2025-07-24T06:15:35.249986,LTC-USDT,109.7,109.71,65.0,20.0
2025-07-24T06:15:35.251179,ETH-USDT,3568.51,3568.52,23771.0,2841.0
2025-07-24T06:15:35.260618,XRP-USDT,3.0817,3.0818,127.0,32.0
2025-07-24T06:15:35.260680,BTC-USDT,117826.0,117826.1,304.0,16.5
2025-07-24T06:15:35.782712,SOL-USDT,183.46,183.47,312.0,170.3
2025-07-24T06:15:35.791282,LTC-USDT,109.7,109.73,186.0,34.0
2025-07-24T06:15:35.792676,ETH-USDT,3568.51,3568.52,20777.0,3869.0
2025-07-24T06:15:35.799370,XRP-USDT,3.0817,3.0818,127.0,32.0
2025-07-24T06:15:35.799417,BTC-USDT,117826.0,117826.1,307.0,16.5
2025-07-24T06:15:36.231049,SOL-USDT,183.46,183.47,312.0,170.3
2025-07-24T06:15:36.240598,LTC-USDT,109.7,109.73,186.0,34.0
2025-07-24T06:15:36.242128,ETH-USDT,3568.51,3568.52,20777.0,3869.0
2025-07-24T06:15:36.243775,XRP-USDT,3.0821,3.0822,155.0,24.0
2025-07-24T06:15:36.245573,BTC-USDT,117826.0,117826.1,307.0,16.5
2025-07-24T06:15:36.771309,SOL-USDT,183.49,183.5,830.0,2.0
2025-07-24T06:15:36.782209,LTC-USDT,109.7,109.73,224.0,16.0
2025-07-24T06:15:36.783722,ETH-USDT,3568.95,3569.47,2625.0,1.0
2025-07-24T06:15:36.787065,XRP-USDT,3.0823,3.0824,118.0,1.0
2025-07-24T06:15:36.787576,BTC-USDT,117826.0,117826.1,227.0,1.5
2025-07-24T06:15:37.237391,SOL-USDT,183.44,183.45,2.0,514.0
2025-07-24T06:15:37.246005,LTC-USDT,109.65,109.67,126.0,125.0
2025-07-24T06:15:37.246990,ETH-USDT,3568.22,3568.23,117.0,1223.0
2025-07-24T06:15:37.249212,XRP-USDT,3.081,3.0811,5.0,255.0
2025-07-24T06:15:37.250906,BTC-USDT,117816.4,117816.5,7200.0,4636.0
2025-07-24T06:15:37.778202,SOL-USDT,183.44,183.45,2.0,514.0
2025-07-24T06:15:37.784950,LTC-USDT,109.65,109.67,126.0,125.0
2025-07-24T06:15:37.792381,ETH-USDT,3568.22,3568.23,117.0,1223.0
2025-07-24T06:15:37.792432,XRP-USDT,3.081,3.0811,5.0,255.0
2025-07-24T06:15:37.792471,BTC-USDT,117816.4,117816.5,7200.0,4636.0
2025-07-24T06:15:38.244119,SOL-USDT,183.44,183.45,381.0,54.0
2025-07-24T06:15:38.251548,LTC-USDT,109.65,109.67,115.0,101.0
2025-07-24T06:15:38.252591,ETH-USDT,3568.84,3569.36,2794.0,148.0
2025-07-24T06:15:38.254300,XRP-USDT,3.0815,3.0816,125.0,3.0
2025-07-24T06:15:38.256046,BTC-USDT,117816.4,117816.5,7200.0,4636.0
2025-07-24T06:15:38.763583,SOL-USDT,183.44,183.45,50.0,439.0
2025-07-24T06:15:38.772713,LTC-USDT,109.66,109.68,2.0,172.0
2025-07-24T06:15:38.773135,ETH-USDT,3568.56,3569.08,1100.0,4250.0
2025-07-24T06:15:38.777954,XRP-USDT,3.081,3.0811,5.0,247.0
2025-07-24T06:15:38.777999,BTC-USDT,117808.2,117808.3,4319.0,4601.0
2025-07-24T06:15:39.239850,SOL-USDT,183.44,183.45,50.0,439.0
2025-07-24T06:15:39.247772,LTC-USDT,109.66,109.67,2.0,139.0
2025-07-24T06:15:39.258702,ETH-USDT,3568.51,3568.52,3548.0,9641.0
2025-07-24T06:15:39.258752,XRP-USDT,3.081,3.0811,5.0,247.0
2025-07-24T06:15:39.258785,BTC-USDT,117808.2,117808.3,3410.0,6641.0
2025-07-24T06:15:39.744443,SOL-USDT,183.44,183.45,252.0,230.0
2025-07-24T06:15:39.758545,LTC-USDT,109.66,109.67,2.0,139.0
2025-07-24T06:15:39.758603,ETH-USDT,3568.51,3568.52,3548.0,9641.0
2025-07-24T06:15:39.758643,XRP-USDT,3.081,3.0811,5.0,247.0
2025-07-24T06:15:39.758675,BTC-USDT,117808.2,117808.3,3410.0,6641.0
2025-07-24T06:15:40.264690,SOL-USDT,183.4,183.41,38.0,644.0
2025-07-24T06:15:40.279144,LTC-USDT,109.64,109.65,12.0,149.0
2025-07-24T06:15:40.279190,ETH-USDT,3568.31,3568.32,7025.0,15458.0
2025-07-24T06:15:40.281711,XRP-USDT,3.0792,3.0793,1.0,221.0
2025-07-24T06:15:40.283716,BTC-USDT,117808.2,117808.3,3410.0,6641.0
2025-07-24T06:15:40.764442,SOL-USDT,183.4,183.41,38.0,644.0
2025-07-24T06:15:40.773207,LTC-USDT,109.63,109.65,295.0,166.0
2025-07-24T06:15:40.773265,ETH-USDT,3568.31,3568.32,1894.0,12215.0
2025-07-24T06:15:40.774397,XRP-USDT,3.0792,3.0793,1.0,221.0
2025-07-24T06:15:40.777707,BTC-USDT,117808.2,117808.3,990.0,6009.0
2025-07-24T06:15:41.246120,SOL-USDT,183.4,183.41,213.0,541.0
2025-07-24T06:15:41.257084,LTC-USDT,109.63,109.65,295.0,166.0
2025-07-24T06:15:41.258547,ETH-USDT,3568.31,3568.32,1894.0,12215.0
2025-07-24T06:15:41.261516,XRP-USDT,3.0795,3.0796,92.0,50.0
2025-07-24T06:15:41.263938,BTC-USDT,117808.2,117808.3,2109.0,5336.0
2025-07-24T06:15:41.774933,SOL-USDT,183.4,183.41,213.0,541.0
2025-07-24T06:15:41.783042,LTC-USDT,109.63,109.65,295.0,166.0
2025-07-24T06:15:41.784401,ETH-USDT,3568.31,3568.32,1894.0,12215.0
2025-07-24T06:15:41.786342,XRP-USDT,3.0796,3.0797,110.0,3.0
2025-07-24T06:15:41.788152,BTC-USDT,117808.2,117808.3,2109.0,5336.0
2025-07-24T06:15:42.248798,SOL-USDT,183.4,183.41,302.0,279.0
2025-07-24T06:15:42.260239,LTC-USDT,109.63,109.64,295.0,5.0
2025-07-24T06:15:42.261418,ETH-USDT,3568.22,3568.23,1.0,982.0
2025-07-24T06:15:42.263384,XRP-USDT,3.079,3.0791,13.0,80.0
2025-07-24T06:15:42.267029,BTC-USDT,117808.2,117808.3,2109.0,5336.0
2025-07-24T06:15:42.779678,SOL-USDT,183.37,183.38,126.0,580.0
2025-07-24T06:15:42.788895,LTC-USDT,109.62,109.64,321.0,154.0
2025-07-24T06:15:42.790104,ETH-USDT,3568.22,3568.23,14143.0,1356.0
2025-07-24T06:15:42.792361,XRP-USDT,3.079,3.0791,13.0,80.0
2025-07-24T06:15:42.794402,BTC-USDT,117808.2,117808.3,2212.0,7806.0
2025-07-24T06:15:43.240627,SOL-USDT,183.37,183.38,126.0,580.0
2025-07-24T06:15:43.252180,LTC-USDT,109.62,109.64,321.0,154.0
2025-07-24T06:15:43.253645,ETH-USDT,3568.22,3568.23,14143.0,1356.0
2025-07-24T06:15:43.255471,XRP-USDT,3.0793,3.0794,353.0,1.0
2025-07-24T06:15:43.256971,BTC-USDT,117808.2,117808.3,2212.0,7806.0
2025-07-24T06:15:43.764679,SOL-USDT,183.37,183.38,126.0,580.0
2025-07-24T06:15:43.783382,LTC-USDT,109.61,109.62,12.0,186.0
2025-07-24T06:15:43.786515,ETH-USDT,3568.22,3568.23,14143.0,1356.0
2025-07-24T06:15:43.789135,XRP-USDT,3.0799,3.08,260.0,1.0
2025-07-24T06:15:43.792522,BTC-USDT,117808.2,117808.3,1520.0,6020.0
2025-07-24T06:15:44.240383,SOL-USDT,183.31,183.32,52.0,651.0
2025-07-24T06:15:44.250553,LTC-USDT,109.58,109.61,182.0,163.0
2025-07-24T06:15:44.251785,ETH-USDT,3567.36,3567.37,724.0,22405.0
2025-07-24T06:15:44.254125,XRP-USDT,3.0795,3.0796,113.0,64.0
2025-07-24T06:15:44.258856,BTC-USDT,117808.2,117808.3,1230.0,4952.0
2025-07-24T06:15:44.772563,SOL-USDT,183.31,183.32,52.0,651.0
2025-07-24T06:15:44.784769,LTC-USDT,109.58,109.61,182.0,163.0
2025-07-24T06:15:44.787788,ETH-USDT,3567.36,3567.37,724.0,22405.0
2025-07-24T06:15:44.788376,XRP-USDT,3.0795,3.0796,113.0,64.0
2025-07-24T06:15:44.791165,BTC-USDT,117808.2,117808.3,1230.0,4952.0
2025-07-24T06:15:45.256351,SOL-USDT,183.3,183.31,115.0,383.0
2025-07-24T06:15:45.266347,LTC-USDT,109.58,109.59,170.0,213.0
2025-07-24T06:15:45.271916,ETH-USDT,3567.36,3567.37,116.0,36925.0
2025-07-24T06:15:45.272001,XRP-USDT,3.0783,3.0784,2.0,111.0
2025-07-24T06:15:45.272534,BTC-USDT,117808.2,117808.3,1230.0,4952.0
2025-07-24T06:15:45.786420,SOL-USDT,183.27,183.28,91.0,684.0
2025-07-24T06:15:45.795295,LTC-USDT,109.56,109.59,333.0,46.0
2025-07-24T06:15:45.795901,ETH-USDT,3566.77,3566.78,210.0,23699.0
2025-07-24T06:15:45.797111,XRP-USDT,3.078,3.0781,63.0,62.0
2025-07-24T06:15:45.798816,BTC-USDT,117791.6,117794.3,1595.0,1335.0
2025-07-24T06:15:46.243328,SOL-USDT,183.27,183.28,91.0,684.0
2025-07-24T06:15:46.249089,LTC-USDT,109.58,109.6,1.0,48.0
2025-07-24T06:15:46.250178,ETH-USDT,3567.08,3567.09,30765.0,2419.0
2025-07-24T06:15:46.251799,XRP-USDT,3.078,3.0781,63.0,62.0
2025-07-24T06:15:46.253440,BTC-USDT,117791.6,117791.7,5231.0,4094.0
2025-07-24T06:15:46.803142,SOL-USDT,183.31,183.32,768.0,34.0
2025-07-24T06:15:46.812265,LTC-USDT,109.58,109.6,1.0,48.0
2025-07-24T06:15:46.813004,ETH-USDT,3567.08,3567.09,30765.0,2419.0
2025-07-24T06:15:46.815983,XRP-USDT,3.079,3.0791,116.0,2.0
2025-07-24T06:15:46.816964,BTC-USDT,117791.6,117791.7,5231.0,4094.0
2025-07-24T06:15:47.255915,SOL-USDT,183.31,183.32,655.0,409.0
2025-07-24T06:15:47.263048,LTC-USDT,109.58,109.6,1.0,49.0
2025-07-24T06:15:47.266171,ETH-USDT,3567.02,3567.03,7072.0,8813.0
2025-07-24T06:15:47.266231,XRP-USDT,3.0791,3.0792,314.0,3.0
2025-07-24T06:15:47.267159,BTC-USDT,117791.6,117791.7,5438.0,3777.0
2025-07-24T06:15:47.817777,SOL-USDT,183.31,183.32,557.0,214.0
2025-07-24T06:15:47.826721,LTC-USDT,109.58,109.6,1.0,136.0
2025-07-24T06:15:47.827939,ETH-USDT,3567.21,3567.22,19644.0,7981.0
2025-07-24T06:15:47.830595,XRP-USDT,3.0791,3.0792,314.0,3.0
2025-07-24T06:15:47.832298,BTC-USDT,117791.6,117791.7,5438.0,3777.0
2025-07-24T06:15:48.251826,SOL-USDT,183.31,183.32,557.0,214.0
2025-07-24T06:15:48.260530,LTC-USDT,109.59,109.6,107.0,4.0
2025-07-24T06:15:48.261451,ETH-USDT,3567.21,3567.22,23224.0,13467.0
2025-07-24T06:15:48.263422,XRP-USDT,3.0794,3.0795,83.0,27.0
2025-07-24T06:15:48.265761,BTC-USDT,117791.6,117791.7,6718.0,3299.0
2025-07-24T06:15:48.769113,SOL-USDT,183.31,183.32,557.0,214.0
2025-07-24T06:15:48.777419,LTC-USDT,109.59,109.6,107.0,4.0
2025-07-24T06:15:48.778988,ETH-USDT,3567.21,3567.22,23224.0,13467.0
2025-07-24T06:15:48.780098,XRP-USDT,3.0794,3.0795,83.0,27.0
2025-07-24T06:15:48.784129,BTC-USDT,117791.6,117791.7,6718.0,3299.0
2025-07-24T06:15:49.250258,SOL-USDT,183.37,183.38,1042.0,1.0
2025-07-24T06:15:49.256835,LTC-USDT,109.66,109.72,150.0,23.0
2025-07-24T06:15:49.258110,ETH-USDT,3568.3,3568.31,51650.0,146.0
2025-07-24T06:15:49.260169,XRP-USDT,3.0813,3.0814,94.0,120.0
2025-07-24T06:15:49.261833,BTC-USDT,117808.2,117808.3,23485.0,223.0
2025-07-24T06:15:49.770030,SOL-USDT,183.34,183.35,319.0,17.0
2025-07-24T06:15:49.778246,LTC-USDT,109.66,109.69,22.0,210.0
2025-07-24T06:15:49.779115,ETH-USDT,3568.18,3568.19,12917.0,15889.0
2025-07-24T06:15:49.780811,XRP-USDT,3.0807,3.0808,194.0,19.0
2025-07-24T06:15:49.782948,BTC-USDT,117808.2,117808.3,10343.0,6428.0
2025-07-24T06:15:50.240158,SOL-USDT,183.34,183.35,319.0,17.0
2025-07-24T06:15:50.248930,LTC-USDT,109.66,109.69,22.0,210.0
2025-07-24T06:15:50.249841,ETH-USDT,3568.18,3568.19,12917.0,15889.0
2025-07-24T06:15:50.252486,XRP-USDT,3.0807,3.0808,194.0,19.0
2025-07-24T06:15:50.256119,BTC-USDT,117808.2,117808.3,10343.0,6428.0
2025-07-24T06:15:50.771582,SOL-USDT,183.34,183.35,319.0,17.0
2025-07-24T06:15:50.778552,LTC-USDT,109.66,109.68,18.0,155.0
2025-07-24T06:15:50.779409,ETH-USDT,3568.18,3568.19,12917.0,15889.0
2025-07-24T06:15:50.786913,XRP-USDT,3.0811,3.0812,47.0,63.0
2025-07-24T06:15:50.786961,BTC-USDT,117808.2,117808.3,9369.0,2339.0
2025-07-24T06:15:51.250984,SOL-USDT,183.37,183.38,1.0,638.0
2025-07-24T06:15:51.267674,LTC-USDT,109.66,109.68,4.0,105.0
2025-07-24T06:15:51.267731,ETH-USDT,3568.88,3568.89,227.0,19058.0
2025-07-24T06:15:51.267768,XRP-USDT,3.0816,3.0817,202.0,2.0
2025-07-24T06:15:51.267799,BTC-USDT,117808.2,117808.3,10562.0,2359.0
2025-07-24T06:15:51.779537,SOL-USDT,183.37,183.38,1.0,638.0
2025-07-24T06:15:51.791580,LTC-USDT,109.66,109.69,11.0,161.0
2025-07-24T06:15:51.794234,ETH-USDT,3568.41,3568.42,152.0,15208.0
2025-07-24T06:15:51.796689,XRP-USDT,3.0816,3.0817,202.0,2.0
2025-07-24T06:15:51.799083,BTC-USDT,117808.2,117808.3,10562.0,2359.0
2025-07-24T06:15:52.239764,SOL-USDT,183.37,183.38,1.0,638.0
2025-07-24T06:15:52.249056,LTC-USDT,109.66,109.69,11.0,161.0
2025-07-24T06:15:52.250788,ETH-USDT,3568.41,3568.42,152.0,15208.0
2025-07-24T06:15:52.253653,XRP-USDT,3.0808,3.0809,2.0,82.0
2025-07-24T06:15:52.255937,BTC-USDT,117808.2,117808.3,10562.0,2359.0
2025-07-24T06:15:52.789083,SOL-USDT,183.31,183.32,138.0,312.0
2025-07-24T06:15:52.797407,LTC-USDT,109.63,109.66,9.0,3.0
2025-07-24T06:15:52.798058,ETH-USDT,3568.31,3568.32,3441.0,30465.0
2025-07-24T06:15:52.800278,XRP-USDT,3.0796,3.0797,3.0,75.0
2025-07-24T06:15:52.802932,BTC-USDT,117808.2,117808.3,8771.0,5477.0
2025-07-24T06:15:53.240979,SOL-USDT,183.3,183.31,36.0,734.0
2025-07-24T06:15:53.249424,LTC-USDT,109.6,109.63,6.0,146.0
2025-07-24T06:15:53.252002,ETH-USDT,3567.52,3567.53,6846.0,13289.0
2025-07-24T06:15:53.252308,XRP-USDT,3.0796,3.0797,3.0,75.0
2025-07-24T06:15:53.257481,BTC-USDT,117807.4,117807.5,108.0,8160.0
2025-07-24T06:15:53.765686,SOL-USDT,183.3,183.31,36.0,734.0
2025-07-24T06:15:53.775820,LTC-USDT,109.6,109.63,3.0,190.0
2025-07-24T06:15:53.777286,ETH-USDT,3567.8,3567.81,35404.0,782.0
2025-07-24T06:15:53.779351,XRP-USDT,3.0791,3.0792,58.0,131.0
2025-07-24T06:15:53.781782,BTC-USDT,117807.4,117807.5,447.0,20013.0
2025-07-24T06:15:54.267938,SOL-USDT,183.3,183.31,36.0,734.0
2025-07-24T06:15:54.280174,LTC-USDT,109.6,109.63,3.0,190.0
2025-07-24T06:15:54.281995,ETH-USDT,3567.8,3567.81,35404.0,782.0
2025-07-24T06:15:54.284523,XRP-USDT,3.0794,3.0795,2.0,108.0
2025-07-24T06:15:54.287761,BTC-USDT,117807.4,117807.5,447.0,20013.0
2025-07-24T06:15:54.765054,SOL-USDT,183.3,183.31,5.0,544.0
2025-07-24T06:15:54.772190,LTC-USDT,109.6,109.62,3.0,158.0
2025-07-24T06:15:54.773428,ETH-USDT,3567.8,3567.81,36435.0,11108.0
2025-07-24T06:15:54.775894,XRP-USDT,3.0794,3.0795,2.0,108.0
2025-07-24T06:15:54.778037,BTC-USDT,117807.4,117807.5,3477.0,18980.0
2025-07-24T06:15:55.257448,SOL-USDT,183.28,183.29,256.0,250.0
2025-07-24T06:15:55.265157,LTC-USDT,109.57,109.6,15.0,64.0
2025-07-24T06:15:55.266005,ETH-USDT,3567.8,3567.81,128.0,8577.0
2025-07-24T06:15:55.271439,XRP-USDT,3.0794,3.0795,41.0,84.0
2025-07-24T06:15:55.271478,BTC-USDT,117807.4,117807.5,3477.0,18980.0
2025-07-24T06:15:55.807141,SOL-USDT,183.26,183.27,9.0,639.0
2025-07-24T06:15:55.817769,LTC-USDT,109.57,109.59,1.0,180.0
2025-07-24T06:15:55.819570,ETH-USDT,3567.2,3567.21,131.0,17519.0
2025-07-24T06:15:55.821808,XRP-USDT,3.0785,3.0786,54.0,44.0
2025-07-24T06:15:55.823099,BTC-USDT,117807.4,117807.5,4454.0,3014.0
2025-07-24T06:15:56.254323,SOL-USDT,183.26,183.27,9.0,639.0
2025-07-24T06:15:56.264792,LTC-USDT,109.57,109.59,1.0,180.0
2025-07-24T06:15:56.264888,ETH-USDT,3567.2,3567.21,131.0,17519.0
2025-07-24T06:15:56.269838,XRP-USDT,3.0785,3.0786,67.0,29.0
2025-07-24T06:15:56.269895,BTC-USDT,117807.4,117807.5,5199.0,3065.0
2025-07-24T06:15:56.767049,SOL-USDT,183.26,183.27,80.0,677.0
2025-07-24T06:15:56.778500,LTC-USDT,109.57,109.59,1.0,180.0
2025-07-24T06:15:56.779993,ETH-USDT,3567.2,3567.21,19955.0,2954.0
2025-07-24T06:15:56.782718,XRP-USDT,3.0785,3.0786,67.0,29.0
2025-07-24T06:15:56.784611,BTC-USDT,117807.4,117807.5,5199.0,3065.0
2025-07-24T06:15:57.240165,SOL-USDT,183.26,183.27,7.0,411.0
2025-07-24T06:15:57.250493,LTC-USDT,109.57,109.58,1.0,176.0
2025-07-24T06:15:57.252356,ETH-USDT,3567.2,3567.21,14097.0,8378.0
2025-07-24T06:15:57.253564,XRP-USDT,3.0785,3.0786,67.0,29.0
2025-07-24T06:15:57.255339,BTC-USDT,117806.4,117806.5,1069.0,6646.0
2025-07-24T06:15:57.767507,SOL-USDT,183.26,183.27,4.0,411.0
2025-07-24T06:15:57.781480,LTC-USDT,109.54,109.57,15.0,137.0
2025-07-24T06:15:57.781578,ETH-USDT,3567.2,3567.21,14097.0,8378.0
2025-07-24T06:15:57.785564,XRP-USDT,3.0777,3.0779,256.44,154.0
2025-07-24T06:15:57.789855,BTC-USDT,117800.7,117800.8,1443.0,5340.0
2025-07-24T06:15:58.257173,SOL-USDT,183.26,183.27,4.0,411.0
2025-07-24T06:15:58.267338,LTC-USDT,109.54,109.55,3.0,101.0
2025-07-24T06:15:58.268015,ETH-USDT,3567.2,3567.21,571.0,7950.9
2025-07-24T06:15:58.270565,XRP-USDT,3.0782,3.0783,101.0,36.0
2025-07-24T06:15:58.273182,BTC-USDT,117800.7,117800.8,2252.0,6856.0
2025-07-24T06:15:58.779491,SOL-USDT,183.24,183.25,123.06,316.0
2025-07-24T06:15:58.791412,LTC-USDT,109.54,109.55,3.0,101.0
2025-07-24T06:15:58.792832,ETH-USDT,3567.2,3567.21,571.0,7950.9
2025-07-24T06:15:58.794263,XRP-USDT,3.0782,3.0783,101.0,36.0
2025-07-24T06:15:58.797065,BTC-USDT,117800.7,117800.8,2252.0,6856.0
2025-07-24T06:15:59.246775,SOL-USDT,183.26,183.27,596.0,20.0
2025-07-24T06:15:59.256613,LTC-USDT,109.54,109.56,1.0,180.0
2025-07-24T06:15:59.258026,ETH-USDT,3567.37,3567.38,37830.0,464.0
2025-07-24T06:15:59.260098,XRP-USDT,3.0785,3.0786,214.0,13.0
2025-07-24T06:15:59.263085,BTC-USDT,117800.7,117800.8,2252.0,6856.0
2025-07-24T06:15:59.787186,SOL-USDT,183.26,183.27,29.0,155.0
2025-07-24T06:15:59.793165,LTC-USDT,109.53,109.55,271.0,162.0
2025-07-24T06:15:59.793964,ETH-USDT,3567.37,3567.38,32527.0,97.0
2025-07-24T06:15:59.795599,XRP-USDT,3.0779,3.078,13.0,254.0
2025-07-24T06:15:59.797747,BTC-USDT,117800.7,117800.8,5384.0,1339.0
2025-07-24T06:16:00.247550,SOL-USDT,183.26,183.27,29.0,155.0
2025-07-24T06:16:00.256116,LTC-USDT,109.53,109.55,271.0,162.0
2025-07-24T06:16:00.257944,ETH-USDT,3567.37,3567.38,32527.0,97.0
2025-07-24T06:16:00.263606,XRP-USDT,3.0779,3.078,13.0,254.0
2025-07-24T06:16:00.263662,BTC-USDT,117800.7,117800.8,5840.0,5338.0
2025-07-24T06:16:00.755695,SOL-USDT,183.24,183.25,83.06,437.0
2025-07-24T06:16:00.763651,LTC-USDT,109.53,109.54,259.0,99.0
2025-07-24T06:16:00.765055,ETH-USDT,3567.37,3567.38,32527.0,97.0
2025-07-24T06:16:00.768624,XRP-USDT,3.0784,3.0785,55.0,31.0
2025-07-24T06:16:00.769137,BTC-USDT,117800.7,117800.8,5840.0,5338.0
2025-07-24T06:16:01.260713,SOL-USDT,183.37,183.38,822.0,41.0
2025-07-24T06:16:01.268166,LTC-USDT,109.59,109.6,165.0,4.0
2025-07-24T06:16:01.270027,ETH-USDT,3568.09,3568.1,34586.0,1567.0
2025-07-24T06:16:01.271531,XRP-USDT,3.08,3.0801,78.0,23.0
2025-07-24T06:16:01.273684,BTC-USDT,117807.3,117807.4,6295.0,1093.0
2025-07-24T06:16:01.793967,SOL-USDT,183.37,183.38,822.0,41.0
2025-07-24T06:16:01.803706,LTC-USDT,109.54,109.59,47.0,124.0
2025-07-24T06:16:01.804740,ETH-USDT,3568.41,3568.42,9040.0,5198.0
2025-07-24T06:16:01.806216,XRP-USDT,3.08,3.0801,78.0,23.0
2025-07-24T06:16:01.807932,BTC-USDT,117807.3,117807.4,6865.0,78.0
2025-07-24T06:16:02.246570,SOL-USDT,183.35,183.36,8.0,515.0
2025-07-24T06:16:02.260651,LTC-USDT,109.54,109.59,47.0,124.0
2025-07-24T06:16:02.266382,ETH-USDT,3568.41,3568.42,9040.0,5198.0
2025-07-24T06:16:02.266436,XRP-USDT,3.0796,3.0797,64.0,20.0
