timestamp,symbol,bid,ask,bid_vol,ask_vol
2025-07-24T15:28:39.263076,SOL-USDT,189.2,189.21,105.88,388.0
2025-07-24T15:28:39.267822,ETH-USDT,3740.13,3740.14,10110.0,31470.0
2025-07-24T15:28:39.272859,BTC-USDT,119059.4,119059.5,458.0,6975.0
2025-07-24T15:28:39.304802,LTC-USDT,114.36,114.38,2.0,142.0
2025-07-24T15:28:39.304851,XRP-USDT,3.2345,3.2346,48.0,40.0
2025-07-24T15:28:39.689298,SOL-USDT,189.2,189.21,105.88,319.94
2025-07-24T15:28:39.689341,ETH-USDT,3740.42,3740.43,253.0,20772.0
2025-07-24T15:28:39.689371,BTC-USDT,119059.4,119059.5,2563.0,8999.0
2025-07-24T15:28:39.706869,LTC-USDT,114.35,114.38,32.0,197.0
2025-07-24T15:28:39.709199,XRP-USDT,3.2341,3.2342,21.0,109.0
2025-07-24T15:28:40.204400,SOL-USDT,189.2,189.21,30.88,1615.0
2025-07-24T15:28:40.206332,ETH-USDT,3740.13,3740.14,573.0,33932.0
2025-07-24T15:28:40.210227,BTC-USDT,119059.4,119059.5,2558.3,8999.0
2025-07-24T15:28:40.225871,LTC-USDT,114.31,114.35,260.0,152.0
2025-07-24T15:28:40.226451,XRP-USDT,3.2335,3.2337,57.0,14.0
2025-07-24T15:28:40.682231,SOL-USDT,189.2,189.21,30.88,1615.0
2025-07-24T15:28:40.684395,ETH-USDT,3740.13,3740.14,573.0,33932.0
2025-07-24T15:28:40.687416,BTC-USDT,119059.4,119059.5,2558.3,8999.0
2025-07-24T15:28:40.706492,LTC-USDT,114.31,114.35,260.0,152.0
2025-07-24T15:28:40.706542,XRP-USDT,3.2335,3.2337,57.0,14.0
2025-07-24T15:28:41.275667,SOL-USDT,189.2,189.21,30.88,975.0
2025-07-24T15:28:41.278309,ETH-USDT,3740.13,3740.14,657.5,68203.0
2025-07-24T15:28:41.281225,BTC-USDT,119059.4,119059.5,580.0,9697.0
2025-07-24T15:28:41.297642,LTC-USDT,114.31,114.35,260.0,152.0
2025-07-24T15:28:41.298667,XRP-USDT,3.2332,3.2333,168.0,27.0
2025-07-24T15:28:41.702776,SOL-USDT,189.2,189.21,185.88,975.0
2025-07-24T15:28:41.702820,ETH-USDT,3739.23,3739.24,17613.0,4032.0
2025-07-24T15:28:41.702848,BTC-USDT,119059.4,119059.5,2562.0,6831.2
2025-07-24T15:28:41.719264,LTC-USDT,114.33,114.35,1.0,165.0
2025-07-24T15:28:41.720101,XRP-USDT,3.2328,3.2329,1.0,46.0
2025-07-24T15:28:42.240039,SOL-USDT,189.2,189.21,347.88,1726.0
2025-07-24T15:28:42.243481,ETH-USDT,3739.23,3739.24,17613.0,4032.0
2025-07-24T15:28:42.243523,BTC-USDT,119059.4,119059.5,2562.0,6831.2
2025-07-24T15:28:42.259648,LTC-USDT,114.33,114.35,6.0,170.0
2025-07-24T15:28:42.263022,XRP-USDT,3.2328,3.2329,1.0,46.0
2025-07-24T15:28:42.690579,SOL-USDT,189.2,189.21,347.88,1726.0
2025-07-24T15:28:42.692336,ETH-USDT,3739.23,3739.24,17613.0,4032.0
2025-07-24T15:28:42.695936,BTC-USDT,119059.4,119059.5,683.0,13621.0
2025-07-24T15:28:42.711992,LTC-USDT,114.33,114.35,5.0,184.0
2025-07-24T15:28:42.715046,XRP-USDT,3.2323,3.2324,34.0,39.0
2025-07-24T15:28:43.243640,SOL-USDT,189.13,189.14,4.0,757.0
2025-07-24T15:28:43.243666,ETH-USDT,3739.23,3739.24,17613.0,4032.0
2025-07-24T15:28:43.245176,BTC-USDT,119059.4,119059.5,683.0,13621.0
2025-07-24T15:28:43.264025,LTC-USDT,114.33,114.35,5.0,184.0
2025-07-24T15:28:43.264135,XRP-USDT,3.232,3.2321,29.0,88.0
2025-07-24T15:28:43.683102,SOL-USDT,189.12,189.13,550.0,1098.0
2025-07-24T15:28:43.686003,ETH-USDT,3739.23,3739.24,6019.0,23169.0
2025-07-24T15:28:43.688875,BTC-USDT,119049.8,119049.9,1201.0,8564.0
2025-07-24T15:28:43.707769,LTC-USDT,114.33,114.34,5.0,152.0
2025-07-24T15:28:43.707806,XRP-USDT,3.232,3.2321,29.0,88.0
2025-07-24T15:28:44.260890,SOL-USDT,189.11,189.12,56.0,458.0
2025-07-24T15:28:44.265530,ETH-USDT,3739.23,3739.24,29051.0,3558.0
2025-07-24T15:28:44.268659,BTC-USDT,119049.8,119049.9,7891.0,11729.0
2025-07-24T15:28:44.283704,LTC-USDT,114.33,114.34,5.0,152.0
2025-07-24T15:28:44.283880,XRP-USDT,3.2324,3.2325,69.0,1.0
2025-07-24T15:28:44.693658,SOL-USDT,189.11,189.12,56.0,458.0
2025-07-24T15:28:44.693696,ETH-USDT,3738.81,3738.82,5612.0,20337.0
2025-07-24T15:28:44.696489,BTC-USDT,119049.8,119049.9,7716.0,8273.0
2025-07-24T15:28:44.711923,LTC-USDT,114.31,114.34,34.0,208.0
2025-07-24T15:28:44.712757,XRP-USDT,3.233,3.2331,146.0,1.0
2025-07-24T15:28:45.193979,SOL-USDT,189.11,189.12,3.0,644.0
2025-07-24T15:28:45.196596,ETH-USDT,3738.81,3738.82,5612.0,20337.0
2025-07-24T15:28:45.199730,BTC-USDT,119049.8,119049.9,7716.0,8273.0
2025-07-24T15:28:45.218657,LTC-USDT,114.31,114.34,34.0,208.0
2025-07-24T15:28:45.218698,XRP-USDT,3.233,3.2331,146.0,1.0
2025-07-24T15:28:45.694974,SOL-USDT,189.09,189.1,47.0,631.0
2025-07-24T15:28:45.695158,ETH-USDT,3738.28,3738.29,2400.0,29692.0
2025-07-24T15:28:45.695190,BTC-USDT,119049.8,119049.9,7716.0,8273.0
2025-07-24T15:28:45.711141,LTC-USDT,114.31,114.34,34.0,208.0
2025-07-24T15:28:45.711180,XRP-USDT,3.2317,3.2318,1.0,151.0
2025-07-24T15:28:46.277931,SOL-USDT,189.04,189.05,4.0,630.0
2025-07-24T15:28:46.277973,ETH-USDT,3738.28,3738.29,8014.0,17429.0
2025-07-24T15:28:46.278004,BTC-USDT,119049.8,119049.9,5302.0,12495.0
2025-07-24T15:28:46.295771,LTC-USDT,114.31,114.33,84.0,82.0
2025-07-24T15:28:46.295819,XRP-USDT,3.2317,3.2318,82.0,13.0
2025-07-24T15:28:46.692491,SOL-USDT,189.04,189.05,4.0,630.0
2025-07-24T15:28:46.696456,ETH-USDT,3737.47,3737.48,19.0,22154.0
2025-07-24T15:28:46.698492,BTC-USDT,119049.8,119049.9,1268.0,16425.0
2025-07-24T15:28:46.717672,LTC-USDT,114.26,114.29,261.0,8.0
2025-07-24T15:28:46.719878,XRP-USDT,3.2317,3.2318,82.0,13.0
2025-07-24T15:28:47.214488,SOL-USDT,189.01,189.02,119.0,837.0
2025-07-24T15:28:47.217775,ETH-USDT,3737.47,3737.48,19.0,22154.0
2025-07-24T15:28:47.221652,BTC-USDT,119049.8,119049.9,1268.0,16425.0
2025-07-24T15:28:47.241057,LTC-USDT,114.26,114.29,261.0,8.0
2025-07-24T15:28:47.241109,XRP-USDT,3.2307,3.2308,1.0,209.0
2025-07-24T15:28:47.691938,SOL-USDT,188.99,189.0,140.0,500.0
2025-07-24T15:28:47.694837,ETH-USDT,3737.35,3737.36,1388.0,36769.0
2025-07-24T15:28:47.697880,BTC-USDT,119049.8,119049.9,988.0,16728.0
2025-07-24T15:28:47.715373,LTC-USDT,114.27,114.29,3.0,197.0
2025-07-24T15:28:47.715493,XRP-USDT,3.2312,3.2313,64.0,27.0
2025-07-24T15:28:48.259027,SOL-USDT,188.96,188.97,138.0,140.0
2025-07-24T15:28:48.262367,ETH-USDT,3737.35,3737.36,1388.0,36769.0
2025-07-24T15:28:48.264736,BTC-USDT,119049.8,119049.9,988.0,16728.0
2025-07-24T15:28:48.279390,LTC-USDT,114.27,114.29,3.0,197.0
2025-07-24T15:28:48.281001,XRP-USDT,3.2312,3.2313,64.0,27.0
2025-07-24T15:28:48.683461,SOL-USDT,188.96,188.97,251.0,378.0
2025-07-24T15:28:48.686854,ETH-USDT,3737.12,3737.14,346.0,26146.0
2025-07-24T15:28:48.689029,BTC-USDT,119049.8,119049.9,988.0,16728.0
2025-07-24T15:28:48.705374,LTC-USDT,114.27,114.3,2.0,179.0
2025-07-24T15:28:48.706427,XRP-USDT,3.2313,3.2314,51.0,30.0
2025-07-24T15:28:49.261817,SOL-USDT,188.96,188.97,34.0,453.0
2025-07-24T15:28:49.261872,ETH-USDT,3737.45,3737.46,17811.0,20026.0
2025-07-24T15:28:49.263167,BTC-USDT,119049.8,119049.9,1239.0,11248.0
2025-07-24T15:28:49.278067,LTC-USDT,114.27,114.3,3.0,179.0
2025-07-24T15:28:49.279176,XRP-USDT,3.2313,3.2314,24.0,51.0
2025-07-24T15:28:49.685703,SOL-USDT,188.96,188.97,34.0,452.27
2025-07-24T15:28:49.696038,ETH-USDT,3737.16,3737.17,10706.0,16766.0
2025-07-24T15:28:49.696078,BTC-USDT,119049.8,119049.9,1401.0,13926.0
2025-07-24T15:28:49.707516,LTC-USDT,114.27,114.29,56.0,179.0
2025-07-24T15:28:49.708788,XRP-USDT,3.2316,3.2317,49.0,2.0
2025-07-24T15:28:50.249963,SOL-USDT,188.96,188.97,34.0,452.27
2025-07-24T15:28:50.253207,ETH-USDT,3737.46,3737.47,14143.0,53.0
2025-07-24T15:28:50.255804,BTC-USDT,119049.8,119049.9,1401.0,13914.0
2025-07-24T15:28:50.275861,LTC-USDT,114.27,114.3,127.0,59.0
2025-07-24T15:28:50.275902,XRP-USDT,3.2316,3.2317,49.0,2.0
2025-07-24T15:28:50.687974,SOL-USDT,188.99,189.0,409.0,119.0
2025-07-24T15:28:50.690857,ETH-USDT,3737.46,3737.47,14143.0,53.0
2025-07-24T15:28:50.695260,BTC-USDT,119049.8,119049.9,1401.0,13914.0
2025-07-24T15:28:50.709760,LTC-USDT,114.27,114.3,127.0,59.0
2025-07-24T15:28:50.711756,XRP-USDT,3.2324,3.2325,58.0,3.0
2025-07-24T15:28:51.205595,SOL-USDT,189.04,189.05,309.0,228.0
2025-07-24T15:28:51.224338,ETH-USDT,3738.1,3738.62,292.0,1185.0
2025-07-24T15:28:51.224380,BTC-USDT,119049.8,119049.9,722.0,9618.0
2025-07-24T15:28:51.235227,LTC-USDT,114.32,114.35,121.0,43.0
2025-07-24T15:28:51.237197,XRP-USDT,3.2332,3.2333,1.0,132.0
2025-07-24T15:28:51.692356,SOL-USDT,189.07,189.08,123.0,1.0
2025-07-24T15:28:51.695336,ETH-USDT,3738.63,3738.64,25119.0,4082.0
2025-07-24T15:28:51.697992,BTC-USDT,119049.8,119049.9,7267.0,11558.0
2025-07-24T15:28:51.715428,LTC-USDT,114.33,114.35,150.0,7.0
2025-07-24T15:28:51.716898,XRP-USDT,3.2332,3.2333,1.0,132.0
2025-07-24T15:28:52.247239,SOL-USDT,189.07,189.08,123.0,1.0
2025-07-24T15:28:52.251917,ETH-USDT,3738.63,3738.64,25119.0,4082.0
2025-07-24T15:28:52.258002,BTC-USDT,119049.8,119049.9,7267.0,11558.0
2025-07-24T15:28:52.271850,LTC-USDT,114.33,114.35,150.0,7.0
2025-07-24T15:28:52.272494,XRP-USDT,3.2335,3.2336,130.0,3.0
2025-07-24T15:28:52.686668,SOL-USDT,189.16,189.18,814.0,14.0
2025-07-24T15:28:52.691085,ETH-USDT,3740.17,3740.63,2016.0,4221.0
2025-07-24T15:28:52.691915,BTC-USDT,119070.0,119070.1,22442.0,125.0
2025-07-24T15:28:52.712038,LTC-USDT,114.39,114.41,178.0,1.0
2025-07-24T15:28:52.712090,XRP-USDT,3.2335,3.2336,130.0,3.0
2025-07-24T15:28:53.265081,SOL-USDT,189.17,189.18,395.0,182.0
2025-07-24T15:28:53.267814,ETH-USDT,3740.37,3740.38,19096.0,16961.0
2025-07-24T15:28:53.271010,BTC-USDT,119084.3,119084.4,21485.0,2888.0
2025-07-24T15:28:53.290827,LTC-USDT,114.39,114.41,178.0,1.0
2025-07-24T15:28:53.290870,XRP-USDT,3.2348,3.2349,145.0,23.0
2025-07-24T15:28:53.705004,SOL-USDT,189.17,189.18,395.0,182.0
2025-07-24T15:28:53.705038,ETH-USDT,3740.37,3740.38,20572.0,16609.0
2025-07-24T15:28:53.706450,BTC-USDT,119084.3,119084.4,10151.0,2780.0
2025-07-24T15:28:53.727829,LTC-USDT,114.39,114.41,178.0,1.0
2025-07-24T15:28:53.731766,XRP-USDT,3.2351,3.2352,94.0,12.0
2025-07-24T15:28:54.251492,SOL-USDT,189.17,189.18,395.0,182.0
2025-07-24T15:28:54.253567,ETH-USDT,3740.37,3740.38,20572.0,16609.0
2025-07-24T15:28:54.257333,BTC-USDT,119084.3,119084.4,10151.0,2780.0
2025-07-24T15:28:54.273691,LTC-USDT,114.39,114.42,62.0,159.0
2025-07-24T15:28:54.274915,XRP-USDT,3.2355,3.2356,82.0,9.0
2025-07-24T15:28:54.701805,SOL-USDT,189.14,189.15,70.0,381.0
2025-07-24T15:28:54.701861,ETH-USDT,3740.16,3740.17,5213.0,23622.0
2025-07-24T15:28:54.701883,BTC-USDT,119079.1,119079.2,6050.0,6809.0
2025-07-24T15:28:54.714409,LTC-USDT,114.37,114.4,43.0,79.0
2025-07-24T15:28:54.714435,XRP-USDT,3.2355,3.2356,82.0,9.0
2025-07-24T15:28:55.230257,SOL-USDT,189.14,189.15,406.0,340.0
2025-07-24T15:28:55.232842,ETH-USDT,3740.06,3740.07,1345.0,3391.0
2025-07-24T15:28:55.237153,BTC-USDT,119079.1,119079.2,6050.0,6809.0
2025-07-24T15:28:55.254791,LTC-USDT,114.37,114.4,24.0,106.0
2025-07-24T15:28:55.256355,XRP-USDT,3.2352,3.2353,3.0,61.0
2025-07-24T15:28:55.687003,SOL-USDT,189.14,189.15,406.0,340.0
2025-07-24T15:28:55.692788,ETH-USDT,3739.54,3739.55,11681.0,30502.0
2025-07-24T15:28:55.692836,BTC-USDT,119079.1,119079.2,4722.0,3172.0
2025-07-24T15:28:55.712544,LTC-USDT,114.37,114.4,24.0,106.0
2025-07-24T15:28:55.713516,XRP-USDT,3.2352,3.2353,3.0,61.0
2025-07-24T15:28:56.196956,SOL-USDT,189.12,189.13,117.0,373.0
2025-07-24T15:28:56.201420,ETH-USDT,3739.54,3739.55,11681.0,30502.0
2025-07-24T15:28:56.205090,BTC-USDT,119079.1,119079.2,4722.0,3172.0
2025-07-24T15:28:56.229433,LTC-USDT,114.35,114.37,37.0,154.0
2025-07-24T15:28:56.229911,XRP-USDT,3.2342,3.2343,1.0,224.0
2025-07-24T15:28:56.690335,SOL-USDT,189.12,189.13,36.0,1231.0
2025-07-24T15:28:56.695064,ETH-USDT,3739.54,3739.55,11681.0,30502.0
2025-07-24T15:28:56.696864,BTC-USDT,119079.1,119079.2,5616.0,4965.0
2025-07-24T15:28:56.717266,LTC-USDT,114.35,114.38,98.0,11.0
2025-07-24T15:28:56.718337,XRP-USDT,3.2341,3.2342,9.0,95.0
2025-07-24T15:28:57.196654,SOL-USDT,189.12,189.13,261.0,313.0
2025-07-24T15:28:57.198771,ETH-USDT,3739.72,3739.73,4960.0,9888.0
2025-07-24T15:28:57.201905,BTC-USDT,119079.1,119079.2,5616.0,4965.0
2025-07-24T15:28:57.221558,LTC-USDT,114.35,114.38,101.0,13.0
2025-07-24T15:28:57.222596,XRP-USDT,3.2341,3.2342,9.0,95.0
2025-07-24T15:28:57.692417,SOL-USDT,189.12,189.13,261.0,313.0
2025-07-24T15:28:57.694314,ETH-USDT,3739.42,3739.43,11187.0,31850.0
2025-07-24T15:28:57.697014,BTC-USDT,119079.1,119079.2,4634.0,4922.0
2025-07-24T15:28:57.715984,LTC-USDT,114.35,114.38,101.0,13.0
2025-07-24T15:28:57.716178,XRP-USDT,3.2342,3.2343,107.0,13.0
2025-07-24T15:28:58.221288,SOL-USDT,189.08,189.09,2.0,788.0
2025-07-24T15:28:58.223886,ETH-USDT,3739.42,3739.43,11187.0,31850.0
2025-07-24T15:28:58.227907,BTC-USDT,119079.1,119079.2,4634.0,4922.0
2025-07-24T15:28:58.245409,LTC-USDT,114.35,114.37,86.0,38.0
2025-07-24T15:28:58.245452,XRP-USDT,3.2342,3.2343,107.0,13.0
2025-07-24T15:28:58.687869,SOL-USDT,189.11,189.12,339.0,95.0
2025-07-24T15:28:58.691770,ETH-USDT,3740.15,3740.16,19961.0,11288.0
2025-07-24T15:28:58.693464,BTC-USDT,119079.1,119079.2,7257.0,2767.0
2025-07-24T15:28:58.709735,LTC-USDT,114.36,114.37,80.0,1.0
2025-07-24T15:28:58.710815,XRP-USDT,3.2342,3.2343,107.0,13.0
2025-07-24T15:28:59.284643,SOL-USDT,189.09,189.1,110.0,633.0
2025-07-24T15:28:59.286282,ETH-USDT,3739.83,3739.88,3936.0,14745.5
2025-07-24T15:28:59.292784,BTC-USDT,119079.1,119079.2,7257.0,2767.0
2025-07-24T15:28:59.309249,LTC-USDT,114.36,114.38,25.0,72.0
2025-07-24T15:28:59.310377,XRP-USDT,3.2344,3.2345,9.0,46.0
2025-07-24T15:28:59.682720,SOL-USDT,189.09,189.1,110.0,633.0
2025-07-24T15:28:59.684653,ETH-USDT,3740.12,3740.13,11203.0,509.0
2025-07-24T15:28:59.687573,BTC-USDT,119079.1,119079.2,8545.0,3094.0
2025-07-24T15:28:59.704379,LTC-USDT,114.36,114.38,25.0,72.0
2025-07-24T15:28:59.708289,XRP-USDT,3.2346,3.2347,1.0,100.0
2025-07-24T15:29:00.242427,SOL-USDT,189.09,189.1,110.0,633.0
2025-07-24T15:29:00.244159,ETH-USDT,3740.12,3740.13,11203.0,509.0
2025-07-24T15:29:00.246437,BTC-USDT,119079.1,119079.2,8545.0,3094.0
2025-07-24T15:29:00.263774,LTC-USDT,114.36,114.38,29.0,72.0
2025-07-24T15:29:00.264401,XRP-USDT,3.2348,3.2349,55.0,8.0
2025-07-24T15:29:00.696734,SOL-USDT,189.09,189.1,412.0,42.0
2025-07-24T15:29:00.696774,ETH-USDT,3739.61,3739.87,5795.0,2372.0
2025-07-24T15:29:00.698779,BTC-USDT,119079.1,119079.2,5923.0,6804.0
2025-07-24T15:29:00.716590,LTC-USDT,114.36,114.39,31.0,85.0
2025-07-24T15:29:00.717078,XRP-USDT,3.2348,3.2349,55.0,8.0
2025-07-24T15:29:01.228403,SOL-USDT,188.95,188.96,409.35,263.0
2025-07-24T15:29:01.230822,ETH-USDT,3738.37,3738.38,954.0,22188.0
2025-07-24T15:29:01.234688,BTC-USDT,119062.2,119066.7,1.0,716.0
2025-07-24T15:29:01.254384,LTC-USDT,114.35,114.36,2.0,749.0
2025-07-24T15:29:01.254427,XRP-USDT,3.234,3.2341,1.0,145.0
2025-07-24T15:29:01.690294,SOL-USDT,188.95,188.96,409.35,263.0
2025-07-24T15:29:01.692873,ETH-USDT,3738.37,3738.38,954.0,22188.0
2025-07-24T15:29:01.696100,BTC-USDT,119062.2,119066.7,1.0,716.0
2025-07-24T15:29:01.714034,LTC-USDT,114.35,114.36,2.0,749.0
2025-07-24T15:29:01.714809,XRP-USDT,3.234,3.2341,1.0,145.0
2025-07-24T15:29:02.291233,SOL-USDT,188.99,189.0,355.0,125.0
2025-07-24T15:29:02.293234,ETH-USDT,3738.56,3738.57,11860.0,15069.2
2025-07-24T15:29:02.296572,BTC-USDT,119062.4,119062.5,1708.0,19761.0
2025-07-24T15:29:02.318054,LTC-USDT,114.35,114.36,2.0,1.0
2025-07-24T15:29:02.324880,XRP-USDT,3.2325,3.2326,21.0,86.0
2025-07-24T15:29:02.681400,SOL-USDT,188.99,189.0,355.0,125.0
2025-07-24T15:29:02.683931,ETH-USDT,3738.56,3738.57,11860.0,15069.2
2025-07-24T15:29:02.687689,BTC-USDT,119062.4,119062.5,1708.0,19761.0
2025-07-24T15:29:02.703435,LTC-USDT,114.35,114.36,2.0,1.0
2025-07-24T15:29:02.704119,XRP-USDT,3.2325,3.2326,112.0,1.0
2025-07-24T15:29:03.244139,SOL-USDT,188.99,189.0,355.0,125.0
2025-07-24T15:29:03.246968,ETH-USDT,3738.72,3738.73,13588.0,13429.0
2025-07-24T15:29:03.249907,BTC-USDT,119062.4,119062.5,8252.0,2495.0
2025-07-24T15:29:03.268814,LTC-USDT,114.35,114.36,2.0,1287.0
2025-07-24T15:29:03.268853,XRP-USDT,3.2325,3.2326,112.0,1.0
2025-07-24T15:29:03.693758,SOL-USDT,188.99,189.0,1.0,119.0
2025-07-24T15:29:03.695274,ETH-USDT,3738.57,3738.58,130.0,53152.0
2025-07-24T15:29:03.698813,BTC-USDT,119062.4,119062.5,6803.0,6499.0
2025-07-24T15:29:03.717261,LTC-USDT,114.35,114.38,2.0,1595.0
2025-07-24T15:29:03.717312,XRP-USDT,3.2325,3.2326,58.0,40.0
2025-07-24T15:29:04.225404,SOL-USDT,188.99,189.0,1.0,119.0
2025-07-24T15:29:04.228158,ETH-USDT,3738.57,3738.58,130.0,53152.0
2025-07-24T15:29:04.232005,BTC-USDT,119062.4,119062.5,6803.0,6499.0
2025-07-24T15:29:04.249256,LTC-USDT,114.35,114.38,2.0,1595.0
2025-07-24T15:29:04.252073,XRP-USDT,3.2325,3.2326,1.0,76.0
2025-07-24T15:29:04.690349,SOL-USDT,189.0,189.01,597.0,36.0
2025-07-24T15:29:04.693371,ETH-USDT,3738.57,3738.58,130.0,53152.0
2025-07-24T15:29:04.696577,BTC-USDT,119062.4,119062.5,4592.0,7902.0
2025-07-24T15:29:04.716327,LTC-USDT,114.35,114.39,2.0,29.0
2025-07-24T15:29:04.718291,XRP-USDT,3.2325,3.2326,1.0,76.0
2025-07-24T15:29:05.244672,SOL-USDT,188.99,189.0,11.0,1212.0
2025-07-24T15:29:05.247353,ETH-USDT,3738.14,3738.15,1054.0,23589.0
2025-07-24T15:29:05.251347,BTC-USDT,119062.4,119062.5,4592.0,7902.0
2025-07-24T15:29:05.267626,LTC-USDT,114.35,114.39,2.0,29.0
2025-07-24T15:29:05.268766,XRP-USDT,3.2323,3.2324,1.0,167.0
2025-07-24T15:29:05.683655,SOL-USDT,188.99,189.0,14.0,1440.0
2025-07-24T15:29:05.686748,ETH-USDT,3738.14,3738.15,1054.0,23589.0
2025-07-24T15:29:05.690090,BTC-USDT,119062.4,119062.5,4592.0,7902.0
2025-07-24T15:29:05.706670,LTC-USDT,114.35,114.36,2.0,1293.0
2025-07-24T15:29:05.707989,XRP-USDT,3.2323,3.2324,1.0,167.0
2025-07-24T15:29:06.225641,SOL-USDT,188.99,189.0,154.0,491.0
2025-07-24T15:29:06.229197,ETH-USDT,3738.14,3738.15,4344.0,28600.0
2025-07-24T15:29:06.230868,BTC-USDT,119062.4,119062.5,2178.0,5051.0
2025-07-24T15:29:06.248489,LTC-USDT,114.35,114.36,2.0,1293.0
2025-07-24T15:29:06.249043,XRP-USDT,3.2317,3.2318,72.0,32.0
2025-07-24T15:29:06.691380,SOL-USDT,188.99,189.0,154.0,491.0
2025-07-24T15:29:06.695341,ETH-USDT,3738.14,3738.15,4344.0,28600.0
2025-07-24T15:29:06.705277,BTC-USDT,119061.8,119061.9,125.0,17650.0
2025-07-24T15:29:06.720599,LTC-USDT,114.35,114.37,2.0,46.0
2025-07-24T15:29:06.721957,XRP-USDT,3.2318,3.2319,55.0,20.0
2025-07-24T15:29:07.250195,SOL-USDT,188.97,188.98,971.0,218.0
2025-07-24T15:29:07.252903,ETH-USDT,3738.14,3738.15,5460.0,27550.0
2025-07-24T15:29:07.257727,BTC-USDT,119061.8,119061.9,125.0,17650.0
2025-07-24T15:29:07.272254,LTC-USDT,114.35,114.37,2.0,46.0
2025-07-24T15:29:07.273770,XRP-USDT,3.2318,3.2319,55.0,20.0
2025-07-24T15:29:07.693686,SOL-USDT,188.97,188.98,971.0,218.0
2025-07-24T15:29:07.693731,ETH-USDT,3738.14,3738.15,10114.0,21569.0
2025-07-24T15:29:07.702912,BTC-USDT,119061.8,119061.9,175.6,22047.0
2025-07-24T15:29:07.711586,LTC-USDT,114.35,114.39,2.0,1734.0
2025-07-24T15:29:07.713060,XRP-USDT,3.2316,3.2317,28.0,48.0
2025-07-24T15:29:08.276008,SOL-USDT,188.97,188.98,971.0,218.0
2025-07-24T15:29:08.278186,ETH-USDT,3738.14,3738.15,10114.0,21569.0
2025-07-24T15:29:08.286702,BTC-USDT,119061.8,119061.9,175.6,22047.0
2025-07-24T15:29:08.297985,LTC-USDT,114.35,114.39,2.0,1734.0
2025-07-24T15:29:08.301597,XRP-USDT,3.2316,3.2317,23.0,44.0
2025-07-24T15:29:08.691747,SOL-USDT,188.97,188.98,867.0,120.0
2025-07-24T15:29:08.696403,ETH-USDT,3738.14,3738.15,10114.0,21569.0
2025-07-24T15:29:08.705459,BTC-USDT,119061.8,119061.9,175.6,22047.0
2025-07-24T15:29:08.729277,LTC-USDT,114.35,114.36,2.0,1179.0
2025-07-24T15:29:08.730759,XRP-USDT,3.2316,3.2317,23.0,44.0
2025-07-24T15:29:09.204425,SOL-USDT,188.97,188.98,867.0,120.0
2025-07-24T15:29:09.212227,ETH-USDT,3738.14,3738.15,587.0,20907.0
2025-07-24T15:29:09.212264,BTC-USDT,119061.8,119061.9,95.0,13541.0
2025-07-24T15:29:09.237285,LTC-USDT,114.35,114.4,2.0,1318.0
2025-07-24T15:29:09.239102,XRP-USDT,3.2316,3.2317,23.0,44.0
2025-07-24T15:29:09.689884,SOL-USDT,188.95,188.96,1.35,561.0
2025-07-24T15:29:09.696657,ETH-USDT,3737.36,3737.37,142.0,22553.0
2025-07-24T15:29:09.696695,BTC-USDT,119061.8,119061.9,140.0,11815.0
2025-07-24T15:29:09.716277,LTC-USDT,114.35,114.37,2.0,89.0
2025-07-24T15:29:09.716325,XRP-USDT,3.2307,3.231,53.0,46.0
2025-07-24T15:29:10.228262,SOL-USDT,188.95,188.96,1.35,561.0
2025-07-24T15:29:10.231290,ETH-USDT,3737.36,3737.37,14531.0,9106.0
2025-07-24T15:29:10.234579,BTC-USDT,119061.8,119061.9,140.0,11815.0
2025-07-24T15:29:10.252623,LTC-USDT,114.35,114.37,2.0,89.0
2025-07-24T15:29:10.257060,XRP-USDT,3.2307,3.2308,59.0,129.0
2025-07-24T15:29:10.683059,SOL-USDT,188.95,188.96,0.35,1581.0
2025-07-24T15:29:10.685149,ETH-USDT,3737.36,3737.37,14531.0,9106.0
2025-07-24T15:29:10.688394,BTC-USDT,119061.8,119061.9,140.0,11815.0
2025-07-24T15:29:10.706101,LTC-USDT,114.35,114.37,2.0,89.0
2025-07-24T15:29:10.708761,XRP-USDT,3.2307,3.2308,59.0,129.0
2025-07-24T15:29:11.228007,SOL-USDT,188.95,188.96,0.35,1581.0
2025-07-24T15:29:11.228064,ETH-USDT,3737.36,3737.37,4240.0,28006.0
2025-07-24T15:29:11.232111,BTC-USDT,119061.8,119061.9,1337.0,12816.0
2025-07-24T15:29:11.247373,LTC-USDT,114.35,114.37,2.0,89.0
2025-07-24T15:29:11.248948,XRP-USDT,3.2307,3.2308,50.0,94.0
2025-07-24T15:29:11.680459,SOL-USDT,188.95,188.96,188.35,1178.0
2025-07-24T15:29:11.684007,ETH-USDT,3737.13,3737.14,38.0,41485.0
2025-07-24T15:29:11.687443,BTC-USDT,119061.8,119061.9,1337.0,12816.0
2025-07-24T15:29:11.706357,LTC-USDT,114.27,114.29,28.0,149.0
2025-07-24T15:29:11.707783,XRP-USDT,3.2306,3.2307,8.0,132.0
2025-07-24T15:29:12.232822,SOL-USDT,188.95,188.96,204.35,1251.0
2025-07-24T15:29:12.235897,ETH-USDT,3737.13,3737.14,10011.0,54373.0
2025-07-24T15:29:12.239524,BTC-USDT,119061.8,119061.9,272.0,11522.0
2025-07-24T15:29:12.260312,LTC-USDT,114.27,114.29,28.0,152.0
2025-07-24T15:29:12.264520,XRP-USDT,3.2306,3.2307,8.0,165.0
2025-07-24T15:29:12.685041,SOL-USDT,188.95,188.96,204.35,1251.0
2025-07-24T15:29:12.687842,ETH-USDT,3737.13,3737.14,3061.0,36071.0
2025-07-24T15:29:12.690990,BTC-USDT,119061.8,119061.9,828.1,11992.0
2025-07-24T15:29:12.715768,LTC-USDT,114.27,114.29,28.0,152.0
2025-07-24T15:29:12.715810,XRP-USDT,3.2306,3.2307,8.0,165.0
2025-07-24T15:29:13.222897,SOL-USDT,188.95,188.96,204.35,1241.47
2025-07-24T15:29:13.226263,ETH-USDT,3737.13,3737.14,3061.0,36071.0
2025-07-24T15:29:13.230069,BTC-USDT,119061.8,119061.9,828.1,11992.0
2025-07-24T15:29:13.247842,LTC-USDT,114.28,114.3,70.0,3.0
2025-07-24T15:29:13.249480,XRP-USDT,3.2306,3.2307,14.0,42.0
2025-07-24T15:29:13.681252,SOL-USDT,188.95,188.96,204.35,1338.0
2025-07-24T15:29:13.683910,ETH-USDT,3737.13,3737.14,3061.0,36071.0
2025-07-24T15:29:13.687151,BTC-USDT,119061.8,119061.9,828.1,11922.0
2025-07-24T15:29:13.705756,LTC-USDT,114.28,114.3,95.0,3.0
2025-07-24T15:29:13.705806,XRP-USDT,3.2305,3.2306,20.0,30.0
2025-07-24T15:29:14.291996,SOL-USDT,188.95,188.96,386.35,1079.0
2025-07-24T15:29:14.296406,ETH-USDT,3737.13,3737.14,17174.0,1725.0
2025-07-24T15:29:14.300330,BTC-USDT,119061.8,119061.9,1691.0,12810.0
2025-07-24T15:29:14.328825,LTC-USDT,114.28,114.3,95.0,3.0
2025-07-24T15:29:14.332195,XRP-USDT,3.2305,3.2306,20.0,30.0
2025-07-24T15:29:14.697322,SOL-USDT,188.95,188.96,386.35,1079.0
2025-07-24T15:29:14.702347,ETH-USDT,3737.13,3737.14,17174.0,1725.0
2025-07-24T15:29:14.710189,BTC-USDT,119061.8,119061.9,1691.0,12810.0
2025-07-24T15:29:14.726148,LTC-USDT,114.28,114.3,95.0,3.0
2025-07-24T15:29:14.726382,XRP-USDT,3.2305,3.2306,35.0,39.0
2025-07-24T15:29:15.232571,SOL-USDT,188.95,188.96,386.35,1079.0
2025-07-24T15:29:15.235502,ETH-USDT,3737.13,3737.14,1273.0,14598.0
2025-07-24T15:29:15.239216,BTC-USDT,119061.8,119061.9,1235.0,14367.0
2025-07-24T15:29:15.258133,LTC-USDT,114.28,114.3,4.0,82.0
2025-07-24T15:29:15.258448,XRP-USDT,3.2305,3.2306,22.0,85.0
2025-07-24T15:29:15.692302,SOL-USDT,188.86,188.88,292.0,1409.65
2025-07-24T15:29:15.692352,ETH-USDT,3736.93,3736.94,351.0,52737.0
2025-07-24T15:29:15.692384,BTC-USDT,119061.8,119061.9,1235.0,14367.0
2025-07-24T15:29:15.707052,LTC-USDT,114.28,114.3,5.0,115.0
2025-07-24T15:29:15.710021,XRP-USDT,3.2305,3.2306,22.0,85.0
2025-07-24T15:29:16.256624,SOL-USDT,188.83,188.84,263.08,926.0
2025-07-24T15:29:16.261089,ETH-USDT,3736.93,3736.94,5186.0,51084.0
2025-07-24T15:29:16.262121,BTC-USDT,119061.8,119061.9,1397.0,10106.0
2025-07-24T15:29:16.278336,LTC-USDT,114.28,114.3,1.0,115.0
2025-07-24T15:29:16.279554,XRP-USDT,3.2301,3.2302,1.0,207.0
2025-07-24T15:29:16.687759,SOL-USDT,188.83,188.84,263.08,926.0
2025-07-24T15:29:16.690756,ETH-USDT,3736.93,3736.94,5186.0,51084.0
2025-07-24T15:29:16.693485,BTC-USDT,119061.8,119061.9,1397.0,10106.0
2025-07-24T15:29:16.710111,LTC-USDT,114.28,114.3,1.0,115.0
2025-07-24T15:29:16.710989,XRP-USDT,3.2301,3.2302,35.0,136.0
2025-07-24T15:29:17.231995,SOL-USDT,188.85,188.86,512.0,47.0
2025-07-24T15:29:17.234047,ETH-USDT,3737.13,3737.14,24139.0,257.0
2025-07-24T15:29:17.237088,BTC-USDT,119061.8,119061.9,5366.0,15296.5
2025-07-24T15:29:17.253430,LTC-USDT,114.3,114.32,114.0,11.0
2025-07-24T15:29:17.254743,XRP-USDT,3.2301,3.2302,35.0,136.0
2025-07-24T15:29:17.686485,SOL-USDT,188.87,188.88,933.0,20.0
2025-07-24T15:29:17.691362,ETH-USDT,3737.06,3737.07,4008.0,11106.0
2025-07-24T15:29:17.697096,BTC-USDT,119061.8,119061.9,5491.0,9410.0
2025-07-24T15:29:17.714702,LTC-USDT,114.31,114.34,155.0,5.0
2025-07-24T15:29:17.715954,XRP-USDT,3.2301,3.2302,68.0,23.0
2025-07-24T15:29:18.221546,SOL-USDT,188.87,188.88,933.0,20.0
2025-07-24T15:29:18.224245,ETH-USDT,3737.06,3737.07,4008.0,11106.0
2025-07-24T15:29:18.228457,BTC-USDT,119061.8,119061.9,5491.0,9410.0
2025-07-24T15:29:18.245882,LTC-USDT,114.31,114.34,155.0,5.0
2025-07-24T15:29:18.245931,XRP-USDT,3.2301,3.2302,20.0,43.0
2025-07-24T15:29:18.694667,SOL-USDT,188.83,188.84,0.08,697.0
2025-07-24T15:29:18.697652,ETH-USDT,3737.06,3737.07,2549.0,16609.0
2025-07-24T15:29:18.701104,BTC-USDT,119061.8,119061.9,5491.0,9410.0
2025-07-24T15:29:18.717646,LTC-USDT,114.29,114.31,68.0,59.0
2025-07-24T15:29:18.718193,XRP-USDT,3.23,3.2301,0.01,235.0
2025-07-24T15:29:19.239948,SOL-USDT,188.83,188.84,0.08,688.0
2025-07-24T15:29:19.240065,ETH-USDT,3737.12,3737.13,20590.0,59.0
2025-07-24T15:29:19.242338,BTC-USDT,119061.8,119061.9,1390.0,7972.0
2025-07-24T15:29:19.259107,LTC-USDT,114.29,114.31,69.0,59.0
2025-07-24T15:29:19.261257,XRP-USDT,3.23,3.2301,0.01,235.0
2025-07-24T15:29:19.697725,SOL-USDT,188.83,188.84,0.08,688.0
2025-07-24T15:29:19.697766,ETH-USDT,3737.33,3737.34,70.0,51472.0
2025-07-24T15:29:19.699245,BTC-USDT,119061.8,119061.9,2417.0,8607.0
2025-07-24T15:29:19.715768,LTC-USDT,114.29,114.32,126.0,60.0
2025-07-24T15:29:19.716563,XRP-USDT,3.23,3.2301,34.01,208.0
2025-07-24T15:29:20.261173,SOL-USDT,188.83,188.84,0.08,639.0
2025-07-24T15:29:20.264914,ETH-USDT,3737.33,3737.34,70.0,51472.0
2025-07-24T15:29:20.267827,BTC-USDT,119061.8,119061.9,2417.0,8607.0
2025-07-24T15:29:20.286301,LTC-USDT,114.29,114.32,126.0,60.0
2025-07-24T15:29:20.287712,XRP-USDT,3.2298,3.23,1.0,258.0
2025-07-24T15:29:20.687222,SOL-USDT,188.83,188.84,202.08,561.0
2025-07-24T15:29:20.691049,ETH-USDT,3736.94,3736.95,82.0,34020.0
2025-07-24T15:29:20.694162,BTC-USDT,119061.8,119061.9,741.0,7048.0
2025-07-24T15:29:20.712810,LTC-USDT,114.29,114.31,32.0,78.0
2025-07-24T15:29:20.715425,XRP-USDT,3.2298,3.23,1.0,258.0
2025-07-24T15:29:21.204302,SOL-USDT,188.87,188.88,794.0,19.0
2025-07-24T15:29:21.207259,ETH-USDT,3737.39,3737.4,20701.0,117.0
2025-07-24T15:29:21.212430,BTC-USDT,119061.8,119061.9,741.0,7048.0
2025-07-24T15:29:21.227975,LTC-USDT,114.3,114.32,129.0,3.0
2025-07-24T15:29:21.230831,XRP-USDT,3.2301,3.2302,114.0,6.0
2025-07-24T15:29:21.694162,SOL-USDT,188.87,188.88,794.0,19.0
2025-07-24T15:29:21.698661,ETH-USDT,3737.39,3737.4,20701.0,117.0
2025-07-24T15:29:21.703817,BTC-USDT,119061.8,119061.9,741.0,7048.0
2025-07-24T15:29:21.728440,LTC-USDT,114.3,114.32,129.0,3.0
2025-07-24T15:29:21.730073,XRP-USDT,3.2301,3.2302,114.0,6.0
2025-07-24T15:29:22.256146,SOL-USDT,188.86,188.87,2.0,622.0
2025-07-24T15:29:22.256189,ETH-USDT,3737.39,3737.4,13557.0,8034.0
2025-07-24T15:29:22.261793,BTC-USDT,119061.8,119061.9,3481.0,6021.0
2025-07-24T15:29:22.280662,LTC-USDT,114.3,114.32,128.0,3.0
2025-07-24T15:29:22.282938,XRP-USDT,3.2301,3.2302,114.0,6.0
2025-07-24T15:29:22.687732,SOL-USDT,188.84,188.85,305.0,405.0
2025-07-24T15:29:22.687776,ETH-USDT,3737.13,3737.14,16249.0,1094.0
2025-07-24T15:29:22.697032,BTC-USDT,119061.8,119061.9,3072.0,9458.0
2025-07-24T15:29:22.708589,LTC-USDT,114.3,114.32,125.0,7.0
2025-07-24T15:29:22.710259,XRP-USDT,3.2301,3.2302,44.0,15.0
2025-07-24T15:29:23.230964,SOL-USDT,188.84,188.85,305.0,405.0
2025-07-24T15:29:23.231010,ETH-USDT,3737.13,3737.14,16249.0,1094.0
2025-07-24T15:29:23.231049,BTC-USDT,119061.8,119061.9,3072.0,9458.0
2025-07-24T15:29:23.242220,LTC-USDT,114.3,114.32,125.0,7.0
2025-07-24T15:29:23.243309,XRP-USDT,3.2301,3.2302,1.0,109.0
2025-07-24T15:29:23.688813,SOL-USDT,188.84,188.85,160.0,449.0
2025-07-24T15:29:23.692731,ETH-USDT,3736.94,3736.95,25.0,33235.0
2025-07-24T15:29:23.696645,BTC-USDT,119061.7,119061.8,1359.0,7273.0
2025-07-24T15:29:23.721929,LTC-USDT,114.3,114.32,9.0,1.0
2025-07-24T15:29:23.724062,XRP-USDT,3.2301,3.2302,1.0,109.0
2025-07-24T15:29:24.184159,SOL-USDT,188.84,188.85,160.0,449.0
2025-07-24T15:29:24.186813,ETH-USDT,3736.94,3736.95,25.0,33235.0
2025-07-24T15:29:24.199152,BTC-USDT,119061.7,119061.8,1359.0,7273.0
2025-07-24T15:29:24.207811,LTC-USDT,114.3,114.32,9.0,1.0
2025-07-24T15:29:24.207843,XRP-USDT,3.2297,3.2298,1.0,300.0
2025-07-24T15:29:24.686713,SOL-USDT,188.83,188.84,0.08,1077.0
2025-07-24T15:29:24.686763,ETH-USDT,3735.92,3735.93,13930.0,13884.0
2025-07-24T15:29:24.694959,BTC-USDT,119049.7,119049.8,116.0,12534.0
2025-07-24T15:29:24.705710,LTC-USDT,114.28,114.3,10.0,167.0
2025-07-24T15:29:24.706429,XRP-USDT,3.2295,3.2296,44.0,66.0
2025-07-24T15:29:25.207455,SOL-USDT,188.91,188.92,759.0,28.0
2025-07-24T15:29:25.207500,ETH-USDT,3736.93,3736.94,11222.0,5015.0
2025-07-24T15:29:25.215460,BTC-USDT,119049.7,119049.8,1831.0,16126.0
2025-07-24T15:29:25.224594,LTC-USDT,114.3,114.33,101.0,9.0
2025-07-24T15:29:25.230092,XRP-USDT,3.2295,3.2296,44.0,66.0
2025-07-24T15:29:25.700804,SOL-USDT,188.91,188.92,759.0,28.0
2025-07-24T15:29:25.707464,ETH-USDT,3736.92,3736.94,1630.6,13428.0
2025-07-24T15:29:25.708127,BTC-USDT,119049.7,119049.8,5115.0,13890.0
2025-07-24T15:29:25.725247,LTC-USDT,114.3,114.33,101.0,9.0
2025-07-24T15:29:25.725985,XRP-USDT,3.2299,3.23,43.0,80.0
2025-07-24T15:29:26.240412,SOL-USDT,188.91,188.92,759.0,28.0
2025-07-24T15:29:26.243960,ETH-USDT,3736.92,3736.94,1630.6,13428.0
2025-07-24T15:29:26.249729,BTC-USDT,119049.7,119049.8,5115.0,13890.0
2025-07-24T15:29:26.271543,LTC-USDT,114.3,114.33,113.0,23.0
2025-07-24T15:29:26.271631,XRP-USDT,3.2299,3.23,82.0,130.0
2025-07-24T15:29:26.699555,SOL-USDT,188.91,188.92,818.0,67.0
2025-07-24T15:29:26.702793,ETH-USDT,3736.92,3736.94,1630.6,13428.0
2025-07-24T15:29:26.706346,BTC-USDT,119049.7,119049.8,5126.0,13890.0
2025-07-24T15:29:26.722518,LTC-USDT,114.3,114.32,87.0,21.0
2025-07-24T15:29:26.723736,XRP-USDT,3.2299,3.23,13.98,86.0
2025-07-24T15:29:27.259416,SOL-USDT,188.96,188.97,759.0,208.0
2025-07-24T15:29:27.262406,ETH-USDT,3736.83,3736.84,214.0,26947.0
2025-07-24T15:29:27.266325,BTC-USDT,119049.7,119049.8,4751.0,9496.0
2025-07-24T15:29:27.280891,LTC-USDT,114.3,114.32,92.0,24.0
2025-07-24T15:29:27.282552,XRP-USDT,3.2299,3.23,51.0,30.0
2025-07-24T15:29:27.689278,SOL-USDT,188.96,188.97,759.0,208.0
2025-07-24T15:29:27.692488,ETH-USDT,3736.83,3736.84,13099.0,18254.0
2025-07-24T15:29:27.695036,BTC-USDT,119049.7,119049.8,7116.0,8176.0
2025-07-24T15:29:27.712174,LTC-USDT,114.3,114.32,92.0,24.0
2025-07-24T15:29:27.712348,XRP-USDT,3.2299,3.23,51.0,30.0
2025-07-24T15:29:28.229772,SOL-USDT,189.01,189.02,935.0,32.0
2025-07-24T15:29:28.232286,ETH-USDT,3736.83,3736.84,13099.0,18254.0
2025-07-24T15:29:28.236477,BTC-USDT,119049.7,119049.8,7116.0,8176.0
2025-07-24T15:29:28.254287,LTC-USDT,114.31,114.34,87.0,26.0
2025-07-24T15:29:28.254576,XRP-USDT,3.2302,3.2303,84.0,1.0
2025-07-24T15:29:28.688837,SOL-USDT,189.03,189.04,406.0,107.0
2025-07-24T15:29:28.689982,ETH-USDT,3736.83,3736.84,13099.0,18254.0
2025-07-24T15:29:28.694527,BTC-USDT,119049.7,119049.8,7968.0,10578.0
2025-07-24T15:29:28.710671,LTC-USDT,114.31,114.33,113.0,67.0
2025-07-24T15:29:28.710712,XRP-USDT,3.2308,3.2309,53.0,5.0
2025-07-24T15:29:29.267950,SOL-USDT,189.03,189.04,856.0,61.0
2025-07-24T15:29:29.271717,ETH-USDT,3736.83,3736.84,18377.0,3493.0
2025-07-24T15:29:29.271753,BTC-USDT,119049.7,119049.8,7970.0,10578.0
2025-07-24T15:29:29.287426,LTC-USDT,114.31,114.33,131.0,3.0
2025-07-24T15:29:29.289409,XRP-USDT,3.2308,3.2309,125.71,1.0
2025-07-24T15:29:29.688312,SOL-USDT,189.03,189.04,856.0,61.0
2025-07-24T15:29:29.698312,ETH-USDT,3736.83,3736.84,12786.1,5254.0
2025-07-24T15:29:29.698360,BTC-USDT,119049.7,119049.8,7299.0,12453.0
2025-07-24T15:29:29.710007,LTC-USDT,114.31,114.33,133.0,3.0
2025-07-24T15:29:29.711445,XRP-USDT,3.2308,3.2309,125.71,1.0
2025-07-24T15:29:30.237741,SOL-USDT,189.05,189.06,931.0,24.0
2025-07-24T15:29:30.245328,ETH-USDT,3736.83,3736.84,12786.1,5254.0
2025-07-24T15:29:30.245383,BTC-USDT,119049.7,119049.8,7299.0,12453.0
2025-07-24T15:29:30.260136,LTC-USDT,114.31,114.33,133.0,3.0
2025-07-24T15:29:30.261124,XRP-USDT,3.2306,3.2307,1.0,41.0
2025-07-24T15:29:30.686121,SOL-USDT,189.04,189.05,119.0,653.0
2025-07-24T15:29:30.687183,ETH-USDT,3736.4,3736.41,182.0,21592.0
2025-07-24T15:29:30.690484,BTC-USDT,119049.7,119049.8,7299.0,12453.0
2025-07-24T15:29:30.706751,LTC-USDT,114.31,114.33,30.0,101.0
2025-07-24T15:29:30.707537,XRP-USDT,3.2304,3.2305,12.0,116.0
2025-07-24T15:29:31.180803,SOL-USDT,189.05,189.06,442.0,429.0
2025-07-24T15:29:31.183971,ETH-USDT,3736.4,3736.41,14040.0,3338.0
2025-07-24T15:29:31.186688,BTC-USDT,119049.7,119049.8,4854.0,9323.0
2025-07-24T15:29:31.203255,LTC-USDT,114.31,114.33,33.0,105.0
2025-07-24T15:29:31.204055,XRP-USDT,3.2304,3.2305,4.0,114.0
2025-07-24T15:29:31.691733,SOL-USDT,189.05,189.06,494.0,131.0
2025-07-24T15:29:31.697013,ETH-USDT,3736.4,3736.41,15228.0,12725.0
2025-07-24T15:29:31.698723,BTC-USDT,119049.7,119049.8,7298.0,8017.0
2025-07-24T15:29:31.730031,LTC-USDT,114.31,114.34,7.0,139.0
2025-07-24T15:29:31.730126,XRP-USDT,3.2304,3.2305,4.0,114.0
2025-07-24T15:29:32.214401,SOL-USDT,189.05,189.06,494.0,131.0
2025-07-24T15:29:32.216786,ETH-USDT,3736.4,3736.41,15228.0,12725.0
2025-07-24T15:29:32.220994,BTC-USDT,119049.7,119049.8,7298.0,8017.0
2025-07-24T15:29:32.236056,LTC-USDT,114.31,114.34,7.0,139.0
2025-07-24T15:29:32.238836,XRP-USDT,3.23,3.2304,1.0,164.0
2025-07-24T15:29:32.691962,SOL-USDT,189.07,189.08,399.0,425.0
2025-07-24T15:29:32.692002,ETH-USDT,3736.4,3736.41,15228.0,12516.5
2025-07-24T15:29:32.692035,BTC-USDT,119049.7,119049.8,7298.0,8017.0
2025-07-24T15:29:32.707846,LTC-USDT,114.31,114.34,5.0,141.0
2025-07-24T15:29:32.709091,XRP-USDT,3.2297,3.2298,1.0,107.0
2025-07-24T15:29:33.274057,SOL-USDT,189.07,189.08,114.0,478.0
2025-07-24T15:29:33.277059,ETH-USDT,3736.4,3736.41,11188.0,9714.0
2025-07-24T15:29:33.279851,BTC-USDT,119049.7,119049.8,8644.0,8264.0
2025-07-24T15:29:33.307408,LTC-USDT,114.31,114.34,92.0,31.0
2025-07-24T15:29:33.307451,XRP-USDT,3.2297,3.2298,5.0,223.0
2025-07-24T15:29:33.682452,SOL-USDT,189.07,189.08,114.0,478.0
2025-07-24T15:29:33.684751,ETH-USDT,3737.38,3737.39,61411.0,653.0
2025-07-24T15:29:33.689541,BTC-USDT,119049.7,119049.8,8091.0,8462.0
2025-07-24T15:29:33.703831,LTC-USDT,114.31,114.34,92.0,31.0
2025-07-24T15:29:33.705945,XRP-USDT,3.2297,3.2298,5.0,223.0
2025-07-24T15:29:34.224639,SOL-USDT,189.13,189.14,931.0,71.0
2025-07-24T15:29:34.225930,ETH-USDT,3737.38,3737.39,61411.0,653.0
2025-07-24T15:29:34.228050,BTC-USDT,119049.7,119049.8,8091.0,8462.0
2025-07-24T15:29:34.244337,LTC-USDT,114.32,114.34,92.0,20.0
2025-07-24T15:29:34.245173,XRP-USDT,3.23,3.2301,81.0,6.0
2025-07-24T15:29:34.684994,SOL-USDT,189.09,189.1,111.0,733.83
2025-07-24T15:29:34.687035,ETH-USDT,3737.55,3737.56,34051.0,288.0
2025-07-24T15:29:34.691089,BTC-USDT,119049.7,119049.8,9439.0,2801.0
2025-07-24T15:29:34.706358,LTC-USDT,114.34,114.35,8.0,249.0
2025-07-24T15:29:34.707776,XRP-USDT,3.2302,3.2303,87.0,6.0
2025-07-24T15:29:35.234204,SOL-USDT,189.08,189.09,185.0,222.0
2025-07-24T15:29:35.234782,ETH-USDT,3737.55,3737.56,19577.0,4588.0
2025-07-24T15:29:35.238401,BTC-USDT,119049.7,119049.8,9439.0,2801.0
2025-07-24T15:29:35.255199,LTC-USDT,114.35,114.38,77.0,73.0
2025-07-24T15:29:35.255235,XRP-USDT,3.2302,3.2303,84.0,19.0
2025-07-24T15:29:35.681545,SOL-USDT,189.08,189.09,185.0,222.0
2025-07-24T15:29:35.684308,ETH-USDT,3737.55,3737.56,19577.0,4588.0
2025-07-24T15:29:35.687302,BTC-USDT,119049.7,119049.8,9439.0,2801.0
2025-07-24T15:29:35.704870,LTC-USDT,114.35,114.38,77.0,73.0
2025-07-24T15:29:35.704920,XRP-USDT,3.2302,3.2303,84.0,19.0
2025-07-24T15:29:36.255270,SOL-USDT,189.06,189.07,182.0,840.0
2025-07-24T15:29:36.257229,ETH-USDT,3737.29,3737.3,4702.0,12360.0
2025-07-24T15:29:36.262031,BTC-USDT,119049.7,119049.8,7838.0,4366.0
2025-07-24T15:29:36.280626,LTC-USDT,114.33,114.36,75.0,160.0
2025-07-24T15:29:36.280779,XRP-USDT,3.23,3.2301,8.0,66.0
2025-07-24T15:29:36.686072,SOL-USDT,189.03,189.04,349.29,267.0
2025-07-24T15:29:36.689845,ETH-USDT,3736.36,3736.37,98.0,28830.0
2025-07-24T15:29:36.692913,BTC-USDT,119049.7,119049.8,50.0,8779.0
2025-07-24T15:29:36.712768,LTC-USDT,114.33,114.34,1.0,114.0
2025-07-24T15:29:36.714901,XRP-USDT,3.2289,3.229,1.0,205.0
2025-07-24T15:29:37.223754,SOL-USDT,189.03,189.04,349.29,267.0
2025-07-24T15:29:37.229216,ETH-USDT,3736.31,3736.32,2058.0,33264.0
2025-07-24T15:29:37.233386,BTC-USDT,119049.7,119049.8,50.0,8779.0
2025-07-24T15:29:37.259217,LTC-USDT,114.31,114.34,3.0,116.0
2025-07-24T15:29:37.259269,XRP-USDT,3.2289,3.229,1.0,205.0
2025-07-24T15:29:37.688232,SOL-USDT,189.03,189.04,341.29,1522.0
2025-07-24T15:29:37.690923,ETH-USDT,3736.31,3736.32,2058.0,33264.0
2025-07-24T15:29:37.722024,BTC-USDT,119049.7,119049.8,50.0,8779.0
2025-07-24T15:29:37.722065,LTC-USDT,114.31,114.34,3.0,116.0
2025-07-24T15:29:37.722098,XRP-USDT,3.2289,3.229,2.23,77.0
2025-07-24T15:29:38.223155,SOL-USDT,189.04,189.05,1093.0,3.0
2025-07-24T15:29:38.226153,ETH-USDT,3736.81,3736.82,11321.0,17234.0
2025-07-24T15:29:38.231937,BTC-USDT,119049.4,119049.5,49.0,10645.0
2025-07-24T15:29:38.253746,LTC-USDT,114.31,114.33,14.0,121.0
2025-07-24T15:29:38.254764,XRP-USDT,3.2289,3.229,151.0,2.0
2025-07-24T15:29:38.691356,SOL-USDT,189.04,189.05,1155.0,2.0
2025-07-24T15:29:38.693806,ETH-USDT,3736.94,3736.95,11654.0,26367.0
2025-07-24T15:29:38.698151,BTC-USDT,119049.4,119049.5,7830.0,8552.0
2025-07-24T15:29:38.721742,LTC-USDT,114.31,114.33,123.0,21.0
2025-07-24T15:29:38.721796,XRP-USDT,3.2294,3.2295,81.0,1.0
2025-07-24T15:29:39.280379,SOL-USDT,189.04,189.05,1155.0,2.0
2025-07-24T15:29:39.283786,ETH-USDT,3736.35,3736.36,6555.0,21733.0
2025-07-24T15:29:39.286044,BTC-USDT,119049.4,119049.5,7830.0,8551.9
2025-07-24T15:29:39.307141,LTC-USDT,114.31,114.33,123.0,21.0
2025-07-24T15:29:39.307194,XRP-USDT,3.2294,3.2295,81.0,1.0
2025-07-24T15:29:39.705043,SOL-USDT,189.03,189.04,169.29,987.0
2025-07-24T15:29:39.707121,ETH-USDT,3736.35,3736.36,6555.0,21733.0
2025-07-24T15:29:39.710642,BTC-USDT,119049.4,119049.5,7830.0,8551.9
2025-07-24T15:29:39.726657,LTC-USDT,114.31,114.32,3.0,105.0
2025-07-24T15:29:39.727734,XRP-USDT,3.2285,3.2286,0.01,224.0
2025-07-24T15:29:40.208810,SOL-USDT,188.98,188.99,465.0,53.0
2025-07-24T15:29:40.210485,ETH-USDT,3736.13,3736.14,175.0,16382.0
2025-07-24T15:29:40.214423,BTC-USDT,119049.2,119049.3,116.0,15076.0
2025-07-24T15:29:40.231580,LTC-USDT,114.29,114.31,1.0,215.0
2025-07-24T15:29:40.232742,XRP-USDT,3.2282,3.2283,2.43,291.0
2025-07-24T15:29:40.702106,SOL-USDT,188.98,188.99,461.06,53.0
2025-07-24T15:29:40.703015,ETH-USDT,3735.82,3735.83,0.1,1310.0
2025-07-24T15:29:40.706172,BTC-USDT,119049.2,119049.3,158.0,9974.0
2025-07-24T15:29:40.726431,LTC-USDT,114.28,114.31,131.0,201.0
2025-07-24T15:29:40.726474,XRP-USDT,3.2282,3.2283,2.43,291.0
2025-07-24T15:29:41.238753,SOL-USDT,188.98,188.99,461.06,53.0
2025-07-24T15:29:41.242283,ETH-USDT,3735.82,3735.83,0.1,1310.0
2025-07-24T15:29:41.243598,BTC-USDT,119049.2,119049.3,158.0,9974.0
2025-07-24T15:29:41.260264,LTC-USDT,114.28,114.31,131.0,201.0
2025-07-24T15:29:41.261903,XRP-USDT,3.2282,3.2283,25.43,205.0
