timestamp,symbol,bid,ask,bid_vol,ask_vol
2025-07-24T15:28:39.252957,BTC-USDT,119010.01,119010.02,0.19344,1.03972
2025-07-24T15:28:39.253123,ETH-USDT,3743.39,3743.4,0.5716,1.068
2025-07-24T15:28:39.253160,SOL-USDT,189.34,189.35,2.861,6.187
2025-07-24T15:28:39.253186,ETH-USDT,3743.29,3743.3,1.5707,4.151
2025-07-24T15:28:39.253219,XRP-USDT,3.2371,3.2372,1.0,1.0
2025-07-24T15:28:39.253257,LTC-USDT,114.434,114.436,0.011,0.011
2025-07-24T15:28:39.255918,BTC-USDT,119010.01,119010.02,0.0126,1.03972
2025-07-24T15:28:39.310580,SOL-USDT,189.34,189.35,2.639,8.723
2025-07-24T15:28:39.376580,ETH-USDT,3743.13,3743.19,0.0004,1.8266
2025-07-24T15:28:39.389518,XRP-USDT,3.237,3.2372,1053.0,1.0
2025-07-24T15:28:39.564979,BTC-USDT,119010.0,119010.01,0.0402,1.03307
2025-07-24T15:28:39.615386,SOL-USDT,189.31,189.32,2.753,1.977
2025-07-24T15:28:39.677364,ETH-USDT,3743.13,3743.14,0.0004,3.6183
2025-07-24T15:28:39.689918,LTC-USDT,114.434,114.436,0.011,0.011
2025-07-24T15:28:39.690322,XRP-USDT,3.237,3.2371,1053.0,1.0
2025-07-24T15:28:39.911477,SOL-USDT,189.3,189.31,0.056,14.587
2025-07-24T15:28:39.977992,ETH-USDT,3743.13,3743.14,0.0004,3.3433
2025-07-24T15:28:39.993287,XRP-USDT,3.2364,3.2365,1.0,1.0
2025-07-24T15:28:39.995411,LTC-USDT,114.414,114.425,0.011,0.852
2025-07-24T15:28:40.214005,SOL-USDT,189.3,189.31,0.05,21.63
2025-07-24T15:28:40.278274,ETH-USDT,3742.8,3742.81,1.068,3.483
2025-07-24T15:28:40.292055,LTC-USDT,114.414,114.425,0.011,0.011
2025-07-24T15:28:40.513138,SOL-USDT,189.3,189.31,0.05,0.2
2025-07-24T15:28:40.582220,ETH-USDT,3742.8,3742.81,1.5861,0.4
2025-07-24T15:28:40.591764,XRP-USDT,3.2364,3.2365,464.4,1.0
2025-07-24T15:28:40.812882,SOL-USDT,189.3,189.31,0.05,0.697
2025-07-24T15:28:40.892391,XRP-USDT,3.2364,3.2365,1.0,1.0
2025-07-24T15:28:40.893322,LTC-USDT,114.414,114.421,0.011,0.841
2025-07-24T15:28:41.063041,BTC-USDT,119010.0,119010.01,0.04272,1.03307
2025-07-24T15:28:41.114131,SOL-USDT,189.3,189.31,0.05,11.268
2025-07-24T15:28:41.179500,ETH-USDT,3742.8,3742.81,0.2431,4.0473
2025-07-24T15:28:41.193993,XRP-USDT,3.2361,3.2362,1.0,1.0
2025-07-24T15:28:41.415299,SOL-USDT,189.3,189.31,0.05,12.374
2025-07-24T15:28:41.482164,ETH-USDT,3742.8,3742.81,0.2431,3.7723
2025-07-24T15:28:41.494535,XRP-USDT,3.2361,3.2362,963.0,1.0
2025-07-24T15:28:41.495580,LTC-USDT,114.414,114.425,0.011,0.011
2025-07-24T15:28:41.661686,BTC-USDT,119010.0,119010.01,0.0402,1.03307
2025-07-24T15:28:41.714813,SOL-USDT,189.28,189.29,2.705,15.443
2025-07-24T15:28:41.794592,XRP-USDT,3.2352,3.2353,1.0,1.0
2025-07-24T15:28:41.796122,LTC-USDT,114.414,114.421,0.011,0.841
2025-07-24T15:28:42.016710,SOL-USDT,189.28,189.29,0.05,12.195
2025-07-24T15:28:42.083437,ETH-USDT,3742.45,3742.46,1.2434,3.8459
2025-07-24T15:28:42.097259,XRP-USDT,3.2352,3.2353,1.0,1.0
2025-07-24T15:28:42.316529,SOL-USDT,189.28,189.29,0.05,12.754
2025-07-24T15:28:42.381752,ETH-USDT,3742.45,3742.46,0.7434,5.3646
2025-07-24T15:28:42.397422,XRP-USDT,3.2352,3.2353,1.0,1.0
2025-07-24T15:28:42.398882,LTC-USDT,114.404,114.415,0.011,0.011
2025-07-24T15:28:42.563702,BTC-USDT,119002.0,119002.01,0.0402,1.07456
2025-07-24T15:28:42.617354,SOL-USDT,189.26,189.27,2.696,6.237
2025-07-24T15:28:42.698367,XRP-USDT,3.235,3.2352,1.0,1.0
2025-07-24T15:28:42.924715,SOL-USDT,189.26,189.28,2.696,8.8
2025-07-24T15:28:42.982843,ETH-USDT,3742.59,3742.6,4.358,1.168
2025-07-24T15:28:43.000337,LTC-USDT,114.394,114.405,0.011,0.852
2025-07-24T15:28:43.165446,BTC-USDT,119002.0,119002.01,0.2072,0.67418
2025-07-24T15:28:43.222688,SOL-USDT,189.27,189.28,0.05,6.187
2025-07-24T15:28:43.283455,ETH-USDT,3742.0,3742.01,1.068,3.483
2025-07-24T15:28:43.298980,XRP-USDT,3.2342,3.2351,773.2,1.0
2025-07-24T15:28:43.300849,LTC-USDT,114.394,114.405,0.011,0.011
2025-07-24T15:28:43.466087,BTC-USDT,119002.0,119002.01,0.1272,0.81886
2025-07-24T15:28:43.519800,SOL-USDT,189.26,189.27,0.05,6.237
2025-07-24T15:28:43.583995,ETH-USDT,3742.0,3742.01,1.068,3.6546
2025-07-24T15:28:43.599880,XRP-USDT,3.2352,3.2353,1.0,1.0
2025-07-24T15:28:43.602001,LTC-USDT,114.394,114.405,0.885,0.011
2025-07-24T15:28:43.768973,BTC-USDT,119002.0,119002.01,0.12972,0.81886
2025-07-24T15:28:43.820995,SOL-USDT,189.26,189.27,0.05,7.79
2025-07-24T15:28:43.884834,ETH-USDT,3741.8,3741.81,1.068,3.1643
2025-07-24T15:28:43.907006,LTC-USDT,114.394,114.401,0.011,0.841
2025-07-24T15:28:44.067918,BTC-USDT,119002.0,119002.01,0.12972,0.67418
2025-07-24T15:28:44.121384,SOL-USDT,189.26,189.27,0.05,0.497
2025-07-24T15:28:44.184831,ETH-USDT,3741.9,3741.91,1.068,3.483
2025-07-24T15:28:44.200966,XRP-USDT,3.2354,3.2356,1.0,1.0
2025-07-24T15:28:44.368215,BTC-USDT,119002.0,119002.01,0.20972,0.67418
2025-07-24T15:28:44.423645,SOL-USDT,189.27,189.28,0.05,12.293
2025-07-24T15:28:44.485180,ETH-USDT,3741.22,3741.23,12.0,3.083
2025-07-24T15:28:44.501762,XRP-USDT,3.235,3.2356,149.2,1.0
2025-07-24T15:28:44.503959,LTC-USDT,114.394,114.405,0.011,0.011
2025-07-24T15:28:44.669291,BTC-USDT,119002.0,119002.01,0.04272,0.81886
2025-07-24T15:28:44.723012,SOL-USDT,189.22,189.23,2.69,6.435
2025-07-24T15:28:44.786261,ETH-USDT,3741.3,3741.31,2.8916,4.9644
2025-07-24T15:28:44.803232,XRP-USDT,3.2352,3.2353,1.0,1.0
2025-07-24T15:28:44.806338,LTC-USDT,114.394,114.401,0.011,0.841
2025-07-24T15:28:45.026146,SOL-USDT,189.21,189.22,0.05,16.179
2025-07-24T15:28:45.087807,ETH-USDT,3741.01,3741.02,3.3963,0.1
2025-07-24T15:28:45.103495,XRP-USDT,3.235,3.2351,0.4,1.0
2025-07-24T15:28:45.324036,SOL-USDT,189.21,189.22,0.05,15.682
2025-07-24T15:28:45.387250,ETH-USDT,3740.8,3740.91,1.068,3.6486
2025-07-24T15:28:45.406400,LTC-USDT,114.394,114.405,0.011,0.011
2025-07-24T15:28:45.624833,SOL-USDT,189.21,189.22,0.05,20.682
2025-07-24T15:28:45.687645,ETH-USDT,3740.7,3740.71,1.068,3.483
2025-07-24T15:28:45.705091,XRP-USDT,3.2344,3.2346,1.0,1.0
2025-07-24T15:28:45.707321,LTC-USDT,114.384,114.395,0.011,0.011
2025-07-24T15:28:45.872434,BTC-USDT,119002.0,119002.01,0.0402,0.81886
2025-07-24T15:28:45.925697,SOL-USDT,189.16,189.17,0.05,13.529
2025-07-24T15:28:45.989762,ETH-USDT,3740.4,3740.41,1.343,0.4
2025-07-24T15:28:46.009478,XRP-USDT,3.2342,3.2343,1.0,1.0
2025-07-24T15:28:46.009517,LTC-USDT,114.364,114.375,0.011,0.852
2025-07-24T15:28:46.180019,BTC-USDT,118996.0,118996.01,0.0402,1.17138
2025-07-24T15:28:46.228000,SOL-USDT,189.16,189.17,0.05,16.539
2025-07-24T15:28:46.290793,ETH-USDT,3740.3,3740.31,1.068,3.083
2025-07-24T15:28:46.306849,XRP-USDT,3.233,3.2331,1.0,1.0
2025-07-24T15:28:46.310542,LTC-USDT,114.344,114.355,0.011,0.011
2025-07-24T15:28:46.474231,BTC-USDT,118996.0,118996.01,0.0402,1.1714
2025-07-24T15:28:46.527538,SOL-USDT,189.16,189.17,0.05,16.042
2025-07-24T15:28:46.590817,ETH-USDT,3740.3,3740.31,1.068,3.483
2025-07-24T15:28:46.607898,XRP-USDT,3.2335,3.2336,1.0,1.0
2025-07-24T15:28:46.828994,SOL-USDT,189.16,189.17,0.05,21.503
2025-07-24T15:28:46.892888,ETH-USDT,3740.3,3740.31,1.343,0.4
2025-07-24T15:28:46.908043,XRP-USDT,3.2335,3.2344,1.0,100.0
2025-07-24T15:28:46.918721,LTC-USDT,114.344,114.351,0.011,0.841
2025-07-24T15:28:47.129371,SOL-USDT,189.12,189.13,0.05,13.683
2025-07-24T15:28:47.192406,ETH-USDT,3740.26,3740.27,1.5014,2.2076
2025-07-24T15:28:47.209485,XRP-USDT,3.2341,3.2342,1.0,1.0
2025-07-24T15:28:47.376731,BTC-USDT,118996.0,118996.01,0.04272,1.00642
2025-07-24T15:28:47.430353,SOL-USDT,189.12,189.13,0.05,14.289
2025-07-24T15:28:47.493085,ETH-USDT,3740.29,3740.3,3.083,1.068
2025-07-24T15:28:47.516494,LTC-USDT,114.344,114.355,0.011,0.011
2025-07-24T15:28:47.794383,ETH-USDT,3740.29,3740.3,3.1364,1.618
2025-07-24T15:28:47.816492,LTC-USDT,114.344,114.351,0.885,0.841
2025-07-24T15:28:48.030678,SOL-USDT,189.12,189.13,0.05,19.75
2025-07-24T15:28:48.094768,ETH-USDT,3740.29,3740.3,3.358,0.9825
2025-07-24T15:28:48.111012,XRP-USDT,3.2341,3.2343,1.0,1.0
2025-07-24T15:28:48.117405,LTC-USDT,114.344,114.351,0.011,0.841
2025-07-24T15:28:48.278692,BTC-USDT,118996.0,118996.01,0.0402,1.00642
2025-07-24T15:28:48.334263,SOL-USDT,189.12,189.13,0.05,14.289
2025-07-24T15:28:48.394711,ETH-USDT,3740.29,3740.3,0.5423,2.7895
2025-07-24T15:28:48.421565,LTC-USDT,114.344,114.355,0.885,0.011
2025-07-24T15:28:48.578760,BTC-USDT,118996.0,118996.01,0.0402,1.00642
2025-07-24T15:28:48.632074,SOL-USDT,189.12,189.13,0.05,14.31
2025-07-24T15:28:48.695858,ETH-USDT,3740.29,3740.3,0.5957,0.9825
2025-07-24T15:28:48.713577,XRP-USDT,3.2346,3.2347,1.0,1.0
2025-07-24T15:28:48.719197,LTC-USDT,114.344,114.346,0.011,0.011
2025-07-24T15:28:48.933640,SOL-USDT,189.12,189.13,0.05,24.771
2025-07-24T15:28:48.997532,ETH-USDT,3740.29,3740.3,0.2673,0.8061
2025-07-24T15:28:49.015291,XRP-USDT,3.2345,3.2347,1.0,1.0
2025-07-24T15:28:49.299722,ETH-USDT,3740.29,3740.3,0.2673,7.4121
2025-07-24T15:28:49.322028,LTC-USDT,114.344,114.346,0.885,0.011
2025-07-24T15:28:49.481454,BTC-USDT,118996.0,118996.01,0.0528,0.83772
2025-07-24T15:28:49.535702,SOL-USDT,189.12,189.13,13.007,7.016
2025-07-24T15:28:49.598992,ETH-USDT,3740.49,3740.5,3.995,1.1012
2025-07-24T15:28:49.614827,XRP-USDT,3.235,3.2352,1.0,1.0
2025-07-24T15:28:49.626519,LTC-USDT,114.345,114.356,0.885,0.011
2025-07-24T15:28:49.782226,BTC-USDT,118996.0,118996.01,0.04272,0.87926
2025-07-24T15:28:49.836021,SOL-USDT,189.12,189.13,0.05,7.513
2025-07-24T15:28:49.899704,ETH-USDT,3740.49,3740.5,0.4,9.704
2025-07-24T15:28:49.924143,LTC-USDT,114.349,114.356,0.841,0.011
2025-07-24T15:28:50.199558,ETH-USDT,3740.49,3740.5,0.6673,1.1012
2025-07-24T15:28:50.384366,BTC-USDT,118996.0,118996.01,0.56418,0.17006
2025-07-24T15:28:50.436957,SOL-USDT,189.17,189.18,6.237,0.2
2025-07-24T15:28:50.499750,ETH-USDT,3741.29,3741.3,15.9807,0.02
2025-07-24T15:28:50.518871,XRP-USDT,3.2356,3.2373,230.2,16.7
2025-07-24T15:28:50.526261,LTC-USDT,114.313,114.39,2.092,0.021
2025-07-24T15:28:50.685372,BTC-USDT,118996.0,118996.01,0.79203,0.04156
2025-07-24T15:28:50.738672,SOL-USDT,189.17,189.18,6.293,0.2
2025-07-24T15:28:50.802153,ETH-USDT,3741.69,3741.7,11.084,1.075
2025-07-24T15:28:50.818202,XRP-USDT,3.2361,3.2362,1.0,1.0
2025-07-24T15:28:50.826194,LTC-USDT,114.389,114.39,0.852,0.021
2025-07-24T15:28:51.038626,SOL-USDT,189.18,189.19,14.754,0.497
2025-07-24T15:28:51.102400,ETH-USDT,3742.29,3742.3,3.083,1.068
2025-07-24T15:28:51.120783,XRP-USDT,3.2361,3.2363,1.0,1.0
2025-07-24T15:28:51.128358,LTC-USDT,114.389,114.406,1.726,0.011
2025-07-24T15:28:51.342731,SOL-USDT,189.21,189.22,14.437,0.2
2025-07-24T15:28:51.403329,ETH-USDT,3742.49,3742.5,11.629,0.9505
2025-07-24T15:28:51.431019,LTC-USDT,114.424,114.426,0.011,0.011
2025-07-24T15:28:51.587485,BTC-USDT,119007.9,119007.91,0.88389,2e-05
2025-07-24T15:28:51.640480,SOL-USDT,189.27,189.28,5.69,0.01
2025-07-24T15:28:51.704430,ETH-USDT,3743.59,3743.6,11.524,1.068
2025-07-24T15:28:51.720468,XRP-USDT,3.237,3.2377,111.4,151.7
2025-07-24T15:28:51.732328,LTC-USDT,114.444,114.446,0.011,0.011
2025-07-24T15:28:51.891426,BTC-USDT,119019.76,119019.77,1.11041,0.03902
2025-07-24T15:28:51.941413,SOL-USDT,189.3,189.31,4.26,5.83
2025-07-24T15:28:52.005162,ETH-USDT,3743.89,3743.9,11.617,1.068
2025-07-24T15:28:52.022144,XRP-USDT,3.2376,3.2377,1.0,51.7
2025-07-24T15:28:52.031813,LTC-USDT,114.474,114.476,0.011,0.011
2025-07-24T15:28:52.189692,BTC-USDT,119032.54,119032.55,0.71843,0.05416
2025-07-24T15:28:52.241774,SOL-USDT,189.3,189.31,0.05,6.327
2025-07-24T15:28:52.305015,ETH-USDT,3743.89,3743.9,8.0,3.093
2025-07-24T15:28:52.491253,BTC-USDT,119043.99,119044.0,0.0126,0.0402
2025-07-24T15:28:52.543192,SOL-USDT,189.3,189.31,6.12,5.83
2025-07-24T15:28:52.605903,ETH-USDT,3743.89,3743.9,12.4,3.101
2025-07-24T15:28:52.624550,XRP-USDT,3.2379,3.238,1.0,1.0
2025-07-24T15:28:52.638046,LTC-USDT,114.474,114.476,0.011,0.011
2025-07-24T15:28:52.790568,BTC-USDT,119043.99,119044.0,0.48268,0.04022
2025-07-24T15:28:52.843969,SOL-USDT,189.3,189.31,6.12,5.78
2025-07-24T15:28:52.906983,ETH-USDT,3743.89,3743.9,12.4,1.343
2025-07-24T15:28:52.925094,XRP-USDT,3.2383,3.2384,1.0,1.0
2025-07-24T15:28:53.107235,BTC-USDT,119043.99,119044.0,0.49768,0.04022
2025-07-24T15:28:53.144278,SOL-USDT,189.3,189.31,11.407,0.497
2025-07-24T15:28:53.208274,ETH-USDT,3743.89,3743.9,12.4,0.9398
2025-07-24T15:28:53.445487,SOL-USDT,189.31,189.32,4.26,0.547
2025-07-24T15:28:53.700132,BTC-USDT,119043.99,119044.0,0.49768,0.4532
2025-07-24T15:28:53.745625,SOL-USDT,189.29,189.3,0.05,21.995
2025-07-24T15:28:53.809186,ETH-USDT,3743.3,3743.31,1.468,15.083
2025-07-24T15:28:53.826744,XRP-USDT,3.2379,3.238,1.0,1.0
2025-07-24T15:28:53.838787,LTC-USDT,114.474,114.476,0.011,0.011
2025-07-24T15:28:53.995344,BTC-USDT,119043.99,119044.0,0.42,0.57208
2025-07-24T15:28:54.054011,SOL-USDT,189.29,189.3,0.05,22.492
2025-07-24T15:28:54.110764,ETH-USDT,3743.3,3743.31,1.468,14.8652
2025-07-24T15:28:54.295583,BTC-USDT,119043.99,119044.0,0.42,0.35256
2025-07-24T15:28:54.365567,SOL-USDT,189.29,189.3,0.05,12.097
2025-07-24T15:28:54.411512,ETH-USDT,3743.3,3743.31,0.4,14.8652
2025-07-24T15:28:54.595805,BTC-USDT,119043.99,119044.0,0.42,0.49724
2025-07-24T15:28:54.647644,SOL-USDT,189.29,189.3,0.05,18.844
2025-07-24T15:28:54.714378,ETH-USDT,3742.9,3742.91,4.151,15.083
2025-07-24T15:28:54.730470,XRP-USDT,3.2375,3.2376,1.0,1.0
2025-07-24T15:28:54.742489,LTC-USDT,114.396,114.476,3.591,0.011
2025-07-24T15:28:54.948064,SOL-USDT,189.29,189.3,0.05,15.124
2025-07-24T15:28:55.012292,ETH-USDT,3742.8,3742.81,2.3986,15.083
2025-07-24T15:28:55.029974,XRP-USDT,3.2365,3.2376,293.4,1.0
2025-07-24T15:28:55.046034,LTC-USDT,114.454,114.456,0.011,0.011
2025-07-24T15:28:55.197760,BTC-USDT,119043.99,119044.0,0.42,0.35256
2025-07-24T15:28:55.249144,SOL-USDT,189.27,189.28,0.05,4.044
2025-07-24T15:28:55.312752,ETH-USDT,3742.8,3742.81,5.3066,12.0
2025-07-24T15:28:55.330977,XRP-USDT,3.2367,3.2368,1.0,1.0
2025-07-24T15:28:55.345306,LTC-USDT,114.444,114.455,0.011,0.011
2025-07-24T15:28:55.499172,BTC-USDT,119043.99,119044.0,0.45,0.49724
2025-07-24T15:28:55.549689,SOL-USDT,189.27,189.28,0.05,10.897
2025-07-24T15:28:55.612933,ETH-USDT,3742.8,3742.81,3.7879,12.0
2025-07-24T15:28:55.800045,BTC-USDT,119043.99,119044.0,0.42,0.49724
2025-07-24T15:28:55.850205,SOL-USDT,189.27,189.28,0.05,12.45
2025-07-24T15:28:55.914565,ETH-USDT,3742.8,3742.81,3.8413,12.0
2025-07-24T15:28:55.948383,LTC-USDT,114.444,114.451,0.011,0.841
2025-07-24T15:28:56.110936,BTC-USDT,119043.99,119044.0,0.42,0.50732
2025-07-24T15:28:56.214565,ETH-USDT,3742.8,3742.81,2.7193,12.0
2025-07-24T15:28:56.235089,XRP-USDT,3.2367,3.2368,1.0,1.0
2025-07-24T15:28:56.457445,SOL-USDT,189.27,189.28,0.05,10.523
2025-07-24T15:28:56.515289,ETH-USDT,3742.8,3742.81,5.057,12.0
2025-07-24T15:28:56.538268,XRP-USDT,3.2368,3.2372,770.6,1404.8
2025-07-24T15:28:56.551110,LTC-USDT,114.395,114.5,3.177,2.127
2025-07-24T15:28:56.702547,BTC-USDT,119043.99,119044.0,0.42,0.50732
2025-07-24T15:28:56.752261,SOL-USDT,189.27,189.28,0.05,11.953
2025-07-24T15:28:56.818177,ETH-USDT,3742.8,3742.81,0.2673,12.0
2025-07-24T15:28:56.837238,XRP-USDT,3.2371,3.2372,595.2,1.0
2025-07-24T15:28:56.851084,LTC-USDT,114.444,114.446,0.011,0.011
2025-07-24T15:28:57.004098,BTC-USDT,119043.99,119044.0,0.42,0.4658
2025-07-24T15:28:57.053078,SOL-USDT,189.22,189.23,2.691,3.887
2025-07-24T15:28:57.117306,ETH-USDT,3742.8,3742.81,3.3503,12.0
2025-07-24T15:28:57.305172,BTC-USDT,119043.99,119044.0,0.42,0.50731
2025-07-24T15:28:57.354235,SOL-USDT,189.22,189.23,3.008,9.579
2025-07-24T15:28:57.419947,ETH-USDT,3742.8,3742.81,4.4183,12.0
2025-07-24T15:28:57.606495,BTC-USDT,119043.99,119044.0,0.42,0.50731
2025-07-24T15:28:57.662266,SOL-USDT,189.22,189.23,10.24,3.0
2025-07-24T15:28:57.718664,ETH-USDT,3742.8,3742.81,4.4717,12.0
2025-07-24T15:28:57.740054,XRP-USDT,3.2371,3.2372,595.2,1.0
2025-07-24T15:28:57.762666,LTC-USDT,114.444,114.446,0.011,0.011
2025-07-24T15:28:57.956162,SOL-USDT,189.22,189.23,7.815,3.497
2025-07-24T15:28:58.022395,ETH-USDT,3743.39,3743.4,13.146,0.618
2025-07-24T15:28:58.041784,XRP-USDT,3.2372,3.2373,596.2,1.0
2025-07-24T15:28:58.257122,SOL-USDT,189.22,189.23,11.762,3.697
2025-07-24T15:28:58.319875,ETH-USDT,3743.39,3743.4,12.1675,2.7733
2025-07-24T15:28:58.509592,BTC-USDT,119043.99,119044.0,0.5,0.50731
2025-07-24T15:28:58.557137,SOL-USDT,189.22,189.23,6.951,3.2
2025-07-24T15:28:58.865033,SOL-USDT,189.22,189.23,10.898,3.697
2025-07-24T15:28:58.921527,ETH-USDT,3743.39,3743.4,12.1675,2.4983
2025-07-24T15:28:58.944244,XRP-USDT,3.2373,3.2382,178.9,100.0
2025-07-24T15:28:59.159593,SOL-USDT,189.22,189.23,11.656,3.697
2025-07-24T15:28:59.223061,ETH-USDT,3743.39,3743.4,12.1675,0.5313
2025-07-24T15:28:59.247595,XRP-USDT,3.2376,3.2377,596.2,1.0
2025-07-24T15:28:59.459359,SOL-USDT,189.22,189.23,11.656,3.2
2025-07-24T15:28:59.523056,ETH-USDT,3743.39,3743.4,12.1675,2.2983
2025-07-24T15:28:59.545976,XRP-USDT,3.2376,3.2377,596.2,1.0
2025-07-24T15:28:59.564234,LTC-USDT,114.444,114.446,0.011,0.011
2025-07-24T15:28:59.713672,BTC-USDT,119043.99,119044.0,0.5,0.50731
2025-07-24T15:28:59.760199,SOL-USDT,189.22,189.23,2.691,3.747
2025-07-24T15:28:59.823949,ETH-USDT,3742.8,3742.81,2.5867,8.8653
2025-07-24T15:29:00.062377,SOL-USDT,189.22,189.23,2.691,5.3
2025-07-24T15:29:00.129133,ETH-USDT,3742.6,3742.61,1.068,3.083
2025-07-24T15:29:00.152512,XRP-USDT,3.2376,3.2377,596.2,1.0
2025-07-24T15:29:00.170125,LTC-USDT,114.402,114.446,3.944,0.011
2025-07-24T15:29:00.316772,BTC-USDT,119028.0,119028.01,0.0402,0.5858
2025-07-24T15:29:00.366429,SOL-USDT,189.18,189.19,4.904,9.237
2025-07-24T15:29:00.426154,ETH-USDT,3742.39,3742.4,0.4504,3.1675
2025-07-24T15:29:00.455813,XRP-USDT,3.2353,3.236,99.9,372.2
2025-07-24T15:29:00.474996,LTC-USDT,114.424,114.477,0.011,2.092
2025-07-24T15:29:00.617500,BTC-USDT,119020.0,119020.01,0.0402,0.598
2025-07-24T15:29:00.668285,SOL-USDT,189.11,189.12,0.05,14.074
2025-07-24T15:29:00.731058,ETH-USDT,3741.65,3741.66,0.0004,5.5912
2025-07-24T15:29:00.751510,XRP-USDT,3.2345,3.2346,160.8,1.0
2025-07-24T15:29:00.774327,LTC-USDT,114.424,114.426,0.011,0.011
2025-07-24T15:29:00.969733,SOL-USDT,189.08,189.09,0.05,9.237
2025-07-24T15:29:01.057994,XRP-USDT,3.2343,3.2344,1.0,1.0
2025-07-24T15:29:01.074581,LTC-USDT,114.404,114.406,0.011,0.011
2025-07-24T15:29:01.267240,SOL-USDT,189.08,189.09,0.05,8.497
2025-07-24T15:29:01.332108,ETH-USDT,3741.34,3741.39,0.275,2.0995
2025-07-24T15:29:01.356025,XRP-USDT,3.2344,3.236,372.2,371.2
2025-07-24T15:29:01.389664,LTC-USDT,114.405,114.416,0.011,0.011
2025-07-24T15:29:01.522638,BTC-USDT,119020.0,119020.01,0.1272,0.24149
2025-07-24T15:29:01.570329,SOL-USDT,189.11,189.12,6.287,0.2
2025-07-24T15:29:01.629732,ETH-USDT,3742.01,3742.09,1.72,0.275
2025-07-24T15:29:01.657732,XRP-USDT,3.2353,3.2354,1.0,1.0
2025-07-24T15:29:01.678491,LTC-USDT,114.414,114.416,0.011,0.011
2025-07-24T15:29:01.826434,BTC-USDT,119020.0,119020.01,0.1272,0.24151
2025-07-24T15:29:01.874569,SOL-USDT,189.11,189.12,6.287,0.697
2025-07-24T15:29:02.019917,ETH-USDT,3742.09,3742.1,3.083,1.068
2025-07-24T15:29:02.135119,BTC-USDT,119020.0,119020.01,0.3759,0.20002
2025-07-24T15:29:02.237072,ETH-USDT,3742.0,3742.01,1.068,3.083
2025-07-24T15:29:02.428107,BTC-USDT,119020.0,119020.01,0.2889,0.24151
2025-07-24T15:29:02.468698,SOL-USDT,189.11,189.12,6.293,0.2
2025-07-24T15:29:02.534113,ETH-USDT,3742.09,3742.1,3.492,1.068
2025-07-24T15:29:02.558009,XRP-USDT,3.2353,3.2363,1.0,141.2
2025-07-24T15:29:02.581054,LTC-USDT,114.414,114.416,0.011,0.011
2025-07-24T15:29:02.725869,BTC-USDT,119020.0,119020.01,0.2889,0.24151
2025-07-24T15:29:02.769797,SOL-USDT,189.16,189.17,0.05,2.177
2025-07-24T15:29:02.834169,ETH-USDT,3742.0,3742.01,1.068,3.083
2025-07-24T15:29:02.858739,XRP-USDT,3.2356,3.2357,1.0,1.0
2025-07-24T15:29:03.052568,BTC-USDT,119020.0,119020.01,0.0402,0.24151
2025-07-24T15:29:03.079284,SOL-USDT,189.16,189.17,0.05,10.824
2025-07-24T15:29:03.134705,ETH-USDT,3741.9,3741.91,0.2671,4.9457
2025-07-24T15:29:03.163480,XRP-USDT,3.2353,3.2354,1.0,1.0
2025-07-24T15:29:03.327690,BTC-USDT,119020.0,119020.01,0.0402,0.25781
2025-07-24T15:29:03.372571,SOL-USDT,189.16,189.17,0.05,10.327
2025-07-24T15:29:03.628568,BTC-USDT,119020.0,119020.01,0.0402,0.40249
2025-07-24T15:29:03.681691,SOL-USDT,189.16,189.17,0.05,15.327
2025-07-24T15:29:03.736499,ETH-USDT,3741.4,3741.41,3.1014,12.4
2025-07-24T15:29:03.761955,XRP-USDT,3.2351,3.2353,1.0,1.0
2025-07-24T15:29:03.798773,LTC-USDT,114.414,114.416,0.011,0.011
2025-07-24T15:29:03.930787,BTC-USDT,119020.0,119020.01,0.0402,0.40501
2025-07-24T15:29:03.972664,SOL-USDT,189.16,189.17,0.05,27.769
2025-07-24T15:29:04.063344,XRP-USDT,3.2348,3.235,1.0,1.0
2025-07-24T15:29:04.231354,BTC-USDT,119020.0,119020.01,0.0402,0.43189
2025-07-24T15:29:04.274346,SOL-USDT,189.16,189.17,0.05,22.308
2025-07-24T15:29:04.339283,ETH-USDT,3741.2,3741.21,3.0432,15.483
2025-07-24T15:29:04.364167,XRP-USDT,3.2348,3.235,525.4,50.4
2025-07-24T15:29:04.535016,BTC-USDT,119020.0,119020.01,0.0402,0.43187
2025-07-24T15:29:04.638739,ETH-USDT,3741.2,3741.21,0.3206,15.483
2025-07-24T15:29:04.664586,XRP-USDT,3.2347,3.2349,1.0,1.0
2025-07-24T15:29:04.691378,LTC-USDT,114.404,114.415,0.011,0.011
2025-07-24T15:29:04.832486,BTC-USDT,119020.0,119020.01,0.0402,0.43189
2025-07-24T15:29:04.874221,SOL-USDT,189.12,189.13,0.597,1.554
2025-07-24T15:29:04.938402,ETH-USDT,3741.2,3741.21,1.6636,12.4
2025-07-24T15:29:04.966247,XRP-USDT,3.2344,3.2349,0.4,49.4
2025-07-24T15:29:04.992535,LTC-USDT,114.404,114.411,0.011,0.841
2025-07-24T15:29:05.133704,BTC-USDT,119018.0,119018.01,0.0402,1.05234
2025-07-24T15:29:05.179869,SOL-USDT,189.12,189.13,0.05,13.716
2025-07-24T15:29:05.239126,ETH-USDT,3741.2,3741.21,1.3352,12.4
2025-07-24T15:29:05.266300,XRP-USDT,3.2345,3.2346,1.0,467.7
2025-07-24T15:29:05.295024,LTC-USDT,114.404,114.415,0.011,0.011
2025-07-24T15:29:05.433539,BTC-USDT,119018.0,119018.01,0.0402,1.05239
2025-07-24T15:29:05.476751,SOL-USDT,189.12,189.13,0.05,6.982
2025-07-24T15:29:05.539476,ETH-USDT,3741.2,3741.21,1.9786,12.4
2025-07-24T15:29:05.567958,XRP-USDT,3.2345,3.2346,1.0,50.4
2025-07-24T15:29:05.594772,LTC-USDT,114.356,114.474,3.496,1.828
2025-07-24T15:29:05.734184,BTC-USDT,119018.0,119018.01,0.0402,1.05241
2025-07-24T15:29:05.776875,SOL-USDT,189.12,189.13,0.05,13.716
2025-07-24T15:29:05.841231,ETH-USDT,3741.2,3741.21,3.0462,12.4
2025-07-24T15:29:05.867953,XRP-USDT,3.2345,3.2346,2522.5,1.0
2025-07-24T15:29:05.897926,LTC-USDT,114.404,114.406,0.011,0.011
2025-07-24T15:29:06.035301,BTC-USDT,119018.0,119018.01,0.0402,1.0939
2025-07-24T15:29:06.142539,ETH-USDT,3741.2,3741.21,1.7566,12.4
2025-07-24T15:29:06.168360,XRP-USDT,3.2345,3.2346,2001.0,1.0
2025-07-24T15:29:06.336697,BTC-USDT,119016.0,119016.01,0.0402,1.10366
2025-07-24T15:29:06.378904,SOL-USDT,189.12,189.13,0.05,12.162
2025-07-24T15:29:06.442497,ETH-USDT,3741.2,3741.21,2.8246,12.4
2025-07-24T15:29:06.640542,BTC-USDT,119016.0,119016.01,0.0364,1.10366
2025-07-24T15:29:06.679160,SOL-USDT,189.12,189.13,0.05,13.219
2025-07-24T15:29:06.771597,XRP-USDT,3.2345,3.2346,2000.0,0.1
2025-07-24T15:29:06.979721,SOL-USDT,189.12,189.13,0.05,13.716
2025-07-24T15:29:07.280560,SOL-USDT,189.12,189.13,0.05,12.162
2025-07-24T15:29:07.581555,SOL-USDT,189.12,189.13,0.05,13.219
2025-07-24T15:29:07.671967,XRP-USDT,3.2345,3.2346,2000.0,1.0
2025-07-24T15:29:07.703172,LTC-USDT,114.414,114.416,0.011,0.011
2025-07-24T15:29:07.839032,BTC-USDT,119016.0,119016.01,0.0364,1.10368
2025-07-24T15:29:07.882989,SOL-USDT,189.12,189.13,0.05,13.716
2025-07-24T15:29:07.946574,ETH-USDT,3741.2,3741.21,1.7566,12.4
2025-07-24T15:29:07.972914,XRP-USDT,3.2345,3.2346,2000.0,1.0
2025-07-24T15:29:08.182945,SOL-USDT,189.12,189.13,0.05,13.916
2025-07-24T15:29:08.246312,ETH-USDT,3741.2,3741.21,1.3886,12.4
2025-07-24T15:29:08.275376,XRP-USDT,3.2345,3.2346,2000.0,1.0
2025-07-24T15:29:08.486656,SOL-USDT,189.12,189.13,0.05,13.419
2025-07-24T15:29:08.547501,ETH-USDT,3741.2,3741.21,0.3206,12.4
2025-07-24T15:29:08.575925,XRP-USDT,3.2345,3.2346,2000.0,1.0
2025-07-24T15:29:08.605564,LTC-USDT,114.414,114.416,0.011,0.011
2025-07-24T15:29:08.747598,BTC-USDT,119016.0,119016.01,0.0364,1.10368
2025-07-24T15:29:08.784502,SOL-USDT,189.1,189.11,0.057,16.528
2025-07-24T15:29:08.848555,ETH-USDT,3740.8,3740.81,2.668,15.083
2025-07-24T15:29:08.887135,XRP-USDT,3.2345,3.2346,1628.0,1080.6
2025-07-24T15:29:09.044523,BTC-USDT,119016.0,119016.01,0.0364,1.11207
2025-07-24T15:29:09.085366,SOL-USDT,189.1,189.11,0.057,21.528
2025-07-24T15:29:09.148885,ETH-USDT,3740.8,3740.81,2.668,15.083
2025-07-24T15:29:09.184394,XRP-USDT,3.2337,3.2342,1.0,172.2
2025-07-24T15:29:09.206840,LTC-USDT,114.394,114.405,0.011,0.852
2025-07-24T15:29:09.396020,SOL-USDT,189.1,189.11,0.057,21.031
2025-07-24T15:29:09.449901,ETH-USDT,3740.8,3740.81,0.0534,15.083
2025-07-24T15:29:09.479142,XRP-USDT,3.2337,3.2342,1179.0,172.2
2025-07-24T15:29:09.508312,LTC-USDT,114.394,114.405,0.011,0.011
2025-07-24T15:29:09.686500,SOL-USDT,189.08,189.09,0.05,16.18
2025-07-24T15:29:09.750005,ETH-USDT,3740.5,3740.51,4.6983,12.0
2025-07-24T15:29:09.780248,XRP-USDT,3.2335,3.2336,1.0,1.0
2025-07-24T15:29:09.809344,LTC-USDT,114.379,114.391,0.841,0.841
2025-07-24T15:29:09.986551,SOL-USDT,189.08,189.09,0.05,32.726
2025-07-24T15:29:10.050404,ETH-USDT,3740.5,3740.51,3.0983,12.0
2025-07-24T15:29:10.111553,LTC-USDT,114.384,114.391,0.011,0.841
2025-07-24T15:29:10.288122,SOL-USDT,189.08,189.09,0.05,32.229
2025-07-24T15:29:10.380765,XRP-USDT,3.2335,3.2336,1179.0,1.0
2025-07-24T15:29:10.411882,LTC-USDT,114.384,114.395,0.011,0.011
2025-07-24T15:29:10.547834,BTC-USDT,119016.0,119016.01,0.0364,1.11207
2025-07-24T15:29:10.590810,SOL-USDT,189.08,189.09,0.05,19.745
2025-07-24T15:29:10.655589,ETH-USDT,3740.5,3740.51,0.2689,13.3917
2025-07-24T15:29:10.683852,XRP-USDT,3.2334,3.2337,1.0,1.0
2025-07-24T15:29:10.712890,LTC-USDT,114.374,114.385,0.011,0.011
2025-07-24T15:29:10.889560,SOL-USDT,189.02,189.03,0.056,3.351
2025-07-24T15:29:10.952166,ETH-USDT,3740.5,3740.51,0.0017,13.3917
2025-07-24T15:29:11.013995,LTC-USDT,114.364,114.375,0.011,0.852
2025-07-24T15:29:11.190820,SOL-USDT,189.02,189.03,4.31,3.456
2025-07-24T15:29:11.265792,ETH-USDT,3740.5,3740.51,0.0017,13.3917
2025-07-24T15:29:11.283648,XRP-USDT,3.2334,3.2337,1179.0,50.4
2025-07-24T15:29:11.316548,LTC-USDT,114.364,114.375,0.011,0.011
2025-07-24T15:29:11.490849,SOL-USDT,189.02,189.03,4.31,2.959
2025-07-24T15:29:11.587466,XRP-USDT,3.2334,3.2335,1179.0,1.0
2025-07-24T15:29:11.616973,LTC-USDT,114.332,114.405,0.874,2.092
2025-07-24T15:29:11.753019,BTC-USDT,119016.0,119016.01,0.0364,1.11207
2025-07-24T15:29:11.792169,SOL-USDT,189.02,189.03,9.697,3.456
2025-07-24T15:29:11.853766,ETH-USDT,3740.5,3740.51,0.0551,13.3917
2025-07-24T15:29:11.887533,XRP-USDT,3.2334,3.2335,1179.0,1.0
2025-07-24T15:29:11.925064,LTC-USDT,114.364,114.366,0.011,0.011
2025-07-24T15:29:12.092432,SOL-USDT,189.02,189.03,4.857,9.955
2025-07-24T15:29:12.154225,ETH-USDT,3740.5,3740.51,1.0697,13.3917
2025-07-24T15:29:12.187639,XRP-USDT,3.2334,3.2335,1.0,1.0
2025-07-24T15:29:12.354849,BTC-USDT,119015.09,119015.1,2e-05,1.13473
2025-07-24T15:29:12.394130,SOL-USDT,189.02,189.03,4.31,9.458
2025-07-24T15:29:12.455012,ETH-USDT,3740.5,3740.51,0.3224,13.3917
2025-07-24T15:29:12.519905,LTC-USDT,114.332,114.419,0.874,3.167
2025-07-24T15:29:12.654395,BTC-USDT,119014.01,119014.02,0.01208,1.10848
2025-07-24T15:29:12.694512,SOL-USDT,189.02,189.03,9.697,2.959
2025-07-24T15:29:12.755943,ETH-USDT,3740.5,3740.51,4.4734,13.3917
2025-07-24T15:29:12.790304,XRP-USDT,3.2334,3.2335,1.0,1.0
2025-07-24T15:29:12.819942,LTC-USDT,114.364,114.366,0.011,0.011
2025-07-24T15:29:12.995519,SOL-USDT,189.02,189.03,10.014,3.456
2025-07-24T15:29:13.056780,ETH-USDT,3740.5,3740.51,3.042,13.3917
2025-07-24T15:29:13.089177,XRP-USDT,3.2333,3.2335,1114.9,1.0
2025-07-24T15:29:13.263004,BTC-USDT,119014.01,119014.02,0.21313,0.74846
2025-07-24T15:29:13.295903,SOL-USDT,189.02,189.03,9.361,2.959
2025-07-24T15:29:13.357405,ETH-USDT,3740.5,3740.51,3.0962,13.3917
2025-07-24T15:29:13.388975,XRP-USDT,3.2334,3.2335,1.0,1.0
2025-07-24T15:29:13.556672,BTC-USDT,119014.01,119014.02,0.21313,0.7745
2025-07-24T15:29:13.596869,SOL-USDT,189.02,189.03,9.914,2.959
2025-07-24T15:29:13.688416,ETH-USDT,3740.5,3740.51,3.184,13.3061
2025-07-24T15:29:13.701231,XRP-USDT,3.2334,3.2335,1.0,1.0
2025-07-24T15:29:13.724334,LTC-USDT,114.364,114.366,0.011,0.011
2025-07-24T15:29:13.898175,SOL-USDT,189.02,189.03,0.056,3.456
2025-07-24T15:29:13.959834,ETH-USDT,3740.5,3740.51,0.324,13.0876
2025-07-24T15:29:13.993082,XRP-USDT,3.233,3.2331,1.0,1.0
2025-07-24T15:29:14.159885,BTC-USDT,119014.01,119014.02,0.20053,0.91918
2025-07-24T15:29:14.198113,SOL-USDT,189.02,189.03,0.056,5.061
2025-07-24T15:29:14.261426,ETH-USDT,3740.5,3740.51,0.2706,13.0876
2025-07-24T15:29:14.501360,SOL-USDT,189.02,189.03,0.056,4.564
2025-07-24T15:29:14.599814,XRP-USDT,3.233,3.2331,1176.0,1.0
2025-07-24T15:29:14.627888,LTC-USDT,114.364,114.366,0.011,0.011
2025-07-24T15:29:14.773246,BTC-USDT,119014.01,119014.02,0.20053,0.91918
2025-07-24T15:29:14.803181,SOL-USDT,188.96,188.97,0.05,3.676
2025-07-24T15:29:14.862704,ETH-USDT,3740.29,3740.3,8.223,15.443
2025-07-24T15:29:14.900683,XRP-USDT,3.2328,3.233,1.0,1.0
2025-07-24T15:29:15.069540,BTC-USDT,119014.01,119014.02,2e-05,0.91918
2025-07-24T15:29:15.100321,SOL-USDT,188.96,188.97,0.05,15.827
2025-07-24T15:29:15.362145,BTC-USDT,119014.01,119014.02,0.00102,0.92757
2025-07-24T15:29:15.401204,SOL-USDT,188.96,188.97,0.05,15.33
2025-07-24T15:29:15.465903,ETH-USDT,3740.29,3740.3,8.223,13.468
2025-07-24T15:29:15.495021,XRP-USDT,3.2328,3.233,1176.0,1.0
2025-07-24T15:29:15.529722,LTC-USDT,114.332,114.413,3.853,2.142
2025-07-24T15:29:15.662103,BTC-USDT,119014.01,119014.02,0.20838,0.92757
2025-07-24T15:29:15.701670,SOL-USDT,188.96,188.97,0.05,16.76
2025-07-24T15:29:15.763829,ETH-USDT,3740.29,3740.3,8.2764,13.522
2025-07-24T15:29:15.795796,XRP-USDT,3.2327,3.2328,0.4,1.0
2025-07-24T15:29:15.830951,LTC-USDT,114.364,114.366,0.011,0.011
2025-07-24T15:29:16.003353,SOL-USDT,188.96,188.97,13.89,14.022
2025-07-24T15:29:16.065113,ETH-USDT,3740.79,3740.8,3.534,1.068
2025-07-24T15:29:16.095962,XRP-USDT,3.2328,3.2329,1.0,1.0
2025-07-24T15:29:16.132940,LTC-USDT,114.364,114.366,0.011,0.011
2025-07-24T15:29:16.303662,SOL-USDT,188.99,189.01,5.69,0.2
2025-07-24T15:29:16.364239,ETH-USDT,3740.79,3740.8,2.0867,1.068
2025-07-24T15:29:16.396464,XRP-USDT,3.2328,3.2329,1176.0,1.0
2025-07-24T15:29:16.435034,LTC-USDT,114.375,114.386,0.011,0.011
2025-07-24T15:29:16.564159,BTC-USDT,119014.01,119014.02,0.25128,0.7745
2025-07-24T15:29:16.603925,SOL-USDT,189.01,189.02,5.74,0.2
2025-07-24T15:29:16.667424,ETH-USDT,3740.79,3740.8,2.0333,1.068
2025-07-24T15:29:16.737140,LTC-USDT,114.385,114.396,0.011,0.011
2025-07-24T15:29:16.867534,BTC-USDT,119014.01,119014.02,0.20838,0.7745
2025-07-24T15:29:16.904698,SOL-USDT,189.01,189.02,0.05,7.042
2025-07-24T15:29:16.966643,ETH-USDT,3740.52,3740.6,12.4,1.122
2025-07-24T15:29:17.034589,LTC-USDT,114.389,114.396,0.841,0.011
2025-07-24T15:29:17.176435,BTC-USDT,119014.01,119014.02,0.20838,0.74844
2025-07-24T15:29:17.208268,SOL-USDT,189.01,189.02,0.05,7.042
2025-07-24T15:29:17.267561,ETH-USDT,3740.49,3740.5,3.083,2.204
2025-07-24T15:29:17.337301,LTC-USDT,114.385,114.396,0.011,0.011
2025-07-24T15:29:17.466136,BTC-USDT,119014.01,119014.02,0.2109,0.74844
2025-07-24T15:29:17.506446,SOL-USDT,189.01,189.02,0.05,6.545
2025-07-24T15:29:17.567283,ETH-USDT,3740.49,3740.5,3.1364,2.204
2025-07-24T15:29:17.599413,XRP-USDT,3.2328,3.2329,1.0,44.3
2025-07-24T15:29:17.643364,LTC-USDT,114.394,114.396,0.011,0.011
2025-07-24T15:29:17.767970,BTC-USDT,119014.01,119014.02,0.20838,0.89564
2025-07-24T15:29:17.808036,SOL-USDT,188.92,188.93,0.2,1.044
2025-07-24T15:29:17.869252,ETH-USDT,3740.41,3740.42,0.0017,5.3187
2025-07-24T15:29:17.919223,XRP-USDT,3.2327,3.2328,0.4,1.0
2025-07-24T15:29:18.067746,BTC-USDT,119014.01,119014.02,0.20838,0.75096
2025-07-24T15:29:18.107952,SOL-USDT,188.92,188.93,12.66,0.497
2025-07-24T15:29:18.169081,ETH-USDT,3740.59,3740.6,3.083,1.122
2025-07-24T15:29:18.422195,SOL-USDT,188.95,188.96,5.74,9.745
2025-07-24T15:29:18.469022,ETH-USDT,3740.59,3740.6,3.083,2.88
2025-07-24T15:29:18.506549,XRP-USDT,3.2327,3.2328,150.4,1.0
2025-07-24T15:29:18.708666,SOL-USDT,188.95,188.96,5.74,0.2
2025-07-24T15:29:18.772794,ETH-USDT,3740.79,3740.8,9.358,1.122
2025-07-24T15:29:18.802729,XRP-USDT,3.2328,3.2329,1.0,1.0
2025-07-24T15:29:18.840244,LTC-USDT,114.394,114.396,0.011,0.011
2025-07-24T15:29:19.010114,SOL-USDT,188.96,188.97,5.74,0.697
2025-07-24T15:29:19.071530,ETH-USDT,3740.6,3740.61,0.0962,3.083
2025-07-24T15:29:19.270673,BTC-USDT,119014.01,119014.02,0.20838,0.91916
2025-07-24T15:29:19.311842,SOL-USDT,188.96,188.97,0.05,8.481
2025-07-24T15:29:19.372479,ETH-USDT,3740.41,3740.42,3.0847,2.9925
2025-07-24T15:29:19.404866,XRP-USDT,3.2324,3.2325,1176.0,1.0
2025-07-24T15:29:19.441204,LTC-USDT,114.394,114.396,0.011,0.011
2025-07-24T15:29:19.610783,SOL-USDT,188.96,188.97,0.05,9.911
2025-07-24T15:29:19.673018,ETH-USDT,3740.41,3740.42,3.0847,4.5112
2025-07-24T15:29:19.747106,LTC-USDT,114.384,114.395,0.011,0.011
2025-07-24T15:29:19.913946,SOL-USDT,188.96,188.97,0.05,7.92
2025-07-24T15:29:19.973791,ETH-USDT,3740.49,3740.5,3.083,1.122
2025-07-24T15:29:20.044151,LTC-USDT,114.384,114.391,0.011,0.841
2025-07-24T15:29:20.213302,SOL-USDT,188.96,188.97,5.74,7.745
2025-07-24T15:29:20.274079,ETH-USDT,3740.49,3740.5,3.083,1.397
2025-07-24T15:29:20.345062,LTC-USDT,114.384,114.395,0.011,0.011
2025-07-24T15:29:20.475917,BTC-USDT,119014.01,119014.02,0.20838,0.78287
2025-07-24T15:29:20.513632,SOL-USDT,189.0,189.01,13.89,5.29
2025-07-24T15:29:20.575509,ETH-USDT,3740.69,3740.7,3.534,1.122
2025-07-24T15:29:20.607668,XRP-USDT,3.2329,3.233,1.0,1.0
2025-07-24T15:29:20.814995,SOL-USDT,189.0,189.01,5.74,6.786
2025-07-24T15:29:20.876493,ETH-USDT,3740.69,3740.7,3.5874,1.122
2025-07-24T15:29:20.946165,LTC-USDT,114.384,114.391,0.011,0.841
2025-07-24T15:29:21.114376,SOL-USDT,189.0,189.01,0.05,6.334
2025-07-24T15:29:21.181839,ETH-USDT,3740.69,3740.7,3.4114,1.122
2025-07-24T15:29:21.415847,SOL-USDT,189.0,189.01,0.05,7.095
2025-07-24T15:29:21.477805,ETH-USDT,3740.69,3740.7,3.083,2.889
2025-07-24T15:29:21.549993,LTC-USDT,114.384,114.395,0.011,0.011
2025-07-24T15:29:21.717875,SOL-USDT,189.0,189.01,0.05,8.525
2025-07-24T15:29:21.810084,XRP-USDT,3.2329,3.233,1.4,1.0
2025-07-24T15:29:21.850853,LTC-USDT,114.394,114.396,0.011,0.011
2025-07-24T15:29:21.980192,BTC-USDT,119014.01,119014.02,0.20838,0.92755
2025-07-24T15:29:22.017148,SOL-USDT,189.0,189.01,0.05,8.577
2025-07-24T15:29:22.083972,ETH-USDT,3740.69,3740.7,3.638,1.122
2025-07-24T15:29:22.110020,XRP-USDT,3.2329,3.233,1.4,1.0
2025-07-24T15:29:22.318037,SOL-USDT,189.0,189.01,0.05,9.524
2025-07-24T15:29:22.379976,ETH-USDT,3740.69,3740.7,3.6914,1.122
2025-07-24T15:29:22.411043,XRP-USDT,3.2329,3.233,1.4,44.3
2025-07-24T15:29:22.618999,SOL-USDT,189.0,189.01,0.05,27.217
2025-07-24T15:29:22.680160,ETH-USDT,3740.5,3740.51,0.5696,4.8774
2025-07-24T15:29:22.712337,XRP-USDT,3.2324,3.2329,1.0,124.7
2025-07-24T15:29:22.919109,SOL-USDT,189.0,189.01,0.576,27.167
2025-07-24T15:29:22.981725,ETH-USDT,3740.5,3740.51,1.6916,1.5187
2025-07-24T15:29:23.018586,XRP-USDT,3.2324,3.2329,1.0,155.0
2025-07-24T15:29:23.220891,SOL-USDT,189.0,189.01,0.05,25.737
2025-07-24T15:29:23.281585,ETH-USDT,3740.5,3740.51,1.9589,1.5187
2025-07-24T15:29:23.312852,XRP-USDT,3.2324,3.233,383.5,415.5
2025-07-24T15:29:23.521684,SOL-USDT,188.96,188.98,0.006,13.32
2025-07-24T15:29:23.584377,ETH-USDT,3739.69,3739.7,3.4594,5.5262
2025-07-24T15:29:23.619881,XRP-USDT,3.232,3.2321,1.0,1.0
2025-07-24T15:29:23.658208,LTC-USDT,114.374,114.376,0.011,0.011
2025-07-24T15:29:23.782079,BTC-USDT,119002.0,119002.01,0.0402,0.84632
2025-07-24T15:29:23.822779,SOL-USDT,188.97,188.98,0.05,25.058
2025-07-24T15:29:23.883840,ETH-USDT,3739.59,3739.6,3.4793,5.122
2025-07-24T15:29:23.959300,LTC-USDT,114.364,114.371,0.011,0.841
2025-07-24T15:29:24.082769,BTC-USDT,119002.0,119002.01,0.0402,0.76101
2025-07-24T15:29:24.125062,SOL-USDT,189.01,189.02,4.24,10.661
2025-07-24T15:29:24.184460,ETH-USDT,3739.96,3739.97,3.7823,5.319
2025-07-24T15:29:24.215550,XRP-USDT,3.2322,3.2323,1.0,1.0
2025-07-24T15:29:24.259785,LTC-USDT,114.37,114.376,0.011,0.011
2025-07-24T15:29:24.383435,BTC-USDT,119002.0,119002.01,0.3085,0.74841
2025-07-24T15:29:24.423582,SOL-USDT,189.05,189.08,5.69,3.0
2025-07-24T15:29:24.484427,ETH-USDT,3740.33,3740.34,3.083,1.2853
2025-07-24T15:29:24.520742,XRP-USDT,3.2321,3.2332,100.0,763.1
2025-07-24T15:29:24.560749,LTC-USDT,114.346,114.413,2.092,0.05
2025-07-24T15:29:24.684820,BTC-USDT,119002.0,119002.01,0.3885,0.74843
2025-07-24T15:29:24.724114,SOL-USDT,189.05,189.08,5.69,10.613
2025-07-24T15:29:24.785763,ETH-USDT,3740.33,3740.34,3.2503,1.239
2025-07-24T15:29:24.818389,XRP-USDT,3.2326,3.2327,1.0,1.0
2025-07-24T15:29:24.861367,LTC-USDT,114.374,114.376,0.011,0.011
2025-07-24T15:29:24.985776,BTC-USDT,119002.0,119002.01,0.3085,0.74843
2025-07-24T15:29:25.031458,SOL-USDT,189.05,189.06,5.69,0.497
2025-07-24T15:29:25.098971,ETH-USDT,3740.25,3740.26,3.083,5.0017
2025-07-24T15:29:25.331299,SOL-USDT,189.06,189.08,0.547,11.87
2025-07-24T15:29:25.399539,ETH-USDT,3740.25,3740.26,3.083,3.483
2025-07-24T15:29:25.469043,LTC-USDT,114.374,114.376,0.885,0.011
2025-07-24T15:29:25.595360,BTC-USDT,119002.0,119002.01,0.3085,0.75095
2025-07-24T15:29:25.628099,SOL-USDT,189.07,189.08,12.887,0.05
2025-07-24T15:29:25.687513,ETH-USDT,3740.25,3740.26,3.5243,0.6912
2025-07-24T15:29:25.726398,XRP-USDT,3.2329,3.233,1.0,1.0
2025-07-24T15:29:25.765630,LTC-USDT,114.374,114.376,0.011,0.011
2025-07-24T15:29:25.887059,BTC-USDT,119002.0,119002.01,0.3885,0.75095
2025-07-24T15:29:25.926245,SOL-USDT,189.07,189.08,12.887,0.547
2025-07-24T15:29:26.227810,SOL-USDT,189.07,189.08,13.098,0.547
2025-07-24T15:29:26.321186,XRP-USDT,3.2329,3.233,1.0,44.3
2025-07-24T15:29:26.368799,LTC-USDT,114.374,114.376,0.885,0.011
2025-07-24T15:29:26.528762,SOL-USDT,189.07,189.08,13.104,0.05
2025-07-24T15:29:26.669594,LTC-USDT,114.394,114.396,0.011,0.011
2025-07-24T15:29:26.790591,BTC-USDT,119002.0,119002.01,0.76554,2e-05
2025-07-24T15:29:26.829498,SOL-USDT,189.12,189.13,5.69,5.711
2025-07-24T15:29:26.923115,XRP-USDT,3.2329,3.233,1.0,1.0
2025-07-24T15:29:27.091806,BTC-USDT,119002.0,119002.01,0.73169,0.04142
2025-07-24T15:29:27.129698,SOL-USDT,189.13,189.14,19.577,0.547
2025-07-24T15:29:27.392924,BTC-USDT,119002.0,119002.01,0.76169,0.04142
2025-07-24T15:29:27.430515,SOL-USDT,189.13,189.14,19.577,0.05
2025-07-24T15:29:27.492912,ETH-USDT,3740.25,3740.26,3.083,0.6912
2025-07-24T15:29:27.693174,BTC-USDT,119002.0,119002.01,0.68169,0.04142
2025-07-24T15:29:27.731441,SOL-USDT,189.13,189.14,5.69,0.05
2025-07-24T15:29:27.797736,ETH-USDT,3740.25,3740.26,3.5113,0.6912
2025-07-24T15:29:27.993929,BTC-USDT,119002.0,119002.01,0.65169,0.04142
2025-07-24T15:29:28.038577,SOL-USDT,189.18,189.19,14.237,0.747
2025-07-24T15:29:28.127474,XRP-USDT,3.2333,3.2334,1.0,1.0
2025-07-24T15:29:28.295318,BTC-USDT,119002.0,119002.01,0.67269,0.04142
2025-07-24T15:29:28.333157,SOL-USDT,189.18,189.19,14.237,0.25
2025-07-24T15:29:28.427799,XRP-USDT,3.2337,3.2338,1.0,1.0
2025-07-24T15:29:28.645753,SOL-USDT,189.17,189.19,10.33,0.05
2025-07-24T15:29:28.695342,ETH-USDT,3740.25,3740.26,5.0834,0.6912
2025-07-24T15:29:28.896850,BTC-USDT,119002.0,119002.01,0.67521,2e-05
2025-07-24T15:29:28.934211,SOL-USDT,189.17,189.19,8.2,0.547
2025-07-24T15:29:29.016815,ETH-USDT,3740.25,3740.26,3.5647,0.52
2025-07-24T15:29:29.235111,SOL-USDT,189.16,189.17,16.414,0.05
2025-07-24T15:29:29.297685,ETH-USDT,3740.29,3740.3,3.4967,7.2401
2025-07-24T15:29:29.501120,BTC-USDT,119002.0,119002.01,0.61102,0.01262
2025-07-24T15:29:29.537708,SOL-USDT,189.16,189.17,13.696,0.05
2025-07-24T15:29:29.600514,ETH-USDT,3740.17,3740.18,0.0004,14.8445
2025-07-24T15:29:29.633347,XRP-USDT,3.2332,3.2334,1.0,1.0
2025-07-24T15:29:29.839948,SOL-USDT,189.16,189.17,14.243,0.05
2025-07-24T15:29:29.934500,XRP-USDT,3.233,3.2331,1.4,1.0
2025-07-24T15:29:30.154267,SOL-USDT,189.16,189.17,13.696,0.05
2025-07-24T15:29:30.199389,ETH-USDT,3740.17,3740.18,3.0834,12.4785
2025-07-24T15:29:30.402230,BTC-USDT,119002.0,119002.01,0.62421,2e-05
2025-07-24T15:29:30.440385,SOL-USDT,189.16,189.17,14.348,0.05
2025-07-24T15:29:30.535474,XRP-USDT,3.233,3.2338,706.8,181.1
2025-07-24T15:29:30.586674,LTC-USDT,114.346,114.413,2.966,0.05
2025-07-24T15:29:30.705168,BTC-USDT,119002.36,119002.37,0.63822,0.04102
2025-07-24T15:29:30.739509,SOL-USDT,189.16,189.17,14.348,0.05
2025-07-24T15:29:30.800981,ETH-USDT,3740.17,3740.18,3.4903,12.4785
2025-07-24T15:29:30.837203,XRP-USDT,3.233,3.2331,1.4,1.0
2025-07-24T15:29:30.888591,LTC-USDT,114.394,114.396,0.011,0.011
2025-07-24T15:29:31.039499,SOL-USDT,189.17,189.18,0.006,2.047
2025-07-24T15:29:31.102552,ETH-USDT,3739.89,3739.9,3.083,16.4102
2025-07-24T15:29:31.341726,SOL-USDT,189.17,189.18,9.383,0.05
2025-07-24T15:29:31.402777,ETH-USDT,3739.89,3739.9,3.4114,13.3272
2025-07-24T15:29:31.606520,BTC-USDT,119002.36,119002.37,0.63822,0.041
2025-07-24T15:29:31.641909,SOL-USDT,189.17,189.18,9.383,0.05
2025-07-24T15:29:31.704628,ETH-USDT,3739.89,3739.9,3.4463,13.3272
2025-07-24T15:29:31.740146,XRP-USDT,3.233,3.2331,0.4,372.2
2025-07-24T15:29:31.803800,LTC-USDT,114.394,114.396,0.011,0.011
2025-07-24T15:29:31.907433,BTC-USDT,119002.36,119002.37,0.63822,0.04102
2025-07-24T15:29:31.994900,SOL-USDT,189.17,189.18,8.836,0.05
2025-07-24T15:29:32.005141,ETH-USDT,3739.89,3739.9,3.1713,13.3272
2025-07-24T15:29:32.042661,XRP-USDT,3.233,3.2331,0.4,415.5
2025-07-24T15:29:32.208701,BTC-USDT,119002.36,119002.37,0.63822,0.04102
2025-07-24T15:29:32.243554,SOL-USDT,189.17,189.18,9.383,0.05
2025-07-24T15:29:32.307321,ETH-USDT,3739.89,3739.9,3.4816,13.3272
2025-07-24T15:29:32.341578,XRP-USDT,3.2325,3.233,1.0,162.3
2025-07-24T15:29:32.543220,SOL-USDT,189.17,189.18,9.047,0.05
2025-07-24T15:29:32.606635,ETH-USDT,3739.89,3739.9,3.535,13.3272
2025-07-24T15:29:32.646829,XRP-USDT,3.2326,3.2329,0.7,165.9
2025-07-24T15:29:32.845042,SOL-USDT,189.17,189.18,19.019,0.05
2025-07-24T15:29:32.908693,ETH-USDT,3739.89,3739.9,5.0537,13.3272
2025-07-24T15:29:33.144802,SOL-USDT,189.21,189.22,30.455,0.547
2025-07-24T15:29:33.206844,ETH-USDT,3740.79,3740.8,8.825,0.6213
2025-07-24T15:29:33.244131,XRP-USDT,3.233,3.2332,1.0,1.0
2025-07-24T15:29:33.297487,LTC-USDT,114.405,114.413,0.011,0.05
2025-07-24T15:29:33.411624,BTC-USDT,119002.36,119002.37,0.66485,0.04102
2025-07-24T15:29:33.445974,SOL-USDT,189.24,189.25,6.889,0.05
2025-07-24T15:29:33.507750,ETH-USDT,3740.79,3740.8,5.9429,1.1191
2025-07-24T15:29:33.545586,XRP-USDT,3.2331,3.2332,1.0,1.0
2025-07-24T15:29:33.598913,LTC-USDT,114.412,114.413,0.011,0.05
2025-07-24T15:29:33.712080,BTC-USDT,119002.36,119002.37,0.69485,0.04102
2025-07-24T15:29:33.754481,SOL-USDT,189.2,189.23,6.803,2.613
2025-07-24T15:29:33.901523,LTC-USDT,114.412,114.413,0.852,0.05
2025-07-24T15:29:34.049269,SOL-USDT,189.19,189.2,5.696,0.597
2025-07-24T15:29:34.108634,ETH-USDT,3740.89,3740.9,8.3826,1.105
2025-07-24T15:29:34.200900,LTC-USDT,114.412,114.426,0.852,0.011
2025-07-24T15:29:34.320266,BTC-USDT,119002.36,119002.37,0.70341,0.04102
2025-07-24T15:29:34.348147,SOL-USDT,189.19,189.2,14.393,0.05
2025-07-24T15:29:34.412162,ETH-USDT,3740.89,3740.9,8.4331,1.0256
2025-07-24T15:29:34.502141,LTC-USDT,114.412,114.425,0.885,0.011
2025-07-24T15:29:34.614191,BTC-USDT,119002.36,119002.37,0.70341,0.04102
2025-07-24T15:29:34.649855,SOL-USDT,189.19,189.2,15.988,0.05
2025-07-24T15:29:34.709956,ETH-USDT,3740.89,3740.9,8.6469,1.0168
2025-07-24T15:29:34.751983,XRP-USDT,3.2331,3.2332,1.0,1.0
2025-07-24T15:29:34.802307,LTC-USDT,114.424,114.425,0.011,0.011
2025-07-24T15:29:34.954353,SOL-USDT,189.19,189.2,21.038,0.05
2025-07-24T15:29:35.012585,ETH-USDT,3740.89,3740.9,5.8719,2.7701
2025-07-24T15:29:35.215808,BTC-USDT,119002.36,119002.37,0.73253,0.04102
2025-07-24T15:29:35.250927,SOL-USDT,189.19,189.2,15.988,0.05
2025-07-24T15:29:35.311503,ETH-USDT,3740.89,3740.9,5.8719,2.7701
2025-07-24T15:29:35.349509,XRP-USDT,3.2327,3.2331,314.5,1.0
2025-07-24T15:29:35.516510,BTC-USDT,119002.36,119002.37,0.47122,0.041
2025-07-24T15:29:35.551781,SOL-USDT,189.16,189.17,0.2,0.547
2025-07-24T15:29:35.612020,ETH-USDT,3740.29,3740.3,3.083,2.8166
2025-07-24T15:29:35.650320,XRP-USDT,3.2326,3.2329,0.7,1.0
2025-07-24T15:29:35.705956,LTC-USDT,114.424,114.425,0.011,0.011
2025-07-24T15:29:35.822573,BTC-USDT,119002.36,119002.37,0.3,0.2843
2025-07-24T15:29:35.852565,SOL-USDT,189.15,189.16,0.05,20.124
2025-07-24T15:29:35.915634,ETH-USDT,3739.9,3739.91,3.0847,5.2979
2025-07-24T15:29:35.951653,XRP-USDT,3.232,3.2321,1.0,1.0
2025-07-24T15:29:36.007814,LTC-USDT,114.394,114.4,0.011,0.011
2025-07-24T15:29:36.153254,SOL-USDT,189.15,189.16,0.05,1.997
2025-07-24T15:29:36.214109,ETH-USDT,3739.9,3739.91,3.0847,4.918
2025-07-24T15:29:36.453703,SOL-USDT,189.15,189.16,0.05,2.047
2025-07-24T15:29:36.514381,ETH-USDT,3739.9,3739.91,3.0847,5.3972
2025-07-24T15:29:36.552478,XRP-USDT,3.232,3.2321,1.0,1.0
2025-07-24T15:29:36.613431,LTC-USDT,114.394,114.396,0.011,0.011
2025-07-24T15:29:36.721806,BTC-USDT,119002.36,119002.37,0.3,0.36682
2025-07-24T15:29:36.753769,SOL-USDT,189.15,189.18,0.05,8.294
2025-07-24T15:29:36.814854,ETH-USDT,3739.9,3739.91,3.0847,3.5622
2025-07-24T15:29:36.854066,XRP-USDT,3.232,3.2321,1.0,1.0
2025-07-24T15:29:37.054544,SOL-USDT,189.15,189.16,0.05,2.544
2025-07-24T15:29:37.116593,ETH-USDT,3739.9,3739.91,0.0017,6.9279
2025-07-24T15:29:37.153596,XRP-USDT,3.232,3.2321,1.0,38.1
2025-07-24T15:29:37.355725,SOL-USDT,189.15,189.16,0.05,6.607
2025-07-24T15:29:37.416988,ETH-USDT,3739.9,3739.91,3.0847,3.5622
2025-07-24T15:29:37.629938,BTC-USDT,119002.36,119002.37,0.3,0.28682
2025-07-24T15:29:37.656738,SOL-USDT,189.17,189.18,0.547,5.282
2025-07-24T15:29:37.717569,ETH-USDT,3740.16,3740.17,2.0366,0.7907
2025-07-24T15:29:37.755128,XRP-USDT,3.232,3.2321,1.0,1.0
2025-07-24T15:29:37.923348,BTC-USDT,119002.36,119002.37,0.4687,0.12802
2025-07-24T15:29:37.956720,SOL-USDT,189.17,189.18,8.837,5.779
2025-07-24T15:29:38.020244,ETH-USDT,3740.16,3740.17,3.6087,0.666
2025-07-24T15:29:38.235279,BTC-USDT,119002.36,119002.37,0.47122,0.13054
2025-07-24T15:29:38.257894,SOL-USDT,189.16,189.18,5.69,5.779
2025-07-24T15:29:38.320691,ETH-USDT,3740.16,3740.17,2.09,0.666
2025-07-24T15:29:38.532845,BTC-USDT,119002.36,119002.37,0.4687,0.13054
2025-07-24T15:29:38.561102,SOL-USDT,189.15,189.16,0.05,2.047
2025-07-24T15:29:38.619926,ETH-USDT,3739.8,3739.81,3.0834,15.083
2025-07-24T15:29:38.825551,BTC-USDT,119002.36,119002.37,0.4687,0.21054
2025-07-24T15:29:38.861025,SOL-USDT,189.15,189.16,0.05,2.101
2025-07-24T15:29:38.926257,ETH-USDT,3739.8,3739.81,3.0834,15.083
2025-07-24T15:29:38.962838,XRP-USDT,3.231,3.2317,1.0,38.0
2025-07-24T15:29:39.016961,LTC-USDT,114.389,114.396,0.841,0.011
2025-07-24T15:29:39.126087,BTC-USDT,119002.36,119002.37,0.3,0.35522
2025-07-24T15:29:39.160778,SOL-USDT,189.13,189.14,0.05,13.713
2025-07-24T15:29:39.229102,ETH-USDT,3738.7,3738.71,1.066,3.083
2025-07-24T15:29:39.260224,XRP-USDT,3.2306,3.2311,1.0,372.2
2025-07-24T15:29:39.319723,LTC-USDT,114.364,114.375,0.011,0.011
2025-07-24T15:29:39.461151,SOL-USDT,189.1,189.11,17.08,2.929
2025-07-24T15:29:39.529594,ETH-USDT,3739.09,3739.1,3.083,1.4635
2025-07-24T15:29:39.562515,XRP-USDT,3.2306,3.2307,1.0,1.0
2025-07-24T15:29:39.620562,LTC-USDT,114.364,114.366,0.011,0.011
2025-07-24T15:29:39.728325,BTC-USDT,119002.36,119002.37,0.3,0.35522
2025-07-24T15:29:39.761645,SOL-USDT,189.1,189.11,17.08,2.929
2025-07-24T15:29:39.861529,XRP-USDT,3.2307,3.2308,1.0,1.0
2025-07-24T15:29:40.062107,SOL-USDT,189.1,189.11,17.08,3.426
2025-07-24T15:29:40.123687,ETH-USDT,3739.09,3739.1,3.4734,1.8625
2025-07-24T15:29:40.330036,BTC-USDT,119002.36,119002.37,0.3,0.36361
2025-07-24T15:29:40.366875,SOL-USDT,189.14,189.16,0.547,0.01
2025-07-24T15:29:40.426645,ETH-USDT,3739.86,3739.87,2.4465,3.498
2025-07-24T15:29:40.463069,XRP-USDT,3.2313,3.2314,1.0,1.0
2025-07-24T15:29:40.523866,LTC-USDT,114.328,114.425,2.092,2.103
2025-07-24T15:29:40.630067,BTC-USDT,119002.36,119002.37,0.4687,0.13893
2025-07-24T15:29:40.663698,SOL-USDT,189.14,189.15,8.885,0.05
2025-07-24T15:29:40.724792,ETH-USDT,3740.19,3740.2,3.358,1.4797
2025-07-24T15:29:40.763869,XRP-USDT,3.2318,3.2319,1.0,1.0
2025-07-24T15:29:40.824857,LTC-USDT,114.379,114.386,0.841,0.011
2025-07-24T15:29:40.932436,BTC-USDT,119002.36,119002.37,0.4687,0.12802
2025-07-24T15:29:40.964365,SOL-USDT,189.16,189.17,0.006,0.05
2025-07-24T15:29:41.025259,ETH-USDT,3740.19,3740.2,3.1814,1.4797
2025-07-24T15:29:41.231951,BTC-USDT,119002.36,119002.37,0.47122,0.12802
2025-07-24T15:29:41.265566,SOL-USDT,189.16,189.17,0.553,0.05
2025-07-24T15:29:41.327246,ETH-USDT,3740.19,3740.2,3.2348,1.4797
2025-07-24T15:29:41.431075,LTC-USDT,114.375,114.386,0.011,0.011
2025-07-24T15:29:41.533766,BTC-USDT,119002.36,119002.37,0.47122,0.13052
2025-07-24T15:29:41.565795,SOL-USDT,189.15,189.16,0.547,0.05
