timestamp,symbol,bid,ask,bid_vol,ask_vol
2025-07-24T06:13:26.837339,BTC-USDT,117685.66,117685.67,0.0829,0.06717
2025-07-24T06:13:26.837669,ETH-USDT,3559.95,3559.96,1.4947,1.6203
2025-07-24T06:13:26.837758,SOL-USDT,183.11,183.12,9.324,0.778
2025-07-24T06:13:26.837809,ETH-USDT,3559.95,3559.96,1.4484,1.6203
2025-07-24T06:13:26.837853,XRP-USDT,3.0705,3.0719,32.0,429.2
2025-07-24T06:13:26.837923,SOL-USDT,183.11,183.12,10.299,0.05
2025-07-24T06:13:26.837967,XRP-USDT,3.0706,3.0719,320.0,717.2
2025-07-24T06:13:26.838010,LTC-USDT,109.354,109.355,0.011,2.092
2025-07-24T06:13:26.965684,ETH-USDT,3559.69,3559.7,1.4957,0.526
2025-07-24T06:13:26.986319,BTC-USDT,117684.0,117684.01,0.0301,0.22602
2025-07-24T06:13:27.092476,SOL-USDT,183.11,183.12,0.497,0.05
2025-07-24T06:13:27.096495,LTC-USDT,109.334,109.344,0.011,2.092
2025-07-24T06:13:27.120930,XRP-USDT,3.0706,3.0718,320.0,5173.0
2025-07-24T06:13:27.266115,ETH-USDT,3559.69,3559.7,2.1957,0.526
2025-07-24T06:13:27.285799,BTC-USDT,117684.0,117684.01,0.0301,0.22856
2025-07-24T06:13:27.391986,SOL-USDT,183.09,183.12,2.494,11.431
2025-07-24T06:13:27.398593,LTC-USDT,109.334,109.335,0.011,2.092
2025-07-24T06:13:27.420115,XRP-USDT,3.07,3.0718,596.5,5173.0
2025-07-24T06:13:27.566283,ETH-USDT,3559.66,3559.67,0.7004,0.9677
2025-07-24T06:13:27.588055,BTC-USDT,117684.0,117684.01,0.0301,0.24904
2025-07-24T06:13:27.693704,SOL-USDT,183.09,183.1,0.05,0.928
2025-07-24T06:13:27.699943,LTC-USDT,109.324,109.335,0.011,2.103
2025-07-24T06:13:27.721683,XRP-USDT,3.07,3.0717,628.5,429.9
2025-07-24T06:13:27.887647,BTC-USDT,117684.0,117684.01,0.0301,0.12604
2025-07-24T06:13:27.993923,SOL-USDT,183.09,183.1,0.547,0.2
2025-07-24T06:13:28.001600,LTC-USDT,109.324,109.331,0.011,0.841
2025-07-24T06:13:28.020510,XRP-USDT,3.0701,3.0711,288.0,4790.0
2025-07-24T06:13:28.164384,ETH-USDT,3559.68,3559.69,1.48,1.9012
2025-07-24T06:13:28.295146,SOL-USDT,183.09,183.1,0.05,0.2
2025-07-24T06:13:28.299252,LTC-USDT,109.324,109.335,0.011,0.011
2025-07-24T06:13:28.321375,XRP-USDT,3.0696,3.071,371.2,429.2
2025-07-24T06:13:28.465370,ETH-USDT,3559.68,3559.69,2.18,1.6203
2025-07-24T06:13:28.489782,BTC-USDT,117684.0,117684.01,0.0301,0.10556
2025-07-24T06:13:28.595087,SOL-USDT,183.09,183.1,1.908,0.2
2025-07-24T06:13:28.600760,LTC-USDT,109.314,109.325,0.011,2.103
2025-07-24T06:13:28.622165,XRP-USDT,3.0696,3.071,403.2,371.2
2025-07-24T06:13:28.765863,ETH-USDT,3559.68,3559.69,2.4609,1.6203
2025-07-24T06:13:28.789318,BTC-USDT,117684.0,117684.01,0.06409,0.10556
2025-07-24T06:13:28.896257,SOL-USDT,183.09,183.11,9.868,0.2
2025-07-24T06:13:28.900821,LTC-USDT,109.314,109.321,0.011,0.841
2025-07-24T06:13:28.924230,XRP-USDT,3.0698,3.0707,343.0,288.0
2025-07-24T06:13:29.067841,ETH-USDT,3559.66,3559.67,0.0004,0.9687
2025-07-24T06:13:29.090488,BTC-USDT,117684.0,117684.01,0.0301,0.1294
2025-07-24T06:13:29.196774,SOL-USDT,183.09,183.1,0.547,9.018
2025-07-24T06:13:29.201302,LTC-USDT,109.309,109.32,0.841,2.092
2025-07-24T06:13:29.224760,XRP-USDT,3.0696,3.071,16.3,58.0
2025-07-24T06:13:29.371904,ETH-USDT,3559.66,3559.67,0.6994,0.7487
2025-07-24T06:13:29.497469,SOL-USDT,183.09,183.1,0.05,7.45
2025-07-24T06:13:29.502561,LTC-USDT,109.314,109.316,0.011,0.011
2025-07-24T06:13:29.525681,XRP-USDT,3.0694,3.071,325.0,429.2
2025-07-24T06:13:29.670127,ETH-USDT,3559.66,3559.67,0.6994,1.2987
2025-07-24T06:13:29.797945,SOL-USDT,183.09,183.1,0.547,7.45
2025-07-24T06:13:29.802403,LTC-USDT,109.304,109.306,0.011,0.011
2025-07-24T06:13:29.824924,XRP-USDT,3.0695,3.0708,320.0,717.2
2025-07-24T06:13:29.966754,ETH-USDT,3559.66,3559.67,0.6994,1.5187
2025-07-24T06:13:30.101117,SOL-USDT,183.09,183.1,0.547,6.358
2025-07-24T06:13:30.125931,XRP-USDT,3.0696,3.0708,16.3,717.2
2025-07-24T06:13:30.266945,ETH-USDT,3559.66,3559.67,0.6994,0.9687
2025-07-24T06:13:30.400412,SOL-USDT,183.07,183.08,0.05,5.737
2025-07-24T06:13:30.403961,LTC-USDT,109.304,109.305,0.011,2.092
2025-07-24T06:13:30.427858,XRP-USDT,3.0691,3.0702,16.3,4790.0
2025-07-24T06:13:30.569455,ETH-USDT,3558.37,3558.38,1.4993,1.7
2025-07-24T06:13:30.599700,BTC-USDT,117667.0,117667.01,0.0075,0.03664
2025-07-24T06:13:30.700358,SOL-USDT,183.07,183.08,0.05,0.2
2025-07-24T06:13:30.705596,LTC-USDT,109.304,109.306,0.011,0.011
2025-07-24T06:13:30.730304,XRP-USDT,3.0691,3.0702,341.3,4790.0
2025-07-24T06:13:30.869129,ETH-USDT,3558.29,3558.3,1.5053,1.5047
2025-07-24T06:13:30.898463,BTC-USDT,117667.0,117667.01,0.0075,0.02132
2025-07-24T06:13:31.002066,SOL-USDT,183.07,183.08,0.547,9.018
2025-07-24T06:13:31.027802,XRP-USDT,3.0691,3.0702,16.3,5115.0
2025-07-24T06:13:31.196982,BTC-USDT,117667.0,117667.01,0.0398,0.00434
2025-07-24T06:13:31.302051,SOL-USDT,183.07,183.08,0.05,9.018
2025-07-24T06:13:31.307174,LTC-USDT,109.294,109.304,0.011,2.092
2025-07-24T06:13:31.328765,XRP-USDT,3.0691,3.07,16.3,371.2
2025-07-24T06:13:31.469885,ETH-USDT,3558.29,3558.3,1.9158,1.6204
2025-07-24T06:13:31.602192,SOL-USDT,183.07,183.08,0.05,0.2
2025-07-24T06:13:31.607235,LTC-USDT,109.284,109.286,0.011,0.011
2025-07-24T06:13:31.631858,XRP-USDT,3.0686,3.0702,325.0,5830.4
2025-07-24T06:13:31.773760,ETH-USDT,3558.2,3558.21,0.6738,1.562
2025-07-24T06:13:31.903258,SOL-USDT,183.07,183.08,0.547,0.2
2025-07-24T06:13:31.930409,XRP-USDT,3.0687,3.0699,371.2,288.0
2025-07-24T06:13:32.075633,ETH-USDT,3558.29,3558.3,1.48,0.6404
2025-07-24T06:13:32.204049,SOL-USDT,183.07,183.08,0.547,0.928
2025-07-24T06:13:32.255511,XRP-USDT,3.0684,3.0699,325.0,659.2
2025-07-24T06:13:32.374789,ETH-USDT,3558.29,3558.3,2.9987,0.1404
2025-07-24T06:13:32.407061,BTC-USDT,117667.0,117667.01,0.0398,0.00688
2025-07-24T06:13:32.513354,SOL-USDT,183.07,183.08,9.308,0.2
2025-07-24T06:13:32.513385,LTC-USDT,109.294,109.296,0.011,0.011
2025-07-24T06:13:32.534968,XRP-USDT,3.0686,3.0699,371.2,58.0
2025-07-24T06:13:32.671737,ETH-USDT,3558.49,3558.5,3.6319,0.6118
2025-07-24T06:13:32.714220,BTC-USDT,117667.23,117667.24,0.25354,0.03969
2025-07-24T06:13:32.805465,SOL-USDT,183.07,183.08,9.805,0.2
2025-07-24T06:13:32.812770,LTC-USDT,109.294,109.296,2.103,0.011
2025-07-24T06:13:32.833588,XRP-USDT,3.069,3.07,371.2,288.0
2025-07-24T06:13:32.972037,ETH-USDT,3558.49,3558.5,2.6319,0.8621
2025-07-24T06:13:33.106858,SOL-USDT,183.08,183.09,12.549,0.2
2025-07-24T06:13:33.113712,LTC-USDT,109.299,109.306,0.841,0.011
2025-07-24T06:13:33.136919,XRP-USDT,3.0695,3.0706,16.3,659.2
2025-07-24T06:13:33.275447,ETH-USDT,3558.49,3558.5,2.6319,0.6118
2025-07-24T06:13:33.407677,SOL-USDT,183.1,183.11,8.919,0.05
2025-07-24T06:13:33.413249,LTC-USDT,109.314,109.316,0.011,0.011
2025-07-24T06:13:33.434042,XRP-USDT,3.0694,3.0707,728.2,429.2
2025-07-24T06:13:33.572931,ETH-USDT,3558.41,3558.42,1.1807,1.48
2025-07-24T06:13:33.601853,BTC-USDT,117667.23,117667.24,0.15218,0.03969
2025-07-24T06:13:33.708728,SOL-USDT,183.1,183.11,0.728,0.05
2025-07-24T06:13:33.713337,LTC-USDT,109.314,109.315,0.011,2.092
2025-07-24T06:13:33.735936,XRP-USDT,3.0681,3.0698,371.2,371.2
2025-07-24T06:13:33.874475,ETH-USDT,3558.41,3558.42,1.1807,1.554
2025-07-24T06:13:33.902782,BTC-USDT,117667.23,117667.24,0.18617,0.03969
2025-07-24T06:13:34.010523,SOL-USDT,183.09,183.11,9.818,0.05
2025-07-24T06:13:34.017052,LTC-USDT,109.314,109.316,0.011,0.011
2025-07-24T06:13:34.037414,XRP-USDT,3.0683,3.0696,645.0,659.2
2025-07-24T06:13:34.204020,BTC-USDT,117667.23,117667.24,0.06419,0.03969
2025-07-24T06:13:34.309230,SOL-USDT,183.09,183.11,8.191,0.25
2025-07-24T06:13:34.313971,LTC-USDT,109.314,109.315,0.011,2.092
2025-07-24T06:13:34.336558,XRP-USDT,3.0683,3.0696,357.0,371.2
2025-07-24T06:13:34.609787,SOL-USDT,183.08,183.1,0.128,9.527
2025-07-24T06:13:34.615702,LTC-USDT,109.235,109.305,4.911,2.092
2025-07-24T06:13:34.636845,XRP-USDT,3.0683,3.0697,325.0,4790.0
2025-07-24T06:13:34.775268,ETH-USDT,3556.62,3556.63,5.4395,1.563
2025-07-24T06:13:34.808622,BTC-USDT,117660.79,117660.8,1e-05,0.67574
2025-07-24T06:13:34.911689,SOL-USDT,183.08,183.09,0.497,0.728
2025-07-24T06:13:34.915841,LTC-USDT,109.274,109.276,0.011,0.011
2025-07-24T06:13:34.939119,XRP-USDT,3.0683,3.069,325.0,4790.0
2025-07-24T06:13:35.080128,ETH-USDT,3556.62,3556.63,1.48,1.563
2025-07-24T06:13:35.110352,BTC-USDT,117660.79,117660.8,1e-05,0.55028
2025-07-24T06:13:35.213165,SOL-USDT,183.08,183.1,0.497,4.562
2025-07-24T06:13:35.239507,XRP-USDT,3.0676,3.0689,288.0,659.2
2025-07-24T06:13:35.378893,ETH-USDT,3556.62,3556.63,1.58,1.563
2025-07-24T06:13:35.511757,SOL-USDT,183.07,183.08,4.518,0.2
2025-07-24T06:13:35.516692,LTC-USDT,109.274,109.276,0.011,0.011
2025-07-24T06:13:35.539389,XRP-USDT,3.0674,3.0689,371.2,371.2
2025-07-24T06:13:35.677455,ETH-USDT,3556.65,3556.66,2.896,1.6204
2025-07-24T06:13:35.706826,BTC-USDT,117660.79,117660.8,1e-05,0.55028
2025-07-24T06:13:35.812797,SOL-USDT,183.07,183.08,5.015,0.2
2025-07-24T06:13:35.840135,XRP-USDT,3.0676,3.0689,288.0,659.2
2025-07-24T06:13:35.978221,ETH-USDT,3556.65,3556.66,0.416,1.6204
2025-07-24T06:13:36.007571,BTC-USDT,117660.79,117660.8,1e-05,0.55028
2025-07-24T06:13:36.112821,SOL-USDT,183.07,183.08,4.337,0.2
2025-07-24T06:13:36.144362,XRP-USDT,3.0676,3.0687,288.0,371.2
2025-07-24T06:13:36.278568,ETH-USDT,3556.65,3556.66,0.1,1.6204
2025-07-24T06:13:36.414547,SOL-USDT,183.07,183.08,0.05,4.278
2025-07-24T06:13:36.450594,XRP-USDT,3.0674,3.0688,371.2,748.2
2025-07-24T06:13:36.610020,BTC-USDT,117660.79,117660.8,1e-05,0.59013
2025-07-24T06:13:36.713960,SOL-USDT,183.04,183.05,0.07,8.09
2025-07-24T06:13:36.720230,LTC-USDT,109.189,109.275,2.092,2.092
2025-07-24T06:13:36.748174,XRP-USDT,3.0674,3.0682,288.0,371.2
2025-07-24T06:13:36.879624,ETH-USDT,3556.25,3556.26,0.1,0.9832
2025-07-24T06:13:37.014641,SOL-USDT,183.04,183.05,0.567,8.09
2025-07-24T06:13:37.023789,LTC-USDT,109.254,109.256,0.011,0.011
2025-07-24T06:13:37.043585,XRP-USDT,3.0671,3.0682,288.0,371.2
2025-07-24T06:13:37.180737,ETH-USDT,3556.47,3556.48,1.48,1.7
2025-07-24T06:13:37.210953,BTC-USDT,117634.0,117634.01,0.0376,0.17658
2025-07-24T06:13:37.315185,SOL-USDT,183.03,183.04,1.18,0.2
2025-07-24T06:13:37.321979,LTC-USDT,109.274,109.276,0.011,0.011
2025-07-24T06:13:37.344413,XRP-USDT,3.0668,3.0685,371.2,387.5
2025-07-24T06:13:37.480194,ETH-USDT,3556.48,3556.49,1.48,0.475
2025-07-24T06:13:37.511767,BTC-USDT,117634.0,117634.01,0.0301,0.18688
2025-07-24T06:13:37.623015,LTC-USDT,109.274,109.275,0.011,2.092
2025-07-24T06:13:37.781178,ETH-USDT,3556.4,3556.41,0.5,1.6074
2025-07-24T06:13:37.812001,BTC-USDT,117632.0,117632.01,0.0301,0.32305
2025-07-24T06:13:37.916444,SOL-USDT,183.03,183.04,6.53,0.697
2025-07-24T06:13:37.923500,LTC-USDT,109.264,109.275,0.011,2.944
2025-07-24T06:13:37.945487,XRP-USDT,3.0672,3.0684,371.2,288.0
2025-07-24T06:13:38.113200,BTC-USDT,117628.0,117628.01,0.0301,0.71601
2025-07-24T06:13:38.217986,SOL-USDT,183.03,183.04,1.858,0.697
2025-07-24T06:13:38.246786,XRP-USDT,3.0673,3.0686,371.2,579.7
2025-07-24T06:13:38.381089,ETH-USDT,3556.4,3556.41,1.2536,1.6074
2025-07-24T06:13:38.413552,BTC-USDT,117628.0,117628.01,0.0301,0.733
2025-07-24T06:13:38.519772,SOL-USDT,183.03,183.04,1.13,0.2
2025-07-24T06:13:38.525252,LTC-USDT,109.264,109.266,0.011,2.103
2025-07-24T06:13:38.549713,XRP-USDT,3.0673,3.069,696.2,579.6
2025-07-24T06:13:38.683859,ETH-USDT,3556.4,3556.41,0.5,1.6074
2025-07-24T06:13:38.824894,SOL-USDT,183.03,183.04,1.13,1.425
2025-07-24T06:13:38.850489,XRP-USDT,3.0673,3.0685,722.2,288.0
2025-07-24T06:13:38.984016,ETH-USDT,3556.59,3556.6,1.4996,0.1404
2025-07-24T06:13:39.015259,BTC-USDT,117628.0,117628.01,0.0301,0.73555
2025-07-24T06:13:39.119836,SOL-USDT,183.04,183.05,7.307,0.05
2025-07-24T06:13:39.126342,LTC-USDT,109.274,109.276,0.011,0.011
2025-07-24T06:13:39.149365,XRP-USDT,3.0684,3.0696,387.5,325.0
2025-07-24T06:13:39.283330,ETH-USDT,3557.28,3557.29,1.4906,0.1
2025-07-24T06:13:39.317135,BTC-USDT,117628.0,117628.01,0.0635,0.16863
2025-07-24T06:13:39.419991,SOL-USDT,183.08,183.09,2.292,3.99
2025-07-24T06:13:39.426464,LTC-USDT,109.294,109.296,0.011,0.011
2025-07-24T06:13:39.449190,XRP-USDT,3.0691,3.0705,16.3,371.2
2025-07-24T06:13:39.586192,ETH-USDT,3556.7,3556.71,0.5,1.48
2025-07-24T06:13:39.617108,BTC-USDT,117628.0,117628.01,0.056,0.15164
2025-07-24T06:13:39.720075,SOL-USDT,183.08,183.09,2.292,4.768
2025-07-24T06:13:39.727362,LTC-USDT,109.294,109.296,0.011,0.011
2025-07-24T06:13:39.750103,XRP-USDT,3.0686,3.0696,288.0,371.2
2025-07-24T06:13:39.884776,ETH-USDT,3556.7,3556.71,0.5,1.501
2025-07-24T06:13:40.020320,SOL-USDT,183.08,183.09,2.292,4.768
2025-07-24T06:13:40.050284,XRP-USDT,3.0684,3.0696,16.3,724.2
2025-07-24T06:13:40.185228,ETH-USDT,3556.7,3556.71,1.203,1.501
2025-07-24T06:13:40.352474,XRP-USDT,3.0684,3.0696,712.5,715.0
2025-07-24T06:13:40.486100,ETH-USDT,3556.82,3556.83,1.48,0.1404
2025-07-24T06:13:40.622109,SOL-USDT,183.08,183.09,2.292,0.25
2025-07-24T06:13:40.631100,LTC-USDT,109.295,109.296,2.092,0.011
2025-07-24T06:13:40.653599,XRP-USDT,3.0692,3.0712,4790.0,371.2
2025-07-24T06:13:40.789188,ETH-USDT,3557.27,3557.28,4.1874,0.1
2025-07-24T06:13:40.819589,BTC-USDT,117628.0,117628.01,0.25462,0.14909
2025-07-24T06:13:40.923331,SOL-USDT,183.08,183.09,9.947,0.25
2025-07-24T06:13:40.934675,LTC-USDT,109.31,109.316,2.103,0.011
2025-07-24T06:13:40.955766,XRP-USDT,3.0699,3.0709,4790.0,288.0
2025-07-24T06:13:41.121025,BTC-USDT,117628.0,117628.01,0.2247,0.14911
2025-07-24T06:13:41.223708,SOL-USDT,183.08,183.09,9.219,0.25
2025-07-24T06:13:41.231691,LTC-USDT,109.334,109.336,0.011,0.011
2025-07-24T06:13:41.254032,XRP-USDT,3.0699,3.0709,4790.0,325.0
2025-07-24T06:13:41.524213,SOL-USDT,183.1,183.11,12.24,0.25
2025-07-24T06:13:41.533155,LTC-USDT,109.354,109.356,2.103,0.011
2025-07-24T06:13:41.554890,XRP-USDT,3.0706,3.0717,4790.0,0.7
2025-07-24T06:13:41.688022,ETH-USDT,3557.89,3557.9,6.0166,0.1
2025-07-24T06:13:41.722616,BTC-USDT,117628.0,117628.01,0.2847,0.1491
2025-07-24T06:13:41.824690,SOL-USDT,183.14,183.15,3.517,0.2
2025-07-24T06:13:41.833142,LTC-USDT,109.374,109.376,0.011,0.011
2025-07-24T06:13:41.856008,XRP-USDT,3.0717,3.0727,659.2,16.3
2025-07-24T06:13:41.989494,ETH-USDT,3558.17,3558.18,7.4824,0.2809
2025-07-24T06:13:42.023191,BTC-USDT,117631.99,117632.0,0.23942,0.03436
2025-07-24T06:13:42.126516,SOL-USDT,183.16,183.17,3.517,0.05
2025-07-24T06:13:42.134342,LTC-USDT,109.374,109.376,2.103,0.011
2025-07-24T06:13:42.160178,XRP-USDT,3.0717,3.0729,371.2,288.0
2025-07-24T06:13:42.289050,ETH-USDT,3558.41,3558.42,0.8,1.58
2025-07-24T06:13:42.325380,BTC-USDT,117631.99,117632.0,0.3841,0.03012
2025-07-24T06:13:42.429983,SOL-USDT,183.16,183.17,2.292,9.707
2025-07-24T06:13:42.437308,LTC-USDT,109.38,109.386,0.011,0.011
2025-07-24T06:13:42.458699,XRP-USDT,3.0714,3.0728,387.5,371.2
2025-07-24T06:13:42.589568,ETH-USDT,3558.45,3558.46,1.48,0.3809
2025-07-24T06:13:42.624576,BTC-USDT,117635.99,117636.0,0.25568,0.03012
2025-07-24T06:13:42.726062,SOL-USDT,183.16,183.17,2.292,3.438
2025-07-24T06:13:42.736912,LTC-USDT,109.395,109.396,2.092,0.011
2025-07-24T06:13:42.766910,XRP-USDT,3.0716,3.0728,387.5,288.0
2025-07-24T06:13:42.892226,ETH-USDT,3558.45,3558.46,2.9987,0.3809
2025-07-24T06:13:42.925423,BTC-USDT,117635.99,117636.0,0.48396,0.03012
2025-07-24T06:13:43.027721,SOL-USDT,183.16,183.17,2.292,1.275
2025-07-24T06:13:43.040703,LTC-USDT,109.409,109.416,0.841,0.011
2025-07-24T06:13:43.190769,ETH-USDT,3558.38,3558.39,2.9987,0.7386
2025-07-24T06:13:43.225286,BTC-USDT,117635.99,117636.0,0.48396,0.03012
2025-07-24T06:13:43.328094,SOL-USDT,183.16,183.17,2.292,0.05
2025-07-24T06:13:43.338839,LTC-USDT,109.405,109.416,0.011,0.011
2025-07-24T06:13:43.359399,XRP-USDT,3.0716,3.0729,387.5,325.0
2025-07-24T06:13:43.492072,ETH-USDT,3558.89,3558.9,1.48,1.2386
2025-07-24T06:13:43.527389,BTC-USDT,117647.43,117647.44,0.23922,0.03989
2025-07-24T06:13:43.628780,SOL-USDT,183.18,183.19,12.948,0.25
2025-07-24T06:13:43.641597,LTC-USDT,109.434,109.436,0.011,0.011
2025-07-24T06:13:43.659467,XRP-USDT,3.0721,3.0735,387.5,35.0
2025-07-24T06:13:43.796557,ETH-USDT,3558.92,3558.93,2.48,1.5014
2025-07-24T06:13:43.827438,BTC-USDT,117647.43,117647.44,0.3839,2e-05
2025-07-24T06:13:43.932665,SOL-USDT,183.2,183.21,10.077,0.25
2025-07-24T06:13:43.940630,LTC-USDT,109.435,109.441,2.092,0.841
2025-07-24T06:13:43.960908,XRP-USDT,3.0727,3.0735,4790.0,35.0
2025-07-24T06:13:44.095536,ETH-USDT,3559.59,3559.6,1.48,0.586
2025-07-24T06:13:44.132764,BTC-USDT,117657.99,117658.0,0.41107,0.03012
2025-07-24T06:13:44.230005,SOL-USDT,183.23,183.24,4.15,0.05
2025-07-24T06:13:44.241584,LTC-USDT,109.461,109.466,2.092,0.011
2025-07-24T06:13:44.261292,XRP-USDT,3.073,3.0746,371.2,341.3
2025-07-24T06:13:44.396862,ETH-USDT,3559.69,3559.7,2.9987,0.625
2025-07-24T06:13:44.429301,BTC-USDT,117661.99,117662.0,0.41022,0.0301
2025-07-24T06:13:44.543518,LTC-USDT,109.464,109.466,2.103,0.011
2025-07-24T06:13:44.562134,XRP-USDT,3.073,3.0746,371.2,650.0
2025-07-24T06:13:44.832362,SOL-USDT,183.23,183.24,4.647,0.05
2025-07-24T06:13:44.862754,XRP-USDT,3.0731,3.0744,659.2,288.0
2025-07-24T06:13:45.030018,BTC-USDT,117661.99,117662.0,0.41022,0.03009
2025-07-24T06:13:45.133085,SOL-USDT,183.26,183.27,7.317,0.25
2025-07-24T06:13:45.146509,LTC-USDT,109.485,109.546,2.092,1.952
2025-07-24T06:13:45.295947,ETH-USDT,3559.98,3559.99,2.9987,0.1403
2025-07-24T06:13:45.331266,BTC-USDT,117663.99,117664.0,0.46893,0.0301
2025-07-24T06:13:45.435420,SOL-USDT,183.26,183.27,11.82,0.05
2025-07-24T06:13:45.447199,LTC-USDT,109.496,109.506,2.092,0.011
2025-07-24T06:13:45.465639,XRP-USDT,3.0732,3.0743,371.2,1.2
2025-07-24T06:13:45.596678,ETH-USDT,3559.98,3559.99,2.9987,0.1403
2025-07-24T06:13:45.631363,BTC-USDT,117665.99,117666.0,0.35842,0.0301
2025-07-24T06:13:45.748298,LTC-USDT,109.494,109.496,0.011,0.011
2025-07-24T06:13:45.765023,XRP-USDT,3.0735,3.0743,387.5,1.2
2025-07-24T06:13:45.898461,ETH-USDT,3559.99,3560.0,3.9987,0.525
2025-07-24T06:13:45.932699,BTC-USDT,117665.99,117666.0,0.18972,0.0301
2025-07-24T06:13:46.036510,SOL-USDT,183.26,183.27,15.043,0.05
2025-07-24T06:13:46.060171,LTC-USDT,109.494,109.496,2.103,0.011
2025-07-24T06:13:46.068145,XRP-USDT,3.0735,3.0743,371.2,1.2
2025-07-24T06:13:46.198547,ETH-USDT,3560.01,3560.02,3.0579,0.0004
2025-07-24T06:13:46.336094,SOL-USDT,183.26,183.27,14.546,0.05
2025-07-24T06:13:46.352283,LTC-USDT,109.504,109.506,2.103,0.011
2025-07-24T06:13:46.366517,XRP-USDT,3.0735,3.0743,371.2,1.2
2025-07-24T06:13:46.498262,ETH-USDT,3560.0,3560.01,0.525,1.48
2025-07-24T06:13:46.533737,BTC-USDT,117665.99,117666.0,0.02848,0.0628
2025-07-24T06:13:46.637213,SOL-USDT,183.26,183.27,32.146,0.05
2025-07-24T06:13:46.654274,LTC-USDT,109.504,109.544,0.011,2.155
2025-07-24T06:13:46.671193,XRP-USDT,3.0734,3.0743,16.3,1.2
2025-07-24T06:13:46.802582,ETH-USDT,3560.01,3560.02,1.7396,0.0004
2025-07-24T06:13:46.835290,BTC-USDT,117665.99,117666.0,0.01643,0.0301
2025-07-24T06:13:46.937588,SOL-USDT,183.26,183.27,32.643,0.05
2025-07-24T06:13:46.953675,LTC-USDT,109.515,109.526,2.944,0.011
2025-07-24T06:13:46.968584,XRP-USDT,3.0735,3.0743,288.0,1.2
2025-07-24T06:13:47.099232,ETH-USDT,3560.0,3560.02,0.525,1.4804
2025-07-24T06:13:47.141123,BTC-USDT,117665.99,117666.0,0.03317,0.0628
2025-07-24T06:13:47.238476,SOL-USDT,183.26,183.27,32.146,0.05
2025-07-24T06:13:47.254142,LTC-USDT,109.514,109.516,0.011,0.011
2025-07-24T06:13:47.269268,XRP-USDT,3.0734,3.0743,371.2,1.2
2025-07-24T06:13:47.400771,ETH-USDT,3559.98,3559.99,0.702,1.7608
2025-07-24T06:13:47.436267,BTC-USDT,117665.99,117666.0,0.06716,0.0628
2025-07-24T06:13:47.540503,SOL-USDT,183.26,183.27,32.146,0.05
2025-07-24T06:13:47.555128,LTC-USDT,109.514,109.516,0.011,0.011
2025-07-24T06:13:47.570931,XRP-USDT,3.0734,3.0743,371.2,421.2
2025-07-24T06:13:47.700050,ETH-USDT,3559.98,3559.99,3.1813,0.2808
2025-07-24T06:13:47.738480,BTC-USDT,117665.99,117666.0,0.12537,0.03009
2025-07-24T06:13:47.840729,SOL-USDT,183.28,183.29,2.799,0.05
2025-07-24T06:13:47.856601,LTC-USDT,109.495,109.506,0.852,0.011
2025-07-24T06:13:47.875019,XRP-USDT,3.0737,3.0743,659.2,1.2
2025-07-24T06:13:48.000271,ETH-USDT,3559.99,3560.0,2.9711,0.525
2025-07-24T06:13:48.037492,BTC-USDT,117665.99,117666.0,0.12537,0.03006
2025-07-24T06:13:48.142074,SOL-USDT,183.28,183.29,2.799,3.438
2025-07-24T06:13:48.171764,XRP-USDT,3.0734,3.0743,659.2,1.2
2025-07-24T06:13:48.301262,ETH-USDT,3559.99,3560.0,2.48,0.525
2025-07-24T06:13:48.339534,BTC-USDT,117665.99,117666.0,0.21005,0.03006
2025-07-24T06:13:48.441505,SOL-USDT,183.28,183.29,2.302,0.05
2025-07-24T06:13:48.459174,LTC-USDT,109.514,109.516,0.011,0.011
2025-07-24T06:13:48.471739,XRP-USDT,3.0731,3.0743,604.9,1.2
2025-07-24T06:13:48.601209,ETH-USDT,3560.01,3560.02,2.2593,0.0004
2025-07-24T06:13:48.638897,BTC-USDT,117665.99,117666.0,0.3014,0.03011
2025-07-24T06:13:48.744464,SOL-USDT,183.28,183.29,7.17,0.05
2025-07-24T06:13:48.758089,LTC-USDT,109.514,109.545,2.092,0.033
2025-07-24T06:13:48.773665,XRP-USDT,3.0739,3.0752,659.2,288.0
2025-07-24T06:13:48.907326,ETH-USDT,3560.08,3560.09,1.7,0.8577
2025-07-24T06:13:49.045474,SOL-USDT,183.28,183.29,7.317,0.05
2025-07-24T06:13:49.059612,LTC-USDT,109.525,109.536,0.852,0.011
2025-07-24T06:13:49.074725,XRP-USDT,3.0741,3.0754,659.2,288.0
2025-07-24T06:13:49.202326,ETH-USDT,3560.29,3560.3,1.48,0.525
2025-07-24T06:13:49.343858,SOL-USDT,183.28,183.29,6.82,0.05
2025-07-24T06:13:49.361846,LTC-USDT,109.525,109.536,2.103,0.011
2025-07-24T06:13:49.376516,XRP-USDT,3.0741,3.0742,403.2,0.6
2025-07-24T06:13:49.502815,ETH-USDT,3560.29,3560.3,2.9987,0.525
2025-07-24T06:13:49.540944,BTC-USDT,117665.99,117666.0,0.3014,0.03011
2025-07-24T06:13:49.644448,SOL-USDT,183.28,183.29,14.286,0.05
2025-07-24T06:13:49.661731,LTC-USDT,109.534,109.536,2.103,0.011
2025-07-24T06:13:49.675135,XRP-USDT,3.0741,3.0742,371.2,0.6
2025-07-24T06:13:49.803281,ETH-USDT,3560.36,3560.37,0.7416,0.0004
2025-07-24T06:13:49.842925,BTC-USDT,117665.99,117666.0,0.3014,1e-05
2025-07-24T06:13:49.945401,SOL-USDT,183.28,183.3,14.783,0.2
2025-07-24T06:13:49.963003,LTC-USDT,109.545,109.547,0.852,2.366
2025-07-24T06:13:49.983090,XRP-USDT,3.0739,3.0742,288.0,0.6
2025-07-24T06:13:50.103622,ETH-USDT,3560.36,3560.37,1.48,1.0228
2025-07-24T06:13:50.143961,BTC-USDT,117665.99,117666.0,0.3014,0.03011
2025-07-24T06:13:50.246431,SOL-USDT,183.28,183.3,10.496,0.2
2025-07-24T06:13:50.264367,LTC-USDT,109.544,109.546,0.011,0.011
2025-07-24T06:13:50.276524,XRP-USDT,3.0739,3.0742,728.2,0.6
2025-07-24T06:13:50.547276,SOL-USDT,183.28,183.3,10.496,0.2
2025-07-24T06:13:50.564659,LTC-USDT,109.544,109.546,0.011,0.011
2025-07-24T06:13:50.704692,ETH-USDT,3560.36,3560.37,2.181,0.842
2025-07-24T06:13:50.847733,SOL-USDT,183.29,183.3,16.194,0.928
2025-07-24T06:13:50.877958,XRP-USDT,3.0739,3.0742,1016.2,0.6
2025-07-24T06:13:51.005035,ETH-USDT,3560.36,3560.37,0.701,0.842
2025-07-24T06:13:51.048104,BTC-USDT,117665.99,117666.0,0.19651,0.03011
2025-07-24T06:13:51.149541,SOL-USDT,183.29,183.3,16.194,0.778
2025-07-24T06:13:51.166694,LTC-USDT,109.544,109.545,0.011,0.033
2025-07-24T06:13:51.305433,ETH-USDT,3560.36,3560.37,0.701,1.1228
2025-07-24T06:13:51.448483,SOL-USDT,183.26,183.28,12.132,5.698
2025-07-24T06:13:51.466949,LTC-USDT,109.543,109.544,0.011,2.092
2025-07-24T06:13:51.481511,XRP-USDT,3.0734,3.0742,32.0,0.6
2025-07-24T06:13:51.607102,ETH-USDT,3559.73,3559.74,2.209,1.48
2025-07-24T06:13:51.646484,BTC-USDT,117665.99,117666.0,0.14779,0.06281
2025-07-24T06:13:51.749323,SOL-USDT,183.27,183.28,6.284,5.898
2025-07-24T06:13:51.768165,LTC-USDT,109.484,109.486,0.011,0.011
2025-07-24T06:13:51.780335,XRP-USDT,3.0733,3.0742,16.3,0.6
2025-07-24T06:13:51.907862,ETH-USDT,3559.3,3559.31,0.525,1.48
2025-07-24T06:13:51.947465,BTC-USDT,117665.99,117666.0,0.04639,0.28992
2025-07-24T06:13:52.050200,SOL-USDT,183.27,183.28,0.547,9.688
2025-07-24T06:13:52.081068,XRP-USDT,3.0723,3.0735,696.2,659.2
2025-07-24T06:13:52.207042,ETH-USDT,3559.59,3559.6,1.48,0.551
2025-07-24T06:13:52.249562,BTC-USDT,117665.99,117666.0,0.04639,0.06281
2025-07-24T06:13:52.351588,SOL-USDT,183.27,183.28,0.05,5.898
2025-07-24T06:13:52.381648,XRP-USDT,3.0723,3.0739,696.2,371.2
2025-07-24T06:13:52.510348,ETH-USDT,3559.68,3559.69,1.48,1.3362
2025-07-24T06:13:52.650799,SOL-USDT,183.27,183.28,0.778,5.898
2025-07-24T06:13:52.671890,LTC-USDT,109.484,109.486,0.011,0.011
2025-07-24T06:13:52.682335,XRP-USDT,3.0723,3.0738,1021.2,429.2
2025-07-24T06:13:52.849587,BTC-USDT,117664.65,117664.66,0.00752,0.0328
2025-07-24T06:13:52.951314,SOL-USDT,183.27,183.28,0.547,6.626
2025-07-24T06:13:52.985944,XRP-USDT,3.0724,3.0736,964.0,371.2
2025-07-24T06:13:53.111629,ETH-USDT,3559.6,3559.61,0.551,1.48
2025-07-24T06:13:53.152535,BTC-USDT,117664.65,117664.66,0.00752,0.26996
2025-07-24T06:13:53.253372,SOL-USDT,183.27,183.28,0.05,9.286
2025-07-24T06:13:53.283754,XRP-USDT,3.0724,3.0736,708.0,429.2
2025-07-24T06:13:53.409103,ETH-USDT,3559.56,3559.57,0.729,1.48
2025-07-24T06:13:53.450725,BTC-USDT,117664.65,117664.66,0.00752,0.2725
2025-07-24T06:13:53.553784,SOL-USDT,183.27,183.28,0.05,14.716
2025-07-24T06:13:53.574229,LTC-USDT,109.484,109.486,0.011,0.011
2025-07-24T06:13:53.584458,XRP-USDT,3.0724,3.0735,708.0,371.2
2025-07-24T06:13:53.710001,ETH-USDT,3559.3,3559.31,0.525,1.48
2025-07-24T06:13:53.751936,BTC-USDT,117664.65,117664.66,2e-05,0.30309
2025-07-24T06:13:53.854491,SOL-USDT,183.27,183.28,0.05,15.213
2025-07-24T06:13:53.875078,LTC-USDT,109.474,109.481,0.011,0.841
2025-07-24T06:13:53.885449,XRP-USDT,3.0724,3.0732,676.0,371.2
2025-07-24T06:13:54.010759,ETH-USDT,3559.39,3559.4,1.6485,0.551
2025-07-24T06:13:54.053947,BTC-USDT,117664.65,117664.66,0.03401,0.37922
2025-07-24T06:13:54.186123,XRP-USDT,3.0724,3.0735,676.0,371.2
2025-07-24T06:13:54.311353,ETH-USDT,3559.59,3559.6,1.48,0.551
2025-07-24T06:13:54.455688,SOL-USDT,183.27,183.28,0.05,14.716
2025-07-24T06:13:54.477199,LTC-USDT,109.474,109.485,0.011,0.011
2025-07-24T06:13:54.486574,XRP-USDT,3.0724,3.0735,676.0,325.0
2025-07-24T06:13:54.611364,ETH-USDT,3559.99,3560.0,1.48,0.551
2025-07-24T06:13:54.654168,BTC-USDT,117664.65,117664.66,0.06505,0.03314
2025-07-24T06:13:54.756854,SOL-USDT,183.27,183.28,5.977,5.201
2025-07-24T06:13:54.783628,LTC-USDT,109.484,109.486,0.011,0.011
2025-07-24T06:13:54.787913,XRP-USDT,3.0724,3.0735,1001.0,371.2
2025-07-24T06:13:55.057773,SOL-USDT,183.27,183.28,0.547,5.201
2025-07-24T06:13:55.089852,XRP-USDT,3.0724,3.0735,692.3,371.2
2025-07-24T06:13:55.212760,ETH-USDT,3559.87,3559.88,0.701,1.48
2025-07-24T06:13:55.358947,SOL-USDT,183.27,183.28,0.05,5.201
2025-07-24T06:13:55.389311,XRP-USDT,3.0723,3.0729,676.0,371.2
2025-07-24T06:13:55.659121,SOL-USDT,183.27,183.28,7.498,5.929
2025-07-24T06:13:55.680534,LTC-USDT,109.484,109.486,0.011,2.751
2025-07-24T06:13:55.695103,XRP-USDT,3.0723,3.0726,676.0,371.2
2025-07-24T06:13:55.813208,ETH-USDT,3559.87,3559.88,0.701,1.7609
2025-07-24T06:13:55.965115,SOL-USDT,183.4,183.41,0.306,3.79
2025-07-24T06:13:55.983416,LTC-USDT,109.484,109.486,2.103,0.011
2025-07-24T06:13:55.990576,XRP-USDT,3.0727,3.0731,4790.0,288.0
2025-07-24T06:13:56.113943,ETH-USDT,3560.14,3560.15,1.48,0.8537
2025-07-24T06:13:56.158279,BTC-USDT,117669.0,117669.01,0.06992,0.03981
2025-07-24T06:13:56.260552,SOL-USDT,183.32,183.34,0.81,0.05
2025-07-24T06:13:56.283488,LTC-USDT,109.494,109.496,0.011,0.011
2025-07-24T06:13:56.292073,XRP-USDT,3.072,3.0731,4790.0,371.2
2025-07-24T06:13:56.415998,ETH-USDT,3560.1,3560.14,0.551,1.48
2025-07-24T06:13:56.460229,BTC-USDT,117670.85,117670.86,0.0075,0.47355
2025-07-24T06:13:56.564192,SOL-USDT,183.27,183.31,10.894,3.79
2025-07-24T06:13:56.584215,LTC-USDT,109.494,109.495,0.011,2.092
2025-07-24T06:13:56.592495,XRP-USDT,3.0708,3.0727,487.0,690.2
2025-07-24T06:13:56.716778,ETH-USDT,3559.8,3559.81,0.551,1.48
2025-07-24T06:13:56.759790,BTC-USDT,117668.0,117668.01,0.0301,0.37338
2025-07-24T06:13:56.861843,SOL-USDT,183.23,183.24,0.05,18.311
2025-07-24T06:13:56.885970,LTC-USDT,109.444,109.446,0.011,0.011
2025-07-24T06:13:56.893195,XRP-USDT,3.0706,3.0715,288.0,4790.0
2025-07-24T06:13:57.025294,ETH-USDT,3559.29,3559.3,1.4804,0.551
2025-07-24T06:13:57.062759,BTC-USDT,117664.65,117664.66,2e-05,0.47322
2025-07-24T06:13:57.164014,SOL-USDT,183.21,183.22,6.638,0.2
2025-07-24T06:13:57.187709,LTC-USDT,109.444,109.446,0.011,0.011
2025-07-24T06:13:57.194418,XRP-USDT,3.0699,3.0711,371.2,288.0
2025-07-24T06:13:57.315585,ETH-USDT,3559.59,3559.6,1.5084,0.551
2025-07-24T06:13:57.362022,BTC-USDT,117664.65,117664.66,0.00752,0.47322
2025-07-24T06:13:57.462703,SOL-USDT,183.21,183.22,5.91,0.2
2025-07-24T06:13:57.487266,LTC-USDT,109.409,109.484,2.118,2.018
2025-07-24T06:13:57.495363,XRP-USDT,3.0694,3.0712,371.2,371.2
2025-07-24T06:13:57.617015,ETH-USDT,3559.69,3559.7,1.4804,0.551
2025-07-24T06:13:57.661951,BTC-USDT,117664.65,117664.66,0.00752,0.30452
2025-07-24T06:13:57.763112,SOL-USDT,183.21,183.22,6.407,0.2
2025-07-24T06:13:57.787686,LTC-USDT,109.474,109.476,0.011,0.011
2025-07-24T06:13:57.795430,XRP-USDT,3.0702,3.0712,371.2,288.0
2025-07-24T06:13:57.916974,ETH-USDT,3560.29,3560.3,1.48,0.551
2025-07-24T06:13:57.963078,BTC-USDT,117664.98,117664.99,0.0397,0.0001
2025-07-24T06:13:58.066208,SOL-USDT,183.25,183.26,9.387,0.2
2025-07-24T06:13:58.093951,LTC-USDT,109.494,109.496,0.011,0.011
2025-07-24T06:13:58.104709,XRP-USDT,3.0702,3.0715,371.2,288.0
2025-07-24T06:13:58.239834,ETH-USDT,3560.29,3560.3,1.4804,0.551
2025-07-24T06:13:58.263481,BTC-USDT,117665.99,117666.0,0.0397,0.0301
2025-07-24T06:13:58.365850,SOL-USDT,183.25,183.26,0.05,0.2
2025-07-24T06:13:58.415806,XRP-USDT,3.0702,3.0715,325.0,371.2
2025-07-24T06:13:58.556755,ETH-USDT,3559.99,3560.0,0.028,2.7676
2025-07-24T06:13:58.585472,BTC-USDT,117665.99,117666.0,0.07369,0.0301
2025-07-24T06:13:58.669368,SOL-USDT,183.25,183.26,0.05,0.2
2025-07-24T06:13:58.690670,LTC-USDT,109.474,109.48,0.011,2.092
2025-07-24T06:13:58.704038,XRP-USDT,3.0695,3.071,0.7,549.5
2025-07-24T06:13:58.819102,ETH-USDT,3559.99,3560.0,0.0284,2.7676
2025-07-24T06:13:58.965675,SOL-USDT,183.25,183.26,0.547,0.2
2025-07-24T06:13:58.991751,LTC-USDT,109.464,109.474,0.011,2.092
2025-07-24T06:13:59.006649,XRP-USDT,3.0695,3.0704,0.7,4790.0
2025-07-24T06:13:59.132447,ETH-USDT,3559.99,3560.0,0.7294,2.7676
2025-07-24T06:13:59.168980,BTC-USDT,117665.99,117666.0,0.07623,0.0301
2025-07-24T06:13:59.296911,SOL-USDT,183.25,183.26,0.486,0.2
2025-07-24T06:13:59.311820,XRP-USDT,3.0696,3.0709,371.2,578.0
2025-07-24T06:13:59.430225,ETH-USDT,3560.09,3560.1,2.9991,0.551
2025-07-24T06:13:59.492059,BTC-USDT,117665.99,117666.0,0.24493,0.0301
2025-07-24T06:13:59.570274,SOL-USDT,183.26,183.27,4.568,0.2
2025-07-24T06:13:59.597390,LTC-USDT,109.474,109.476,0.011,0.011
2025-07-24T06:13:59.605254,XRP-USDT,3.0701,3.0718,403.2,371.2
2025-07-24T06:13:59.726166,ETH-USDT,3560.19,3560.2,2.9987,0.551
2025-07-24T06:13:59.871093,SOL-USDT,183.29,183.3,0.728,0.2
2025-07-24T06:13:59.907261,XRP-USDT,3.0703,3.0718,371.2,371.2
2025-07-24T06:14:00.036089,ETH-USDT,3561.39,3561.4,2.9987,0.8771
2025-07-24T06:14:00.067629,BTC-USDT,117678.54,117678.55,0.19318,0.01841
2025-07-24T06:14:00.180371,SOL-USDT,183.31,183.32,7.465,0.05
2025-07-24T06:14:00.195306,LTC-USDT,109.49,109.496,0.011,0.011
2025-07-24T06:14:00.207366,XRP-USDT,3.0707,3.072,613.0,659.2
2025-07-24T06:14:00.338474,ETH-USDT,3560.97,3560.98,0.7014,1.48
2025-07-24T06:14:00.370956,BTC-USDT,117678.54,117678.55,0.0643,0.01851
2025-07-24T06:14:00.489511,SOL-USDT,183.28,183.3,0.115,4.17
2025-07-24T06:14:00.511829,LTC-USDT,109.409,109.486,2.118,2.092
2025-07-24T06:14:00.512755,XRP-USDT,3.0696,3.0717,16.3,387.5
2025-07-24T06:14:00.634766,ETH-USDT,3560.94,3560.95,0.0284,1.58
2025-07-24T06:14:00.689138,BTC-USDT,117678.54,117678.55,0.02458,0.01851
2025-07-24T06:14:00.779242,SOL-USDT,183.29,183.3,0.497,4.17
2025-07-24T06:14:00.803464,LTC-USDT,109.464,109.465,0.011,2.092
2025-07-24T06:14:00.817183,XRP-USDT,3.0695,3.0707,0.7,659.2
2025-07-24T06:14:00.946539,ETH-USDT,3560.94,3560.95,1.4804,1.5846
2025-07-24T06:14:00.994111,BTC-USDT,117678.54,117678.55,0.05658,0.01841
2025-07-24T06:14:01.075201,SOL-USDT,183.29,183.3,0.497,0.728
2025-07-24T06:14:01.107081,LTC-USDT,109.465,109.476,0.852,0.011
2025-07-24T06:14:01.107157,XRP-USDT,3.0703,3.0714,288.0,4790.0
2025-07-24T06:14:01.235289,ETH-USDT,3560.94,3560.95,0.0004,1.4846
2025-07-24T06:14:01.275286,BTC-USDT,117678.54,117678.55,0.05658,0.01851
2025-07-24T06:14:01.377931,SOL-USDT,183.31,183.32,9.803,0.25
2025-07-24T06:14:01.401435,LTC-USDT,109.485,109.491,0.011,0.011
2025-07-24T06:14:01.407572,XRP-USDT,3.0703,3.0718,371.2,100.0
2025-07-24T06:14:01.535556,ETH-USDT,3560.94,3560.95,1.4804,0.1
2025-07-24T06:14:01.587209,BTC-USDT,117678.54,117678.55,0.22528,0.01841
2025-07-24T06:14:01.677790,SOL-USDT,183.33,183.34,4.518,0.2
2025-07-24T06:14:01.704856,LTC-USDT,109.494,109.496,2.103,0.011
2025-07-24T06:14:01.708702,XRP-USDT,3.071,3.0725,371.2,325.0
2025-07-24T06:14:01.828801,ETH-USDT,3561.39,3561.4,1.48,0.551
2025-07-24T06:14:01.874587,BTC-USDT,117684.3,117684.31,0.0395,0.00011
2025-07-24T06:14:01.973486,SOL-USDT,183.36,183.37,15.685,0.05
2025-07-24T06:14:02.009239,LTC-USDT,109.515,109.526,0.852,0.011
2025-07-24T06:14:02.009325,XRP-USDT,3.0714,3.0725,371.2,325.0
2025-07-24T06:14:02.132447,ETH-USDT,3561.3,3561.31,0.551,1.48
2025-07-24T06:14:02.275302,SOL-USDT,183.36,183.37,6.465,0.05
2025-07-24T06:14:02.303513,LTC-USDT,109.515,109.526,0.011,0.011
2025-07-24T06:14:02.309021,XRP-USDT,3.0712,3.073,371.2,16.3
2025-07-24T06:14:02.426761,ETH-USDT,3561.39,3561.4,2.9987,0.551
2025-07-24T06:14:02.475400,BTC-USDT,117684.3,117684.31,0.05648,1e-05
2025-07-24T06:14:02.598892,SOL-USDT,183.36,183.37,15.691,0.05
2025-07-24T06:14:02.623104,LTC-USDT,109.524,109.526,0.011,0.011
2025-07-24T06:14:02.623135,XRP-USDT,3.0714,3.0734,387.5,371.2
2025-07-24T06:14:02.734787,ETH-USDT,3561.59,3561.6,1.48,0.651
2025-07-24T06:14:02.876132,SOL-USDT,183.36,183.37,16.188,0.05
2025-07-24T06:14:02.908525,XRP-USDT,3.0717,3.0728,371.2,371.2
2025-07-24T06:14:03.033940,ETH-USDT,3561.8,3561.81,0.551,1.48
2025-07-24T06:14:03.216682,XRP-USDT,3.0716,3.0728,659.2,371.2
2025-07-24T06:14:03.476786,SOL-USDT,183.38,183.39,6.901,0.05
2025-07-24T06:14:03.507678,LTC-USDT,109.534,109.536,0.011,0.011
2025-07-24T06:14:03.510936,XRP-USDT,3.0713,3.0728,371.2,371.2
2025-07-24T06:14:03.631625,ETH-USDT,3561.48,3561.49,1.4804,0.3477
2025-07-24T06:14:03.678776,BTC-USDT,117684.3,117684.31,0.05902,0.00011
2025-07-24T06:14:03.779321,SOL-USDT,183.39,183.4,7.226,0.05
2025-07-24T06:14:03.807824,LTC-USDT,109.554,109.556,0.011,0.011
2025-07-24T06:14:03.811413,XRP-USDT,3.0721,3.0733,371.2,675.5
2025-07-24T06:14:03.929090,ETH-USDT,3561.8,3561.81,2.031,1.2837
2025-07-24T06:14:03.978710,BTC-USDT,117693.57,117693.58,0.0391,0.03991
2025-07-24T06:14:04.080699,SOL-USDT,183.46,183.47,4.246,0.25
2025-07-24T06:14:04.110660,LTC-USDT,109.564,109.566,0.011,0.011
2025-07-24T06:14:04.110967,XRP-USDT,3.0723,3.0733,288.0,371.2
2025-07-24T06:14:04.229277,ETH-USDT,3561.89,3561.9,1.48,0.551
2025-07-24T06:14:04.284089,BTC-USDT,117693.57,117693.58,0.07398,0.03981
2025-07-24T06:14:04.380135,SOL-USDT,183.47,183.48,7.457,0.138
2025-07-24T06:14:04.412194,XRP-USDT,3.0723,3.0737,16.3,371.2
2025-07-24T06:14:04.531360,ETH-USDT,3561.99,3562.0,1.48,0.551
2025-07-24T06:14:04.702987,SOL-USDT,183.47,183.48,2.939,14.197
2025-07-24T06:14:04.727148,LTC-USDT,109.564,109.566,0.011,0.011
2025-07-24T06:14:04.727177,XRP-USDT,3.072,3.0733,16.3,371.2
2025-07-24T06:14:04.867332,ETH-USDT,3561.67,3561.68,0.0004,3.3206
2025-07-24T06:14:04.882341,BTC-USDT,117693.57,117693.58,0.0316,0.24413
2025-07-24T06:14:04.985326,SOL-USDT,183.44,183.45,0.497,0.05
2025-07-24T06:14:05.022232,LTC-USDT,109.534,109.545,0.011,0.852
2025-07-24T06:14:05.038642,XRP-USDT,3.071,3.0725,371.2,371.2
2025-07-24T06:14:05.133185,ETH-USDT,3561.43,3561.44,1.4804,1.6203
2025-07-24T06:14:05.186599,BTC-USDT,117692.0,117692.01,0.0301,0.45024
2025-07-24T06:14:05.281728,SOL-USDT,183.42,183.44,3.79,0.05
2025-07-24T06:14:05.312147,LTC-USDT,109.534,109.545,0.011,0.011
2025-07-24T06:14:05.315572,XRP-USDT,3.0714,3.0727,696.2,371.2
2025-07-24T06:14:05.432932,ETH-USDT,3561.43,3561.44,1.4804,0.1403
2025-07-24T06:14:05.583310,SOL-USDT,183.42,183.44,15.685,0.05
2025-07-24T06:14:05.615886,LTC-USDT,109.534,109.577,2.092,2.092
2025-07-24T06:14:05.618855,XRP-USDT,3.0715,3.0732,371.2,16.3
2025-07-24T06:14:05.731555,ETH-USDT,3563.1,3563.11,2.0034,0.3015
2025-07-24T06:14:05.784419,BTC-USDT,117692.0,117692.01,0.0692,0.0001
2025-07-24T06:14:05.894139,SOL-USDT,183.43,183.44,5.015,0.05
2025-07-24T06:14:05.920183,LTC-USDT,109.555,109.566,0.852,0.011
2025-07-24T06:14:05.921975,XRP-USDT,3.0724,3.0735,371.2,288.0
2025-07-24T06:14:06.042267,ETH-USDT,3563.1,3563.11,6.0788,0.2752
2025-07-24T06:14:06.101573,BTC-USDT,117696.36,117696.37,0.039,0.0001
2025-07-24T06:14:06.216129,XRP-USDT,3.0729,3.0741,371.2,659.2
2025-07-24T06:14:06.332331,ETH-USDT,3563.1,3563.11,2.7054,1.7552
2025-07-24T06:14:06.383631,BTC-USDT,117696.36,117696.37,0.039,0.1688
2025-07-24T06:14:06.484466,SOL-USDT,183.43,183.44,4.518,0.05
2025-07-24T06:14:06.521382,LTC-USDT,109.554,109.556,0.011,0.011
2025-07-24T06:14:06.521861,XRP-USDT,3.0728,3.074,371.2,371.2
2025-07-24T06:14:06.667956,ETH-USDT,3563.1,3563.11,2.6561,1.7552
2025-07-24T06:14:06.720637,BTC-USDT,117696.36,117696.37,0.039,0.17726
2025-07-24T06:14:06.800273,SOL-USDT,183.43,183.46,4.287,2.537
2025-07-24T06:14:06.818176,XRP-USDT,3.0728,3.0739,288.0,436.2
2025-07-24T06:14:07.091554,SOL-USDT,183.43,183.46,4.723,3.017
2025-07-24T06:14:07.130020,XRP-USDT,3.0728,3.0738,288.0,371.2
2025-07-24T06:14:07.244610,ETH-USDT,3563.1,3563.11,1.9541,0.2752
2025-07-24T06:14:07.293419,BTC-USDT,117696.36,117696.37,0.039,0.1688
2025-07-24T06:14:07.388058,SOL-USDT,183.44,183.46,3.79,2.537
2025-07-24T06:14:07.422415,XRP-USDT,3.0727,3.074,387.5,371.2
2025-07-24T06:14:07.555753,ETH-USDT,3563.1,3563.11,4.6759,0.2752
2025-07-24T06:14:07.755458,SOL-USDT,183.44,183.45,0.436,0.728
2025-07-24T06:14:07.784608,LTC-USDT,109.554,109.556,0.011,0.011
2025-07-24T06:14:07.785642,XRP-USDT,3.0726,3.0737,16.3,371.2
2025-07-24T06:14:07.853467,ETH-USDT,3563.1,3563.11,1.9541,0.2752
2025-07-24T06:14:07.990146,SOL-USDT,183.44,183.45,0.497,0.728
2025-07-24T06:14:08.021112,XRP-USDT,3.0728,3.0738,288.0,371.2
2025-07-24T06:14:08.292135,SOL-USDT,183.44,183.46,7.885,5.7
2025-07-24T06:14:08.339503,XRP-USDT,3.0728,3.0738,19.0,371.2
2025-07-24T06:14:08.436393,ETH-USDT,3563.1,3563.11,2.1506,0.2752
2025-07-24T06:14:08.486741,BTC-USDT,117696.36,117696.37,0.07553,0.1688
2025-07-24T06:14:08.594039,SOL-USDT,183.44,183.46,0.81,0.27
2025-07-24T06:14:08.629546,XRP-USDT,3.073,3.0743,371.2,100.0
2025-07-24T06:14:08.629598,LTC-USDT,109.554,109.556,0.011,0.011
2025-07-24T06:14:08.736424,ETH-USDT,3563.1,3563.11,4.8444,0.2752
2025-07-24T06:14:08.787839,BTC-USDT,117696.36,117696.37,0.07553,0.0001
2025-07-24T06:14:08.889657,SOL-USDT,183.45,183.46,3.79,0.05
2025-07-24T06:14:08.920317,XRP-USDT,3.0734,3.0746,659.2,371.2
2025-07-24T06:14:08.923892,LTC-USDT,109.554,109.565,0.011,0.852
2025-07-24T06:14:09.038824,ETH-USDT,3563.45,3563.46,1.48,0.1
2025-07-24T06:14:09.092835,BTC-USDT,117688.0,117688.01,0.0301,0.35733
2025-07-24T06:14:09.190431,SOL-USDT,183.45,183.46,4.954,0.05
2025-07-24T06:14:09.348211,ETH-USDT,3563.45,3563.46,1.7606,0.1
2025-07-24T06:14:09.390996,BTC-USDT,117688.0,117688.01,0.0301,0.37685
2025-07-24T06:14:09.510209,SOL-USDT,183.45,183.46,16.199,0.05
2025-07-24T06:14:09.536196,XRP-USDT,3.0734,3.0748,371.2,325.0
2025-07-24T06:14:09.536231,LTC-USDT,109.554,109.556,0.011,0.011
2025-07-24T06:14:09.649639,ETH-USDT,3563.45,3563.46,5.4601,0.1
2025-07-24T06:14:09.803522,SOL-USDT,183.47,183.48,8.015,0.25
2025-07-24T06:14:09.823107,XRP-USDT,3.074,3.0752,371.2,288.0
2025-07-24T06:14:09.823829,LTC-USDT,109.564,109.566,0.011,0.011
2025-07-24T06:14:09.943793,ETH-USDT,3563.75,3563.76,9.0479,0.1
2025-07-24T06:14:09.991410,BTC-USDT,117688.0,117688.01,0.0615,0.35987
2025-07-24T06:14:10.091597,SOL-USDT,183.47,183.48,8.015,0.05
2025-07-24T06:14:10.244039,ETH-USDT,3563.85,3563.86,8.3387,0.1404
2025-07-24T06:14:10.392407,SOL-USDT,183.47,183.48,12.468,0.05
2025-07-24T06:14:10.424681,XRP-USDT,3.0742,3.0751,371.2,0.4
2025-07-24T06:14:10.540769,ETH-USDT,3563.85,3563.86,8.3387,0.1404
2025-07-24T06:14:10.592064,BTC-USDT,117688.0,117688.01,0.0615,0.39971
2025-07-24T06:14:10.704207,SOL-USDT,183.47,183.48,13.012,0.05
2025-07-24T06:14:10.725980,XRP-USDT,3.0742,3.0751,390.2,0.4
2025-07-24T06:14:10.726856,LTC-USDT,109.564,109.566,0.011,2.749
2025-07-24T06:14:10.851329,ETH-USDT,3564.2,3564.21,1.225,1.4937
2025-07-24T06:14:10.993588,SOL-USDT,183.47,183.48,13.509,0.109
2025-07-24T06:14:11.142366,ETH-USDT,3564.2,3564.21,1.225,1.4937
2025-07-24T06:14:11.200343,BTC-USDT,117688.0,117688.01,0.0615,0.43029
2025-07-24T06:14:11.294271,SOL-USDT,183.47,183.48,13.012,0.05
2025-07-24T06:14:11.327100,XRP-USDT,3.0742,3.0751,19.0,0.4
2025-07-24T06:14:11.443442,ETH-USDT,3564.2,3564.21,0.702,1.5498
2025-07-24T06:14:11.629361,LTC-USDT,109.564,109.566,0.011,0.011
2025-07-24T06:14:11.742925,ETH-USDT,3564.2,3564.21,1.252,1.4937
2025-07-24T06:14:11.895373,SOL-USDT,183.47,183.48,13.509,0.05
2025-07-24T06:14:11.928109,XRP-USDT,3.0742,3.0751,390.2,0.4
2025-07-24T06:14:12.046151,ETH-USDT,3564.39,3564.4,1.48,0.0097
2025-07-24T06:14:12.196475,SOL-USDT,183.5,183.51,7.334,0.25
2025-07-24T06:14:12.229585,XRP-USDT,3.0745,3.0751,371.2,0.4
2025-07-24T06:14:12.349444,ETH-USDT,3564.69,3564.7,2.0886,0.5532
2025-07-24T06:14:12.396197,BTC-USDT,117688.0,117688.01,0.0615,0.0502
2025-07-24T06:14:12.503993,SOL-USDT,183.53,183.54,3.82,0.05
2025-07-24T06:14:12.540939,XRP-USDT,3.0747,3.0751,371.2,0.4
2025-07-24T06:14:12.540990,LTC-USDT,109.564,109.566,0.011,0.011
2025-07-24T06:14:12.645583,ETH-USDT,3564.99,3565.0,2.9987,1.0942
2025-07-24T06:14:12.700814,BTC-USDT,117688.0,117688.01,0.07848,0.0502
2025-07-24T06:14:12.798140,SOL-USDT,183.53,183.54,4.317,0.05
2025-07-24T06:14:12.829536,XRP-USDT,3.0748,3.0751,371.2,0.4
2025-07-24T06:14:12.945710,ETH-USDT,3565.15,3565.16,1.48,1.6201
2025-07-24T06:14:13.245937,ETH-USDT,3565.19,3565.2,1.48,0.55
2025-07-24T06:14:13.297929,BTC-USDT,117688.0,117688.01,0.13848,0.03984
2025-07-24T06:14:13.399215,SOL-USDT,183.53,183.54,3.82,0.05
2025-07-24T06:14:13.431135,XRP-USDT,3.0746,3.0751,371.2,0.4
2025-07-24T06:14:13.546393,ETH-USDT,3565.54,3565.55,1.48,0.1401
2025-07-24T06:14:13.598472,BTC-USDT,117694.62,117694.63,0.1269,0.04731
2025-07-24T06:14:13.700499,SOL-USDT,183.53,183.54,3.82,0.05
2025-07-24T06:14:13.732369,XRP-USDT,3.0749,3.0761,371.2,341.3
2025-07-24T06:14:13.737823,LTC-USDT,109.569,109.57,1.585,0.011
2025-07-24T06:14:13.846401,ETH-USDT,3565.99,3566.0,1.5837,2.1701
2025-07-24T06:14:13.901234,BTC-USDT,117694.62,117694.63,0.14388,0.04731
2025-07-24T06:14:14.014915,SOL-USDT,183.53,183.54,4.317,0.05
2025-07-24T06:14:14.041208,XRP-USDT,3.0747,3.0757,16.3,371.2
2025-07-24T06:14:14.041371,LTC-USDT,109.569,109.57,1.585,0.011
2025-07-24T06:14:14.148014,ETH-USDT,3565.99,3566.0,0.1037,2.1701
2025-07-24T06:14:14.302077,SOL-USDT,183.53,183.54,3.01,5.098
2025-07-24T06:14:14.332410,XRP-USDT,3.0746,3.075,0.4,371.2
2025-07-24T06:14:14.338755,LTC-USDT,109.564,109.57,0.011,0.011
2025-07-24T06:14:14.449321,ETH-USDT,3565.5,3565.51,2.2708,1.48
2025-07-24T06:14:14.499670,BTC-USDT,117694.62,117694.63,0.04868,0.22025
2025-07-24T06:14:14.601938,SOL-USDT,183.53,183.54,3.01,5.098
2025-07-24T06:14:14.633416,XRP-USDT,3.0746,3.0748,0.4,371.2
2025-07-24T06:14:14.637435,LTC-USDT,109.564,109.566,0.011,0.011
2025-07-24T06:14:14.750103,ETH-USDT,3565.17,3565.18,2.7378,1.48
2025-07-24T06:14:14.802005,BTC-USDT,117694.62,117694.63,0.0317,0.31334
2025-07-24T06:14:14.902137,SOL-USDT,183.51,183.52,0.05,12.215
2025-07-24T06:14:14.934244,XRP-USDT,3.0736,3.0748,659.2,371.2
2025-07-24T06:14:14.938274,LTC-USDT,109.565,109.576,0.852,0.011
2025-07-24T06:14:15.049392,ETH-USDT,3565.17,3565.18,2.7378,1.48
2025-07-24T06:14:15.105216,BTC-USDT,117694.62,117694.63,0.06568,0.23914
2025-07-24T06:14:15.203935,SOL-USDT,183.51,183.52,6.344,12.108
2025-07-24T06:14:15.236309,XRP-USDT,3.0738,3.0748,371.2,65.0
2025-07-24T06:14:15.241054,LTC-USDT,109.565,109.576,0.011,0.011
2025-07-24T06:14:15.350971,ETH-USDT,3565.19,3565.2,1.4804,0.6901
2025-07-24T06:14:15.408000,BTC-USDT,117694.62,117694.63,0.06568,0.14605
2025-07-24T06:14:15.504386,SOL-USDT,183.51,183.52,6.779,12.108
2025-07-24T06:14:15.537981,XRP-USDT,3.0741,3.0755,371.2,16.3
2025-07-24T06:14:15.539786,LTC-USDT,109.574,109.576,0.011,0.011
2025-07-24T06:14:15.650302,ETH-USDT,3565.19,3565.2,1.7629,0.6901
2025-07-24T06:14:15.705189,BTC-USDT,117694.62,117694.63,0.06568,0.16485
2025-07-24T06:14:15.804959,SOL-USDT,183.51,183.52,0.05,12.108
2025-07-24T06:14:15.841311,XRP-USDT,3.0745,3.0756,371.2,288.0
2025-07-24T06:14:15.950811,ETH-USDT,3565.19,3565.2,1.7629,0.6901
2025-07-24T06:14:16.004650,BTC-USDT,117694.62,117694.63,0.06652,0.16909
2025-07-24T06:14:16.104154,SOL-USDT,183.51,183.52,0.05,12.108
2025-07-24T06:14:16.137419,XRP-USDT,3.0746,3.0756,371.2,65.0
2025-07-24T06:14:16.249835,ETH-USDT,3565.19,3565.2,1.7629,0.6901
2025-07-24T06:14:16.404495,SOL-USDT,183.51,183.53,0.485,4.0
2025-07-24T06:14:16.437860,XRP-USDT,3.0748,3.076,371.2,436.2
2025-07-24T06:14:16.447352,LTC-USDT,109.574,109.576,0.011,0.011
2025-07-24T06:14:16.550294,ETH-USDT,3565.4,3565.41,0.55,1.48
2025-07-24T06:14:16.706121,SOL-USDT,183.51,183.52,0.485,0.728
2025-07-24T06:14:16.738757,XRP-USDT,3.0748,3.076,371.2,983.2
2025-07-24T06:14:16.744463,LTC-USDT,109.574,109.576,0.011,0.011
2025-07-24T06:14:17.009313,SOL-USDT,183.51,183.52,0.05,0.728
2025-07-24T06:14:17.039999,XRP-USDT,3.0748,3.0759,325.0,371.2
2025-07-24T06:14:17.339804,XRP-USDT,3.0747,3.0759,338.0,436.2
2025-07-24T06:14:17.348434,LTC-USDT,109.584,109.595,0.011,0.011
2025-07-24T06:14:17.452318,ETH-USDT,3565.4,3565.41,0.55,1.7324
2025-07-24T06:14:17.508115,BTC-USDT,117694.62,117694.63,0.06906,0.16909
2025-07-24T06:14:17.610432,SOL-USDT,183.51,183.52,0.485,0.728
2025-07-24T06:14:17.641526,XRP-USDT,3.0747,3.0758,338.0,371.2
2025-07-24T06:14:17.647630,LTC-USDT,109.584,109.586,0.011,0.011
2025-07-24T06:14:17.808004,BTC-USDT,117694.62,117694.63,0.06652,0.16909
2025-07-24T06:14:17.912194,SOL-USDT,183.51,183.52,0.485,3.245
2025-07-24T06:14:17.943654,XRP-USDT,3.0747,3.0758,522.0,371.2
2025-07-24T06:14:18.054019,ETH-USDT,3565.4,3565.41,0.55,0.2524
2025-07-24T06:14:18.113853,BTC-USDT,117694.62,117694.63,0.09652,0.15283
2025-07-24T06:14:18.211524,SOL-USDT,183.51,183.53,0.485,2.964
2025-07-24T06:14:18.242612,XRP-USDT,3.0748,3.0758,384.2,65.0
2025-07-24T06:14:18.248288,LTC-USDT,109.594,109.596,0.011,0.011
2025-07-24T06:14:18.369263,ETH-USDT,3565.33,3565.34,0.0004,0.2802
2025-07-24T06:14:18.410082,BTC-USDT,117694.62,117694.63,0.09652,0.12225
2025-07-24T06:14:18.512913,SOL-USDT,183.51,183.53,5.787,2.267
2025-07-24T06:14:18.544947,XRP-USDT,3.0748,3.0758,371.2,508.0
2025-07-24T06:14:18.550632,LTC-USDT,109.594,109.596,0.011,0.011
2025-07-24T06:14:18.654893,ETH-USDT,3565.69,3565.7,1.48,1.3614
2025-07-24T06:14:18.725554,BTC-USDT,117694.62,117694.63,0.14342,0.04658
2025-07-24T06:14:18.817945,SOL-USDT,183.57,183.58,13.737,0.05
2025-07-24T06:14:18.845445,XRP-USDT,3.0751,3.076,371.2,288.0
2025-07-24T06:14:18.851625,LTC-USDT,109.614,109.616,0.011,0.011
2025-07-24T06:14:19.011599,BTC-USDT,117694.62,117694.63,0.14342,0.04404
2025-07-24T06:14:19.114105,SOL-USDT,183.54,183.55,0.497,9.527
2025-07-24T06:14:19.146295,XRP-USDT,3.0749,3.0759,577.0,371.2
2025-07-24T06:14:19.256291,ETH-USDT,3565.57,3565.58,0.7004,2.4509
2025-07-24T06:14:19.318209,BTC-USDT,117694.62,117694.63,0.09568,0.2633
2025-07-24T06:14:19.418791,SOL-USDT,183.54,183.55,0.05,4.518
2025-07-24T06:14:19.445916,XRP-USDT,3.0749,3.0757,577.0,371.2
2025-07-24T06:14:19.455011,LTC-USDT,109.604,109.615,0.011,0.011
2025-07-24T06:14:19.561673,ETH-USDT,3565.2,3565.21,0.2508,1.48
2025-07-24T06:14:19.625389,BTC-USDT,117688.73,117688.74,0.0075,0.31338
2025-07-24T06:14:19.717053,SOL-USDT,183.45,183.47,0.115,3.35
2025-07-24T06:14:19.746689,XRP-USDT,3.0737,3.0745,16.3,371.2
2025-07-24T06:14:19.753932,LTC-USDT,109.527,109.585,2.092,2.092
2025-07-24T06:14:19.859846,ETH-USDT,3564.51,3564.52,0.1011,1.48
2025-07-24T06:14:19.915274,BTC-USDT,117678.0,117678.01,0.0301,0.3846
2025-07-24T06:14:20.016535,SOL-USDT,183.46,183.47,0.05,9.635
2025-07-24T06:14:20.047984,XRP-USDT,3.0732,3.0744,659.2,371.2
2025-07-24T06:14:20.055772,LTC-USDT,109.555,109.566,0.852,0.011
2025-07-24T06:14:22.131303,ETH-USDT,3564.97,3564.98,1.6332,1.48
2025-07-24T06:14:22.131328,BTC-USDT,117678.0,117678.01,0.0621,0.2159
2025-07-24T06:14:22.131352,SOL-USDT,183.49,183.51,0.86,2.267
2025-07-24T06:14:22.131375,XRP-USDT,3.0736,3.0752,371.2,16.3
2025-07-24T06:14:22.131399,LTC-USDT,109.585,109.606,0.011,0.011
2025-07-24T06:14:22.131423,ETH-USDT,3565.99,3566.0,1.48,0.55
2025-07-24T06:14:22.131444,BTC-USDT,117679.14,117679.15,0.0995,0.0001
2025-07-24T06:14:22.131467,SOL-USDT,183.51,183.53,0.81,0.728
2025-07-24T06:14:22.131490,XRP-USDT,3.0739,3.0757,948.0,371.2
2025-07-24T06:14:22.131716,LTC-USDT,109.604,109.606,0.011,0.011
2025-07-24T06:14:22.131770,ETH-USDT,3566.11,3566.12,2.4092,0.028
2025-07-24T06:14:22.131812,SOL-USDT,183.5,183.52,6.367,0.728
2025-07-24T06:14:22.131851,XRP-USDT,3.0743,3.0755,659.2,371.2
2025-07-24T06:14:22.131911,ETH-USDT,3566.11,3566.12,2.4092,0.028
2025-07-24T06:14:22.131947,SOL-USDT,183.51,183.53,3.79,0.547
2025-07-24T06:14:22.131982,XRP-USDT,3.0744,3.0757,371.2,648.0
2025-07-24T06:14:22.132020,LTC-USDT,109.605,109.616,0.011,0.011
2025-07-24T06:14:22.132062,BTC-USDT,117679.14,117679.15,0.0395,8e-05
2025-07-24T06:14:22.132103,SOL-USDT,183.5,183.53,5.87,0.05
2025-07-24T06:14:22.132928,XRP-USDT,3.074,3.0757,371.2,648.0
2025-07-24T06:14:22.132975,LTC-USDT,109.614,109.616,0.011,0.011
2025-07-24T06:14:22.133408,ETH-USDT,3566.11,3566.12,2.5103,1.508
2025-07-24T06:14:22.133455,BTC-USDT,117679.14,117679.15,0.0395,0.02499
2025-07-24T06:14:22.133496,SOL-USDT,183.49,183.5,3.84,2.267
2025-07-24T06:14:22.133535,XRP-USDT,3.0764,3.0781,659.2,426.9
2025-07-24T06:14:22.133569,LTC-USDT,109.614,109.616,0.011,0.011
2025-07-24T06:14:22.133607,ETH-USDT,3566.52,3566.53,2.9987,1.58
2025-07-24T06:14:22.133642,BTC-USDT,117679.99,117680.0,0.12931,0.0684
2025-07-24T06:14:23.324551,SOL-USDT,183.5,183.51,4.568,0.497
2025-07-24T06:14:23.324582,XRP-USDT,3.0775,3.0781,371.2,34.8
2025-07-24T06:14:23.324611,LTC-USDT,109.615,109.626,0.852,0.011
2025-07-24T06:14:23.324643,ETH-USDT,3566.69,3566.7,1.48,0.55
2025-07-24T06:14:23.324674,SOL-USDT,183.52,183.53,3.79,0.05
2025-07-24T06:14:23.324729,XRP-USDT,3.0773,3.0781,4790.0,34.8
2025-07-24T06:14:23.324765,LTC-USDT,109.615,109.673,2.092,2.092
2025-07-24T06:14:23.324795,ETH-USDT,3567.1,3567.11,2.7342,1.381
2025-07-24T06:14:23.324828,BTC-USDT,117685.99,117688.0,0.28823,0.0286
2025-07-24T06:14:23.324862,SOL-USDT,183.52,183.55,3.79,2.136
2025-07-24T06:14:23.324912,XRP-USDT,3.078,3.079,4738.0,288.0
2025-07-24T06:14:23.324941,LTC-USDT,109.624,109.626,2.103,0.011
2025-07-24T06:14:23.324972,ETH-USDT,3567.1,3567.11,2.7729,1.381
2025-07-24T06:14:23.325006,BTC-USDT,117691.99,117692.0,0.22216,0.0272
2025-07-24T06:14:23.325042,SOL-USDT,183.54,183.55,1.86,0.728
2025-07-24T06:14:23.325071,XRP-USDT,3.0781,3.0794,304.3,288.0
2025-07-24T06:14:23.325095,LTC-USDT,109.674,109.676,0.011,0.011
2025-07-24T06:14:23.325118,ETH-USDT,3567.1,3567.11,0.55,1.4142
2025-07-24T06:14:23.325147,BTC-USDT,117691.99,117692.0,0.04604,0.0272
2025-07-24T06:14:23.332291,SOL-USDT,183.54,183.55,2.588,0.05
2025-07-24T06:14:23.358166,XRP-USDT,3.0781,3.0793,16.3,371.2
2025-07-24T06:14:24.029733,ETH-USDT,3567.1,3567.11,1.2582,1.381
2025-07-24T06:14:24.029830,BTC-USDT,117691.99,117692.0,0.19072,0.0272
2025-07-24T06:14:24.029947,SOL-USDT,183.54,183.55,9.37,0.05
2025-07-24T06:14:24.030043,XRP-USDT,3.0781,3.0797,400.5,648.0
2025-07-24T06:14:24.030077,LTC-USDT,109.674,109.676,0.011,0.011
2025-07-24T06:14:24.030103,ETH-USDT,3567.59,3567.6,1.4162,0.55
2025-07-24T06:14:24.030128,BTC-USDT,117692.22,117692.23,0.40872,0.03979
2025-07-24T06:14:24.030151,SOL-USDT,183.54,183.55,9.867,0.05
2025-07-24T06:14:24.030174,XRP-USDT,3.0787,3.0795,4790.0,288.0
2025-07-24T06:14:24.030196,LTC-USDT,109.677,109.681,1.585,0.011
2025-07-24T06:14:24.066662,ETH-USDT,3567.94,3567.95,1.48,0.14
2025-07-24T06:14:24.126120,BTC-USDT,117695.99,117696.0,0.05922,0.06699
2025-07-24T06:14:24.226254,SOL-USDT,183.56,183.57,0.497,0.05
2025-07-24T06:14:24.259331,XRP-USDT,3.0783,3.0797,371.2,324.0
2025-07-24T06:14:24.268408,LTC-USDT,109.684,109.739,2.103,2.092
2025-07-24T06:14:24.368260,ETH-USDT,3568.29,3568.3,2.9987,0.5676
2025-07-24T06:14:24.427780,BTC-USDT,117717.99,117718.0,0.20262,0.0272
2025-07-24T06:14:24.530377,SOL-USDT,183.55,183.58,2.267,3.99
2025-07-24T06:14:24.561083,XRP-USDT,3.0787,3.0806,4790.0,371.2
2025-07-24T06:14:24.570637,LTC-USDT,109.709,109.711,0.011,0.011
2025-07-24T06:14:24.667615,ETH-USDT,3568.3,3568.31,2.7821,1.62
2025-07-24T06:14:24.728143,BTC-USDT,117719.99,117720.0,0.05317,0.0272
2025-07-24T06:14:25.322612,SOL-USDT,183.56,183.59,4.433,0.747
2025-07-24T06:14:25.322636,XRP-USDT,3.0786,3.0799,288.0,288.0
2025-07-24T06:14:25.322659,LTC-USDT,109.725,109.759,2.103,2.354
2025-07-24T06:14:25.322683,ETH-USDT,3568.19,3568.3,5.6925,0.55
2025-07-24T06:14:25.322707,BTC-USDT,117719.99,117720.0,0.24357,0.0272
2025-07-24T06:14:25.322731,SOL-USDT,183.58,183.59,3.79,0.747
2025-07-24T06:14:25.322753,XRP-USDT,3.0792,3.0805,659.2,659.2
2025-07-24T06:14:25.322774,LTC-USDT,109.735,109.746,2.944,0.011
2025-07-24T06:14:25.322794,ETH-USDT,3568.49,3568.5,1.48,1.7937
2025-07-24T06:14:25.336846,BTC-USDT,117723.99,117724.0,0.16048,0.0272
2025-07-24T06:14:25.429211,SOL-USDT,183.57,183.6,6.97,0.2
2025-07-24T06:14:25.465277,XRP-USDT,3.0792,3.0797,371.2,1.2
2025-07-24T06:14:25.473891,LTC-USDT,109.745,109.756,0.011,0.011
2025-07-24T06:14:25.630190,BTC-USDT,117727.99,117728.0,0.0392,0.0272
2025-07-24T06:14:25.729561,SOL-USDT,183.57,183.59,0.05,1.93
2025-07-24T06:14:25.764405,XRP-USDT,3.0792,3.0797,288.0,1.2
2025-07-24T06:14:25.774940,LTC-USDT,109.749,109.756,0.841,0.011
2025-07-24T06:14:25.872443,ETH-USDT,3568.2,3568.21,0.6315,1.48
2025-07-24T06:14:25.931667,BTC-USDT,117727.99,117728.0,0.05897,0.0272
2025-07-24T06:14:26.030997,SOL-USDT,183.57,183.58,0.05,3.228
2025-07-24T06:14:26.063950,XRP-USDT,3.0791,3.0797,371.2,1.2
2025-07-24T06:14:26.076852,LTC-USDT,109.735,109.741,0.011,0.011
2025-07-24T06:14:26.171379,ETH-USDT,3568.28,3568.29,1.48,0.7182
2025-07-24T06:14:26.232539,BTC-USDT,117727.99,117730.0,0.32418,0.0272
2025-07-24T06:14:26.331988,SOL-USDT,183.57,183.58,0.05,0.2
2025-07-24T06:14:26.364057,XRP-USDT,3.0791,3.0797,390.2,1.2
2025-07-24T06:14:26.377050,LTC-USDT,109.735,109.741,0.011,0.011
2025-07-24T06:14:26.471323,ETH-USDT,3568.29,3568.3,1.48,0.69
2025-07-24T06:14:26.531561,BTC-USDT,117731.34,117731.35,0.07561,0.00011
2025-07-24T06:14:26.631963,SOL-USDT,183.57,183.58,0.597,0.2
2025-07-24T06:14:26.677392,LTC-USDT,109.744,109.746,0.011,0.011
2025-07-24T06:14:26.932633,SOL-USDT,183.58,183.6,3.79,0.697
2025-07-24T06:14:26.966079,XRP-USDT,3.0791,3.0797,615.2,1.2
2025-07-24T06:14:27.072398,ETH-USDT,3568.29,3568.3,1.7602,0.69
2025-07-24T06:14:27.134111,BTC-USDT,117731.34,117731.35,0.38899,1e-05
2025-07-24T06:14:27.233662,SOL-USDT,183.59,183.61,13.646,0.697
2025-07-24T06:14:27.534530,SOL-USDT,183.6,183.61,6.726,0.2
2025-07-24T06:14:27.567268,XRP-USDT,3.0792,3.0797,615.2,1.2
2025-07-24T06:14:27.584713,LTC-USDT,109.744,109.746,0.011,0.011
2025-07-24T06:14:27.834445,SOL-USDT,183.59,183.61,2.295,0.697
2025-07-24T06:14:27.868667,XRP-USDT,3.0792,3.0797,371.2,1.2
2025-07-24T06:14:27.974842,ETH-USDT,3568.29,3568.3,1.48,0.69
2025-07-24T06:14:28.136203,SOL-USDT,183.59,183.61,8.585,0.697
2025-07-24T06:14:28.169371,XRP-USDT,3.0788,3.0797,659.2,1.2
2025-07-24T06:14:28.274231,ETH-USDT,3568.2,3568.21,0.7128,1.48
2025-07-24T06:14:28.337860,BTC-USDT,117731.34,117731.35,0.38899,1e-05
2025-07-24T06:14:28.436180,SOL-USDT,183.6,183.61,6.29,0.2
2025-07-24T06:14:28.470818,XRP-USDT,3.0781,3.0794,19.0,371.2
2025-07-24T06:14:28.484050,LTC-USDT,109.702,109.77,2.092,2.69
2025-07-24T06:14:28.578207,ETH-USDT,3568.2,3568.21,2.1928,1.4808
2025-07-24T06:14:28.637668,BTC-USDT,117731.34,117731.35,0.38899,1e-05
2025-07-24T06:14:28.736840,SOL-USDT,183.6,183.61,0.446,0.2
2025-07-24T06:14:28.770735,XRP-USDT,3.078,3.0793,5078.0,288.0
2025-07-24T06:14:28.786275,LTC-USDT,109.744,109.746,0.011,0.011
2025-07-24T06:14:28.875321,ETH-USDT,3568.2,3568.21,2.1928,1.4816
2025-07-24T06:14:29.038733,SOL-USDT,183.59,183.61,8.585,0.697
2025-07-24T06:14:29.071546,XRP-USDT,3.0784,3.0797,659.2,289.2
2025-07-24T06:14:29.086479,LTC-USDT,109.745,109.756,0.852,0.011
2025-07-24T06:14:29.176583,ETH-USDT,3568.2,3568.21,0.7128,1.4816
2025-07-24T06:14:29.338933,SOL-USDT,183.59,183.61,8.585,0.2
2025-07-24T06:14:29.371727,XRP-USDT,3.0785,3.0797,596.2,662.2
2025-07-24T06:14:29.387159,LTC-USDT,109.745,109.756,0.011,0.011
2025-07-24T06:14:29.475754,ETH-USDT,3568.2,3568.21,0.7128,0.0016
2025-07-24T06:14:29.639041,SOL-USDT,183.6,183.61,0.435,0.2
2025-07-24T06:14:29.675206,XRP-USDT,3.0787,3.0797,596.2,1.2
2025-07-24T06:14:29.690674,LTC-USDT,109.754,109.756,0.011,0.011
2025-07-24T06:14:29.776214,ETH-USDT,3568.2,3568.21,0.7128,1.4816
2025-07-24T06:14:29.840238,BTC-USDT,117731.34,117731.35,0.38899,1e-05
2025-07-24T06:14:29.939759,SOL-USDT,183.6,183.61,7.045,0.697
2025-07-24T06:14:29.973965,XRP-USDT,3.0787,3.0797,596.2,1.2
2025-07-24T06:14:30.077056,ETH-USDT,3568.2,3568.21,0.7128,1.4816
2025-07-24T06:14:30.244308,SOL-USDT,183.59,183.6,0.635,0.728
2025-07-24T06:14:30.327989,XRP-USDT,3.0788,3.0797,371.2,338.2
2025-07-24T06:14:30.377675,ETH-USDT,3568.2,3568.21,0.7128,0.0016
2025-07-24T06:14:30.546358,SOL-USDT,183.59,183.6,0.728,0.2
2025-07-24T06:14:30.575612,XRP-USDT,3.0788,3.0797,371.2,1.2
2025-07-24T06:14:30.591382,LTC-USDT,109.754,109.756,0.011,0.011
2025-07-24T06:14:30.681114,ETH-USDT,3568.2,3568.21,0.993,0.0016
2025-07-24T06:14:30.841106,SOL-USDT,183.59,183.6,9.313,0.2
2025-07-24T06:14:30.875798,XRP-USDT,3.0796,3.0797,4790.0,1.2
2025-07-24T06:14:30.892023,LTC-USDT,109.757,109.77,1.574,0.033
2025-07-24T06:14:30.979276,ETH-USDT,3568.49,3568.5,1.48,0.7935
2025-07-24T06:14:31.044194,BTC-USDT,117731.34,117731.35,0.39026,1e-05
2025-07-24T06:14:31.142702,SOL-USDT,183.65,183.66,0.497,2.708
2025-07-24T06:14:31.176731,XRP-USDT,3.0792,3.0797,659.2,1.2
2025-07-24T06:14:31.195191,LTC-USDT,109.769,109.776,0.852,0.011
2025-07-24T06:14:31.442130,SOL-USDT,183.63,183.64,6.9,0.05
2025-07-24T06:14:31.477553,XRP-USDT,3.0793,3.0797,371.2,1.2
2025-07-24T06:14:31.497332,LTC-USDT,109.733,109.814,2.092,2.092
2025-07-24T06:14:31.580549,ETH-USDT,3568.49,3568.5,1.48,0.7935
2025-07-24T06:14:31.644301,BTC-USDT,117735.66,117735.67,0.06098,0.16765
2025-07-24T06:14:31.742915,SOL-USDT,183.6,183.62,8.647,0.05
2025-07-24T06:14:31.778431,XRP-USDT,3.0788,3.0797,371.2,1.2
2025-07-24T06:14:31.795669,LTC-USDT,109.774,109.776,0.011,0.011
2025-07-24T06:14:31.882299,ETH-USDT,3568.4,3568.41,1.32,1.48
2025-07-24T06:14:31.947482,BTC-USDT,117757.09,117762.54,0.12672,0.1687
2025-07-24T06:14:32.044893,SOL-USDT,183.64,183.68,3.254,3.79
2025-07-24T06:14:32.080222,XRP-USDT,3.0792,3.0807,371.2,371.2
2025-07-24T06:14:32.095156,LTC-USDT,109.789,109.791,0.011,0.011
2025-07-24T06:14:32.183326,ETH-USDT,3568.89,3568.9,2.8324,1.2372
2025-07-24T06:14:32.252124,BTC-USDT,117792.58,117792.59,0.41696,0.17513
2025-07-24T06:14:32.345672,SOL-USDT,183.67,183.68,7.647,0.2
2025-07-24T06:14:32.381066,XRP-USDT,3.0801,3.0817,371.2,16.3
2025-07-24T06:14:32.399581,LTC-USDT,109.804,109.806,2.103,0.011
2025-07-24T06:14:32.484329,ETH-USDT,3569.39,3569.4,1.58,0.522
2025-07-24T06:14:32.553123,BTC-USDT,117799.0,117799.01,0.4075,0.14433
2025-07-24T06:14:32.648342,SOL-USDT,183.69,183.7,7.29,0.2
2025-07-24T06:14:32.682946,XRP-USDT,3.0814,3.0827,4790.0,371.2
2025-07-24T06:14:32.697665,LTC-USDT,109.814,109.816,2.103,0.011
2025-07-24T06:14:32.783977,ETH-USDT,3569.39,3569.4,0.8243,0.522
2025-07-24T06:14:32.850205,BTC-USDT,117799.0,117799.01,0.40877,0.38283
2025-07-24T06:14:32.951859,SOL-USDT,183.69,183.7,7.29,0.497
2025-07-24T06:14:32.988399,XRP-USDT,3.0814,3.0822,4790.0,371.2
2025-07-24T06:14:32.999009,LTC-USDT,109.819,109.87,2.092,2.978
2025-07-24T06:14:33.084296,ETH-USDT,3569.8,3569.81,0.1223,1.48
2025-07-24T06:14:33.153248,BTC-USDT,117799.0,117799.01,0.40877,0.10141
2025-07-24T06:14:33.249761,SOL-USDT,183.69,183.7,6.231,0.497
2025-07-24T06:14:33.301025,LTC-USDT,109.824,109.826,0.011,0.011
2025-07-24T06:14:33.384644,ETH-USDT,3569.59,3569.6,1.58,0.522
2025-07-24T06:14:33.454055,BTC-USDT,117799.0,117799.01,0.40877,0.27011
2025-07-24T06:14:33.551061,SOL-USDT,183.69,183.73,1.86,2.6
2025-07-24T06:14:33.601199,LTC-USDT,109.814,109.825,0.011,0.011
2025-07-24T06:14:33.684953,ETH-USDT,3569.69,3569.7,1.48,0.522
2025-07-24T06:14:33.751830,BTC-USDT,117799.0,117799.01,0.27121,0.30022
2025-07-24T06:14:33.850838,SOL-USDT,183.69,183.71,1.86,0.497
2025-07-24T06:14:33.886946,XRP-USDT,3.081,3.0822,288.0,371.2
2025-07-24T06:14:33.903890,LTC-USDT,109.784,109.791,0.011,0.841
2025-07-24T06:14:33.985160,ETH-USDT,3569.59,3569.6,1.1857,1.2433
2025-07-24T06:14:34.054516,BTC-USDT,117799.0,117799.01,0.27121,0.29047
2025-07-24T06:14:34.152538,SOL-USDT,183.68,183.71,10.627,0.497
2025-07-24T06:14:34.186183,XRP-USDT,3.0805,3.0816,340.3,659.2
2025-07-24T06:14:34.285612,ETH-USDT,3570.0,3570.01,0.522,1.48
2025-07-24T06:14:34.352994,BTC-USDT,117799.0,117799.01,0.27121,0.33025
2025-07-24T06:14:34.452388,SOL-USDT,183.72,183.73,4.591,0.05
2025-07-24T06:14:34.486532,XRP-USDT,3.0814,3.0828,387.5,34.9
2025-07-24T06:14:34.503607,LTC-USDT,109.809,109.811,0.011,0.011
2025-07-24T06:14:34.587370,ETH-USDT,3570.6,3570.61,0.522,4.1771
2025-07-24T06:14:34.656100,BTC-USDT,117799.0,117799.01,0.27121,0.03978
2025-07-24T06:14:34.752935,SOL-USDT,183.76,183.77,10.328,0.05
2025-07-24T06:14:34.811010,XRP-USDT,3.082,3.0828,4790.0,34.9
2025-07-24T06:14:34.811055,LTC-USDT,109.804,109.806,2.103,0.011
2025-07-24T06:14:34.887685,ETH-USDT,3570.89,3570.9,1.4522,1.8441
2025-07-24T06:14:34.955591,BTC-USDT,117801.92,117801.93,0.27744,0.08966
2025-07-24T06:14:35.054020,SOL-USDT,183.76,183.77,5.737,7.41
2025-07-24T06:14:35.187250,ETH-USDT,3570.5,3570.51,0.5589,1.48
2025-07-24T06:14:35.257253,BTC-USDT,117801.92,117801.93,0.27744,0.12947
2025-07-24T06:14:35.354770,SOL-USDT,183.74,183.76,5.737,0.05
2025-07-24T06:14:35.390424,XRP-USDT,3.0817,3.0828,575.4,406.1
2025-07-24T06:14:35.407663,LTC-USDT,109.804,109.806,0.011,0.011
2025-07-24T06:14:35.487912,ETH-USDT,3570.5,3570.51,0.5589,1.48
2025-07-24T06:14:35.654907,SOL-USDT,183.75,183.76,9.527,0.05
2025-07-24T06:14:35.690398,XRP-USDT,3.0817,3.0828,575.4,98.9
2025-07-24T06:14:35.713770,LTC-USDT,109.804,109.806,0.011,0.011
2025-07-24T06:14:35.788636,ETH-USDT,3570.63,3570.64,0.0006,1.48
2025-07-24T06:14:35.858036,BTC-USDT,117803.25,117803.57,0.0075,0.042
2025-07-24T06:14:35.958662,SOL-USDT,183.75,183.76,0.497,2.781
2025-07-24T06:14:35.994347,XRP-USDT,3.0814,3.0825,575.4,371.2
2025-07-24T06:14:36.010307,LTC-USDT,109.794,109.796,0.011,0.011
2025-07-24T06:14:36.089316,ETH-USDT,3570.49,3570.5,1.48,1.2443
2025-07-24T06:14:36.161295,BTC-USDT,117803.25,117803.26,0.06994,0.35119
2025-07-24T06:14:36.261391,SOL-USDT,183.76,183.81,9.527,0.2
2025-07-24T06:14:36.292297,XRP-USDT,3.0816,3.0827,387.5,1.0
2025-07-24T06:14:36.310653,LTC-USDT,109.795,109.806,0.852,0.011
2025-07-24T06:14:36.395363,ETH-USDT,3570.69,3570.7,1.48,0.4662
2025-07-24T06:14:36.460769,BTC-USDT,117803.25,117803.26,0.06994,0.20965
2025-07-24T06:14:36.558258,SOL-USDT,183.79,183.8,10.328,0.05
2025-07-24T06:14:36.592055,XRP-USDT,3.0816,3.0827,706.5,1.0
2025-07-24T06:14:36.610917,LTC-USDT,109.804,109.806,0.011,0.011
2025-07-24T06:14:36.690235,ETH-USDT,3570.5,3570.51,0.0227,1.6199
2025-07-24T06:14:36.759829,BTC-USDT,117803.25,117803.26,0.06994,0.21219
2025-07-24T06:14:36.865205,SOL-USDT,183.79,183.8,10.825,0.05
2025-07-24T06:14:36.893630,XRP-USDT,3.0822,3.0829,4790.0,100.0
2025-07-24T06:14:36.991094,ETH-USDT,3570.4,3570.41,0.522,1.48
2025-07-24T06:14:37.072535,BTC-USDT,117803.25,117803.26,0.06994,0.17232
2025-07-24T06:14:37.161033,SOL-USDT,183.79,183.8,15.454,0.05
2025-07-24T06:14:37.195063,XRP-USDT,3.0823,3.0835,387.5,288.0
2025-07-24T06:14:37.293012,ETH-USDT,3570.2,3570.21,0.5377,2.9987
2025-07-24T06:14:37.360790,BTC-USDT,117803.25,117803.26,0.06994,0.21222
2025-07-24T06:14:37.462636,SOL-USDT,183.79,183.8,16.361,0.05
2025-07-24T06:14:37.495310,XRP-USDT,3.0823,3.0836,387.5,388.0
2025-07-24T06:14:37.515896,LTC-USDT,109.804,109.806,0.011,0.011
2025-07-24T06:14:37.591037,ETH-USDT,3570.29,3570.3,1.48,0.522
2025-07-24T06:14:37.664178,BTC-USDT,117802.49,117802.5,0.07121,0.34117
2025-07-24T06:14:37.759239,SOL-USDT,183.79,183.8,17.232,0.05
2025-07-24T06:14:37.795618,XRP-USDT,3.0825,3.0838,659.2,659.2
2025-07-24T06:14:37.892535,ETH-USDT,3571.8,3571.9,0.522,1.5242
2025-07-24T06:14:37.965535,BTC-USDT,117803.56,117803.57,0.12044,0.03
2025-07-24T06:14:38.065502,SOL-USDT,183.87,183.88,8.091,2.374
2025-07-24T06:14:38.099350,XRP-USDT,3.0829,3.0841,4790.0,288.0
2025-07-24T06:14:38.117147,LTC-USDT,109.834,109.836,0.011,0.011
2025-07-24T06:14:38.193917,ETH-USDT,3571.99,3572.0,0.4576,1.2403
2025-07-24T06:14:38.275078,BTC-USDT,117803.56,117803.57,0.12044,0.04002
2025-07-24T06:14:38.362587,SOL-USDT,183.87,183.88,7.287,0.25
2025-07-24T06:14:38.397208,XRP-USDT,3.083,3.0843,675.5,288.0
2025-07-24T06:14:38.494746,ETH-USDT,3571.99,3572.0,1.3949,0.522
2025-07-24T06:14:38.564608,BTC-USDT,117803.56,117803.57,0.12044,0.0701
2025-07-24T06:14:38.661349,SOL-USDT,183.87,183.88,3.0,1.02
2025-07-24T06:14:38.700221,XRP-USDT,3.083,3.0845,387.5,324.0
2025-07-24T06:14:38.723838,LTC-USDT,109.834,109.836,0.011,0.011
2025-07-24T06:14:38.798794,ETH-USDT,3571.67,3571.68,0.2265,2.1939
2025-07-24T06:14:38.864802,BTC-USDT,117803.56,117803.57,0.11294,0.23943
2025-07-24T06:14:38.962180,SOL-USDT,183.83,183.84,0.497,5.611
2025-07-24T06:14:39.002549,XRP-USDT,3.0836,3.0845,371.2,612.0
2025-07-24T06:14:39.096575,ETH-USDT,3571.5,3571.51,0.6561,1.48
2025-07-24T06:14:39.262991,SOL-USDT,183.83,183.84,0.497,1.821
2025-07-24T06:14:39.299028,XRP-USDT,3.0839,3.0852,16.3,695.2
2025-07-24T06:14:39.396274,ETH-USDT,3571.5,3571.51,0.6561,2.9987
2025-07-24T06:14:39.468916,BTC-USDT,117803.56,117803.57,0.06994,0.23943
2025-07-24T06:14:39.575018,SOL-USDT,183.8,183.81,1.86,0.2
2025-07-24T06:14:39.619225,XRP-USDT,3.0835,3.0852,371.2,1018.2
2025-07-24T06:14:39.625490,LTC-USDT,109.844,109.846,0.011,0.011
2025-07-24T06:14:39.696346,ETH-USDT,3571.5,3571.51,1.5844,1.48
2025-07-24T06:14:39.767422,BTC-USDT,117803.56,117803.57,0.07121,0.26991
2025-07-24T06:14:39.865206,SOL-USDT,183.85,183.86,10.021,0.547
2025-07-24T06:14:39.901115,XRP-USDT,3.0867,3.0886,583.8,371.2
2025-07-24T06:14:39.923060,LTC-USDT,109.87,109.925,2.092,2.026
2025-07-24T06:14:39.998252,ETH-USDT,3572.19,3572.2,1.48,0.522
2025-07-24T06:14:40.068691,BTC-USDT,117803.56,117803.57,0.08641,0.03
2025-07-24T06:14:40.164218,SOL-USDT,183.85,183.86,10.518,0.05
2025-07-24T06:14:40.201978,XRP-USDT,3.0868,3.0888,584.0,371.2
2025-07-24T06:14:40.226148,LTC-USDT,109.894,109.896,0.011,0.011
2025-07-24T06:14:40.298655,ETH-USDT,3572.29,3572.3,1.48,0.522
2025-07-24T06:14:40.369610,BTC-USDT,117804.77,117804.78,0.12084,0.04222
2025-07-24T06:14:40.465359,SOL-USDT,183.85,183.86,10.021,0.05
2025-07-24T06:14:40.502556,XRP-USDT,3.0868,3.0885,584.0,371.2
2025-07-24T06:14:40.525368,LTC-USDT,109.895,109.896,2.092,0.011
2025-07-24T06:14:40.603678,ETH-USDT,3572.5,3572.51,1.2862,1.24
2025-07-24T06:14:40.670061,BTC-USDT,117804.77,117804.78,0.12084,0.25218
2025-07-24T06:14:40.766429,SOL-USDT,183.84,183.85,0.497,0.05
2025-07-24T06:14:40.803141,XRP-USDT,3.0864,3.0878,371.2,371.2
2025-07-24T06:14:40.824979,LTC-USDT,109.894,109.896,0.011,0.011
2025-07-24T06:14:40.899932,ETH-USDT,3572.19,3572.2,1.48,0.522
2025-07-24T06:14:40.970768,BTC-USDT,117796.0,117796.01,0.0024,0.58703
2025-07-24T06:14:41.066722,SOL-USDT,183.84,183.85,4.287,0.05
2025-07-24T06:14:41.104470,XRP-USDT,3.0862,3.0874,694.2,288.0
2025-07-24T06:14:41.212451,ETH-USDT,3572.29,3572.3,1.48,0.522
2025-07-24T06:14:41.271195,BTC-USDT,117793.23,117793.24,0.00212,0.39883
2025-07-24T06:14:41.366975,SOL-USDT,183.84,183.85,15.487,0.05
2025-07-24T06:14:41.404447,XRP-USDT,3.0862,3.0881,371.2,371.2
2025-07-24T06:14:41.502362,ETH-USDT,3572.34,3572.35,1.48,1.48
2025-07-24T06:14:41.572412,BTC-USDT,117793.23,117793.24,0.00212,0.4158
2025-07-24T06:14:41.707489,XRP-USDT,3.0862,3.0875,955.9,4790.0
2025-07-24T06:14:41.733200,LTC-USDT,109.894,109.896,0.011,0.011
2025-07-24T06:14:41.801573,ETH-USDT,3572.32,3572.33,0.115,2.9987
2025-07-24T06:14:41.978365,SOL-USDT,183.84,183.85,5.963,0.851
2025-07-24T06:14:42.012837,XRP-USDT,3.0862,3.087,584.7,288.0
2025-07-24T06:14:42.103348,ETH-USDT,3572.3,3572.31,0.522,2.9987
2025-07-24T06:14:42.173099,BTC-USDT,117793.23,117793.24,0.00212,0.44636
2025-07-24T06:14:42.269975,SOL-USDT,183.84,183.85,5.466,0.05
2025-07-24T06:14:42.311148,XRP-USDT,3.086,3.0872,584.7,374.0
2025-07-24T06:14:42.570346,SOL-USDT,183.84,183.85,6.009,0.05
2025-07-24T06:14:42.607280,XRP-USDT,3.0861,3.0874,16.3,311.2
2025-07-24T06:14:42.631521,LTC-USDT,109.894,109.896,0.011,0.011
2025-07-24T06:14:42.704177,ETH-USDT,3572.3,3572.31,1.2273,2.9987
2025-07-24T06:14:42.869366,SOL-USDT,183.84,183.85,6.506,0.05
2025-07-24T06:14:42.907924,XRP-USDT,3.0862,3.0874,835.0,682.4
2025-07-24T06:14:43.004452,ETH-USDT,3572.31,3572.32,0.22,1.6198
2025-07-24T06:14:43.170320,SOL-USDT,183.84,183.85,5.963,0.05
2025-07-24T06:14:43.211377,XRP-USDT,3.086,3.087,584.7,371.2
2025-07-24T06:14:43.232834,LTC-USDT,109.889,109.896,0.841,0.011
2025-07-24T06:14:43.305307,ETH-USDT,3572.16,3572.17,1.586,2.9987
2025-07-24T06:14:43.376624,BTC-USDT,117793.23,117793.24,0.00212,0.42939
2025-07-24T06:14:43.472014,SOL-USDT,183.82,183.85,12.068,0.05
2025-07-24T06:14:43.509165,XRP-USDT,3.0855,3.0867,16.3,371.2
2025-07-24T06:14:43.539752,LTC-USDT,109.884,109.895,0.011,2.103
2025-07-24T06:14:43.606170,ETH-USDT,3571.61,3571.62,1.5521,1.48
2025-07-24T06:14:43.676748,BTC-USDT,117780.0,117780.01,0.0301,0.44842
2025-07-24T06:14:43.777054,SOL-USDT,183.81,183.82,0.547,0.2
2025-07-24T06:14:43.810526,XRP-USDT,3.0846,3.0858,388.0,371.2
2025-07-24T06:14:43.834249,LTC-USDT,109.874,109.885,0.011,0.852
2025-07-24T06:14:43.905809,ETH-USDT,3571.13,3571.14,0.0264,1.48
2025-07-24T06:14:43.983813,BTC-USDT,117774.0,117774.01,0.0301,0.51027
2025-07-24T06:14:44.072670,SOL-USDT,183.78,183.79,0.05,3.228
2025-07-24T06:14:44.123107,XRP-USDT,3.0838,3.0847,612.0,4790.0
2025-07-24T06:14:44.136717,LTC-USDT,109.874,109.884,0.011,2.092
2025-07-24T06:14:44.206444,ETH-USDT,3571.0,3571.01,0.5365,1.48
2025-07-24T06:14:44.282372,BTC-USDT,117772.0,117772.01,0.0301,0.43425
2025-07-24T06:14:44.373247,SOL-USDT,183.78,183.79,0.05,2.731
2025-07-24T06:14:44.413413,XRP-USDT,3.0838,3.0847,324.0,4790.0
2025-07-24T06:14:44.436357,LTC-USDT,109.855,109.866,0.011,0.011
2025-07-24T06:14:44.507619,ETH-USDT,3571.21,3571.3,0.317,1.2253
2025-07-24T06:14:44.713971,XRP-USDT,3.0838,3.0846,324.0,371.2
2025-07-24T06:14:44.740066,LTC-USDT,109.854,109.861,0.011,0.841
2025-07-24T06:14:44.808408,ETH-USDT,3571.29,3571.3,1.48,0.522
2025-07-24T06:14:44.879599,BTC-USDT,117772.0,117772.01,0.06406,0.43425
2025-07-24T06:14:44.976052,SOL-USDT,183.74,183.75,5.636,0.801
2025-07-24T06:14:45.013196,XRP-USDT,3.083,3.084,659.2,4790.0
2025-07-24T06:14:45.038309,LTC-USDT,109.844,109.855,0.011,0.852
2025-07-24T06:14:45.108631,ETH-USDT,3571.2,3571.21,0.0127,2.9987
2025-07-24T06:14:45.180296,BTC-USDT,117772.0,117772.01,0.0301,0.43425
2025-07-24T06:14:45.275894,SOL-USDT,183.74,183.75,0.05,4.791
2025-07-24T06:14:45.313723,XRP-USDT,3.083,3.084,695.2,4790.0
2025-07-24T06:14:45.339728,LTC-USDT,109.844,109.855,0.011,0.011
2025-07-24T06:14:45.409239,ETH-USDT,3571.39,3571.4,1.48,0.522
2025-07-24T06:14:45.576388,SOL-USDT,183.74,183.75,0.811,0.2
2025-07-24T06:14:45.614693,XRP-USDT,3.083,3.084,1019.2,4790.0
2025-07-24T06:14:45.640345,LTC-USDT,109.844,109.846,0.011,0.011
2025-07-24T06:14:45.710027,ETH-USDT,3571.3,3571.4,0.5779,1.2253
2025-07-24T06:14:45.782160,BTC-USDT,117772.0,117772.01,0.0301,0.43425
2025-07-24T06:14:45.877131,SOL-USDT,183.75,183.76,0.05,9.717
2025-07-24T06:14:45.915917,XRP-USDT,3.083,3.0839,324.0,371.2
2025-07-24T06:14:46.011962,ETH-USDT,3571.3,3571.31,0.802,1.48
2025-07-24T06:14:46.179774,SOL-USDT,183.72,183.73,0.05,4.591
2025-07-24T06:14:46.216114,XRP-USDT,3.083,3.0833,324.0,4790.0
2025-07-24T06:14:46.311454,ETH-USDT,3571.1,3571.11,1.5021,1.976
2025-07-24T06:14:46.384008,BTC-USDT,117772.0,117772.01,0.0301,0.26555
2025-07-24T06:14:46.478360,SOL-USDT,183.74,183.75,0.05,4.791
2025-07-24T06:14:46.517581,XRP-USDT,3.0827,3.0839,695.2,371.2
2025-07-24T06:14:46.543695,LTC-USDT,109.844,109.846,0.011,0.011
2025-07-24T06:14:46.614180,ETH-USDT,3571.29,3571.3,1.48,0.522
2025-07-24T06:14:46.684432,BTC-USDT,117768.0,117768.01,0.0301,0.03556
2025-07-24T06:14:46.780965,SOL-USDT,183.7,183.71,0.547,0.801
2025-07-24T06:14:46.817765,XRP-USDT,3.0827,3.0833,324.0,4790.0
2025-07-24T06:14:46.847531,LTC-USDT,109.829,109.845,0.841,2.933
2025-07-24T06:14:46.914322,ETH-USDT,3571.11,3571.12,1.4911,0.296
2025-07-24T06:14:46.985028,BTC-USDT,117766.0,117766.01,0.0301,0.48019
2025-07-24T06:14:47.084106,SOL-USDT,183.72,183.73,2.711,0.497
2025-07-24T06:14:47.123449,XRP-USDT,3.0827,3.0837,648.0,659.2
2025-07-24T06:14:47.144677,LTC-USDT,109.834,109.836,0.011,0.011
2025-07-24T06:14:47.212356,ETH-USDT,3571.69,3571.7,1.48,0.496
2025-07-24T06:14:47.292742,BTC-USDT,117766.0,117766.01,0.0301,0.20879
2025-07-24T06:14:47.383616,SOL-USDT,183.74,183.75,0.05,5.737
2025-07-24T06:14:47.420657,XRP-USDT,3.0827,3.0833,324.0,4790.0
2025-07-24T06:14:47.588120,BTC-USDT,117766.0,117766.01,0.03264,0.21133
2025-07-24T06:14:47.684792,SOL-USDT,183.74,183.75,0.05,8.468
2025-07-24T06:14:47.722961,XRP-USDT,3.082,3.0832,647.1,195.0
2025-07-24T06:14:47.747430,LTC-USDT,109.824,109.831,0.011,0.841
2025-07-24T06:14:47.813429,ETH-USDT,3571.29,3571.3,1.4847,1.1913
2025-07-24T06:14:47.891056,BTC-USDT,117766.0,117766.01,0.0301,0.29622
2025-07-24T06:14:47.986146,SOL-USDT,183.71,183.72,0.05,3.351
2025-07-24T06:14:48.022976,XRP-USDT,3.0819,3.0826,695.2,288.0
2025-07-24T06:14:48.047095,LTC-USDT,109.76,109.831,2.092,0.841
2025-07-24T06:14:48.190784,BTC-USDT,117766.0,117766.01,0.0301,0.40072
2025-07-24T06:14:48.288813,SOL-USDT,183.7,183.71,0.05,2.931
2025-07-24T06:14:48.325517,XRP-USDT,3.082,3.0826,0.4,4790.0
2025-07-24T06:14:48.348531,LTC-USDT,109.814,109.816,0.011,0.011
2025-07-24T06:14:48.414982,ETH-USDT,3570.79,3570.8,1.485,0.496
2025-07-24T06:14:48.588240,SOL-USDT,183.7,183.71,0.05,4.29
2025-07-24T06:14:48.625969,XRP-USDT,3.082,3.0825,0.4,371.2
2025-07-24T06:14:48.649119,LTC-USDT,109.814,109.816,0.011,0.011
2025-07-24T06:14:48.715791,ETH-USDT,3570.79,3570.8,1.485,1.1933
2025-07-24T06:14:48.888606,SOL-USDT,183.66,183.67,0.547,1.001
2025-07-24T06:14:48.926563,XRP-USDT,3.082,3.0825,0.4,371.2
2025-07-24T06:14:49.016619,ETH-USDT,3570.79,3570.8,0.005,1.1923
2025-07-24T06:14:49.191824,SOL-USDT,183.66,183.67,0.547,1.001
2025-07-24T06:14:49.225578,XRP-USDT,3.082,3.0828,0.4,288.0
2025-07-24T06:14:49.250034,LTC-USDT,109.804,109.815,0.011,0.011
2025-07-24T06:14:49.321922,ETH-USDT,3570.79,3570.8,0.3848,0.496
2025-07-24T06:14:49.489676,SOL-USDT,183.66,183.67,0.05,1.001
2025-07-24T06:14:49.532469,XRP-USDT,3.082,3.083,0.4,371.2
2025-07-24T06:14:49.552180,LTC-USDT,109.804,109.806,0.011,0.011
2025-07-24T06:14:49.619523,ETH-USDT,3570.4,3570.41,1.3126,1.48
2025-07-24T06:14:49.694111,BTC-USDT,117752.0,117752.01,0.0301,0.56736
2025-07-24T06:14:49.790525,SOL-USDT,183.64,183.65,0.05,3.501
2025-07-24T06:14:49.827727,XRP-USDT,3.0809,3.0819,288.0,4790.0
2025-07-24T06:14:49.856493,LTC-USDT,109.784,109.786,0.011,0.011
2025-07-24T06:14:49.916783,ETH-USDT,3569.99,3570.0,1.48,0.496
2025-07-24T06:14:49.995705,BTC-USDT,117750.0,117750.01,0.0301,0.61504
2025-07-24T06:14:50.129352,XRP-USDT,3.0801,3.0812,324.0,4790.0
2025-07-24T06:14:50.155398,LTC-USDT,109.774,109.785,0.011,0.852
2025-07-24T06:14:50.219977,ETH-USDT,3569.79,3569.8,0.711,2.4665
2025-07-24T06:14:50.299435,BTC-USDT,117734.0,117734.01,0.0301,0.25409
2025-07-24T06:14:50.391370,SOL-USDT,183.61,183.62,0.05,10.848
2025-07-24T06:14:50.429646,XRP-USDT,3.0801,3.0812,695.2,4790.0
2025-07-24T06:14:50.455921,LTC-USDT,109.764,109.775,0.011,0.011
2025-07-24T06:14:50.518555,ETH-USDT,3569.61,3569.62,1.264,1.8242
2025-07-24T06:14:50.692892,SOL-USDT,183.57,183.61,3.79,8.468
2025-07-24T06:14:50.729483,XRP-USDT,3.0802,3.0812,16.3,4790.0
2025-07-24T06:14:50.764421,LTC-USDT,109.764,109.766,0.011,0.011
2025-07-24T06:14:50.899192,BTC-USDT,117734.0,117734.01,0.0301,0.26324
2025-07-24T06:14:50.993633,SOL-USDT,183.6,183.61,0.547,8.468
2025-07-24T06:14:51.119451,ETH-USDT,3569.29,3569.3,1.48,1.976
2025-07-24T06:14:51.197267,BTC-USDT,117734.0,117734.01,0.0309,0.23559
2025-07-24T06:14:51.302151,SOL-USDT,183.6,183.61,0.05,8.988
2025-07-24T06:14:51.422574,ETH-USDT,3569.03,3569.04,1.2476,1.48
2025-07-24T06:14:51.498600,BTC-USDT,117734.0,117734.01,0.0301,0.26559
2025-07-24T06:14:51.595345,SOL-USDT,183.59,183.6,0.05,9.527
2025-07-24T06:14:51.631372,XRP-USDT,3.0803,3.0819,0.4,371.2
2025-07-24T06:14:51.659170,LTC-USDT,109.744,109.746,0.011,0.011
2025-07-24T06:14:51.720378,ETH-USDT,3569.09,3569.1,1.7601,0.496
2025-07-24T06:14:51.798687,BTC-USDT,117734.0,117734.01,0.0796,0.37159
2025-07-24T06:14:51.895064,SOL-USDT,183.59,183.6,0.05,10.328
2025-07-24T06:14:51.932126,XRP-USDT,3.0803,3.0815,288.4,371.2
2025-07-24T06:14:52.237587,XRP-USDT,3.081,3.0823,659.2,288.0
2025-07-24T06:14:52.261843,LTC-USDT,109.745,109.756,0.011,0.011
2025-07-24T06:14:52.322330,ETH-USDT,3569.49,3569.5,1.48,0.496
2025-07-24T06:14:52.401287,BTC-USDT,117734.0,117734.01,0.09657,0.19989
2025-07-24T06:14:52.496075,SOL-USDT,183.64,183.66,0.05,10.848
2025-07-24T06:14:52.537497,XRP-USDT,3.0813,3.0833,387.5,324.0
2025-07-24T06:14:52.560453,LTC-USDT,109.764,109.766,0.011,0.011
2025-07-24T06:14:52.621187,ETH-USDT,3569.54,3569.58,1.5359,0.0004
2025-07-24T06:14:52.701657,BTC-USDT,117734.0,117734.01,0.18029,0.34582
2025-07-24T06:14:52.796564,SOL-USDT,183.62,183.63,0.05,9.435
2025-07-24T06:14:52.838040,XRP-USDT,3.0816,3.0829,288.0,288.0
2025-07-24T06:14:52.863999,LTC-USDT,109.769,109.776,0.841,0.011
2025-07-24T06:14:52.923033,ETH-USDT,3569.25,3569.26,1.48,1.48
2025-07-24T06:14:53.002067,BTC-USDT,117734.0,117734.01,0.18283,0.34582
2025-07-24T06:14:53.098619,SOL-USDT,183.59,183.6,0.547,11.994
2025-07-24T06:14:53.136285,XRP-USDT,3.0814,3.0826,870.7,371.2
2025-07-24T06:14:53.164167,LTC-USDT,109.754,109.76,0.011,0.011
2025-07-24T06:14:53.222490,ETH-USDT,3569.19,3569.2,1.796,0.496
2025-07-24T06:14:53.398773,SOL-USDT,183.59,183.6,0.05,5.737
2025-07-24T06:14:53.439768,XRP-USDT,3.0814,3.0826,324.0,371.2
2025-07-24T06:14:53.523519,ETH-USDT,3569.29,3569.3,1.8392,0.496
2025-07-24T06:14:53.699220,SOL-USDT,183.59,183.6,0.812,6.538
2025-07-24T06:14:53.736627,XRP-USDT,3.0814,3.0826,388.0,371.2
2025-07-24T06:14:53.764556,LTC-USDT,109.744,109.751,0.011,0.841
2025-07-24T06:14:54.001516,SOL-USDT,183.59,183.6,0.812,1.298
2025-07-24T06:14:54.037386,XRP-USDT,3.0815,3.0828,1050.5,288.0
2025-07-24T06:14:54.216441,BTC-USDT,117734.0,117734.01,0.18283,0.35006
2025-07-24T06:14:54.300207,SOL-USDT,183.59,183.6,0.05,0.801
2025-07-24T06:14:54.341848,XRP-USDT,3.0814,3.0825,326.3,371.2
2025-07-24T06:14:54.372666,LTC-USDT,109.744,109.754,0.011,2.092
2025-07-24T06:14:54.433724,ETH-USDT,3569.29,3569.3,1.48,1.1943
2025-07-24T06:14:54.606514,SOL-USDT,183.57,183.58,0.2,8.468
2025-07-24T06:14:54.638824,XRP-USDT,3.0812,3.0821,16.3,371.2
2025-07-24T06:14:54.671222,LTC-USDT,109.734,109.736,0.011,2.103
2025-07-24T06:14:54.731824,ETH-USDT,3569.2,3569.21,1.58,2.9991
2025-07-24T06:14:54.807944,BTC-USDT,117734.0,117734.01,0.17533,0.35006
2025-07-24T06:14:54.900326,SOL-USDT,183.57,183.58,0.05,6.538
2025-07-24T06:14:54.942438,XRP-USDT,3.081,3.0821,288.0,371.2
2025-07-24T06:14:54.970632,LTC-USDT,109.715,109.726,0.852,0.011
2025-07-24T06:14:55.113689,BTC-USDT,117734.0,117734.01,0.17533,0.3526
2025-07-24T06:14:55.203929,SOL-USDT,183.57,183.58,0.05,8.468
2025-07-24T06:14:55.253732,XRP-USDT,3.0807,3.0821,16.3,371.2
2025-07-24T06:14:55.271159,LTC-USDT,109.724,109.735,0.011,0.011
2025-07-24T06:14:55.330388,ETH-USDT,3569.2,3569.21,0.1,2.9991
2025-07-24T06:14:55.518000,SOL-USDT,183.57,183.58,0.05,6.538
2025-07-24T06:14:55.548293,XRP-USDT,3.0807,3.0817,39.0,371.2
2025-07-24T06:14:55.572087,LTC-USDT,109.714,109.716,0.011,0.011
2025-07-24T06:14:55.647997,ETH-USDT,3569.2,3569.21,1.58,2.9991
2025-07-24T06:14:55.842227,XRP-USDT,3.0803,3.0815,352.0,371.2
2025-07-24T06:14:55.873056,LTC-USDT,109.724,109.726,0.011,0.011
2025-07-24T06:14:56.105658,SOL-USDT,183.58,183.59,0.05,3.565
2025-07-24T06:14:56.405695,SOL-USDT,183.59,183.6,0.05,7.025
2025-07-24T06:14:56.443067,XRP-USDT,3.0803,3.0815,64.0,371.2
2025-07-24T06:14:56.531808,ETH-USDT,3569.2,3569.21,1.58,2.9991
2025-07-24T06:14:56.610352,BTC-USDT,117734.0,117734.01,0.17533,0.22036
2025-07-24T06:14:56.706098,SOL-USDT,183.59,183.6,0.05,7.826
2025-07-24T06:14:56.745472,XRP-USDT,3.0803,3.0815,352.0,371.2
2025-07-24T06:14:56.775669,LTC-USDT,109.724,109.726,0.011,0.011
2025-07-24T06:14:56.830917,ETH-USDT,3569.2,3569.21,1.8601,2.9991
2025-07-24T06:14:56.911799,BTC-USDT,117734.0,117734.01,0.17533,0.18017
2025-07-24T06:14:57.008000,SOL-USDT,183.59,183.6,0.05,10.21
2025-07-24T06:14:57.045275,XRP-USDT,3.0803,3.0816,663.0,288.0
2025-07-24T06:14:57.131390,ETH-USDT,3569.2,3569.21,1.58,2.9991
2025-07-24T06:14:57.307526,SOL-USDT,183.59,183.6,0.05,8.425
2025-07-24T06:14:57.346133,XRP-USDT,3.0803,3.0814,699.0,207.0
2025-07-24T06:14:57.436253,ETH-USDT,3569.2,3569.21,1.8601,1.4804
2025-07-24T06:14:57.608201,SOL-USDT,183.59,183.6,0.594,9.405
2025-07-24T06:14:57.651475,XRP-USDT,3.0804,3.0819,746.2,324.0
2025-07-24T06:14:57.679933,LTC-USDT,109.724,109.726,0.011,0.011
2025-07-24T06:14:57.735463,ETH-USDT,3569.2,3569.21,1.8601,1.4804
2025-07-24T06:14:57.908432,SOL-USDT,183.6,183.61,0.05,2.278
2025-07-24T06:14:57.949112,XRP-USDT,3.0805,3.082,723.2,695.2
2025-07-24T06:14:58.036495,ETH-USDT,3569.5,3569.51,0.496,1.4804
2025-07-24T06:14:58.208586,SOL-USDT,183.6,183.61,0.05,0.497
2025-07-24T06:14:58.249729,XRP-USDT,3.0805,3.0816,288.0,371.2
2025-07-24T06:14:58.333148,ETH-USDT,3569.21,3569.22,1.58,1.4804
2025-07-24T06:14:58.510061,SOL-USDT,183.6,183.61,0.594,0.497
2025-07-24T06:14:58.552332,XRP-USDT,3.0807,3.0824,754.2,371.7
2025-07-24T06:14:58.581430,LTC-USDT,109.724,109.726,0.011,0.011
2025-07-24T06:14:58.634680,ETH-USDT,3569.21,3569.22,1.58,1.4804
2025-07-24T06:14:58.811356,SOL-USDT,183.6,183.61,1.244,0.497
2025-07-24T06:14:58.850930,XRP-USDT,3.0813,3.0824,352.0,0.5
2025-07-24T06:14:58.933932,ETH-USDT,3569.21,3569.22,1.58,0.0004
2025-07-24T06:14:59.018146,BTC-USDT,117734.0,117734.01,0.17533,0.07043
2025-07-24T06:14:59.110995,SOL-USDT,183.6,183.61,7.414,1.298
2025-07-24T06:14:59.152459,XRP-USDT,3.0811,3.0822,663.0,371.2
2025-07-24T06:14:59.234401,ETH-USDT,3569.21,3569.22,1.8601,0.0004
2025-07-24T06:14:59.317017,BTC-USDT,117734.0,117734.01,0.17533,0.04043
2025-07-24T06:14:59.413364,SOL-USDT,183.62,183.63,0.05,9.254
2025-07-24T06:14:59.450798,XRP-USDT,3.0811,3.0821,699.0,371.2
2025-07-24T06:14:59.482603,LTC-USDT,109.695,109.761,3.003,2.092
2025-07-24T06:14:59.537074,ETH-USDT,3569.39,3569.4,1.7,0.6363
2025-07-24T06:14:59.711672,SOL-USDT,183.63,183.64,0.05,2.045
2025-07-24T06:14:59.754629,XRP-USDT,3.0814,3.0824,288.0,0.5
2025-07-24T06:14:59.785103,LTC-USDT,109.734,109.736,0.011,0.011
2025-07-24T06:14:59.841495,ETH-USDT,3569.39,3569.4,1.9801,0.4964
2025-07-24T06:14:59.919491,BTC-USDT,117734.0,117734.01,0.17533,0.14493
2025-07-24T06:15:00.016213,SOL-USDT,183.63,183.64,0.05,11.803
2025-07-24T06:15:00.051786,XRP-USDT,3.0814,3.0824,659.2,0.5
2025-07-24T06:15:00.084615,LTC-USDT,109.734,109.736,0.011,0.011
2025-07-24T06:15:00.138952,ETH-USDT,3569.3,3569.36,0.5173,0.0004
2025-07-24T06:15:00.219953,BTC-USDT,117734.0,117734.01,0.17533,0.04043
2025-07-24T06:15:00.323426,SOL-USDT,183.66,183.67,5.787,0.497
2025-07-24T06:15:00.353352,XRP-USDT,3.0819,3.0824,371.2,0.5
2025-07-24T06:15:00.440570,ETH-USDT,3569.79,3569.8,1.48,0.0004
2025-07-24T06:15:00.520824,BTC-USDT,117745.99,117746.0,0.2397,0.0301
2025-07-24T06:15:00.618249,SOL-USDT,183.67,183.69,0.05,1.93
2025-07-24T06:15:00.653492,XRP-USDT,3.0815,3.0824,371.2,0.5
2025-07-24T06:15:00.686084,LTC-USDT,109.754,109.756,0.011,0.011
2025-07-24T06:15:00.736633,ETH-USDT,3569.64,3569.65,0.1,2.9987
2025-07-24T06:15:00.824186,BTC-USDT,117745.99,117746.0,0.08797,0.07047
2025-07-24T06:15:00.916588,SOL-USDT,183.67,183.68,7.647,0.2
2025-07-24T06:15:00.956156,XRP-USDT,3.0819,3.0824,387.5,0.5
2025-07-24T06:15:00.989698,LTC-USDT,109.755,109.756,2.092,0.011
2025-07-24T06:15:01.038186,ETH-USDT,3569.4,3569.41,1.5705,1.48
2025-07-24T06:15:01.127855,BTC-USDT,117759.99,117760.0,0.06997,0.13459
2025-07-24T06:15:01.217887,SOL-USDT,183.66,183.67,0.05,2.731
2025-07-24T06:15:01.257111,XRP-USDT,3.0812,3.0824,711.5,324.5
2025-07-24T06:15:01.293070,LTC-USDT,109.754,109.756,0.011,0.011
2025-07-24T06:15:01.340029,ETH-USDT,3569.48,3569.49,1.48,1.6199
2025-07-24T06:15:01.425179,BTC-USDT,117759.99,117760.0,0.10394,0.13459
2025-07-24T06:15:01.520322,SOL-USDT,183.61,183.62,0.05,0.801
2025-07-24T06:15:01.558886,XRP-USDT,3.0807,3.0814,16.3,371.2
2025-07-24T06:15:01.589928,LTC-USDT,109.724,109.735,0.011,0.011
2025-07-24T06:15:01.640290,ETH-USDT,3569.09,3569.1,0.81,2.6723
2025-07-24T06:15:01.726453,BTC-USDT,117759.99,117760.0,0.01697,0.31596
2025-07-24T06:15:01.825758,SOL-USDT,183.62,183.63,0.05,4.487
2025-07-24T06:15:01.861344,XRP-USDT,3.0805,3.0814,324.0,371.2
2025-07-24T06:15:01.892617,LTC-USDT,109.724,109.731,0.011,0.841
2025-07-24T06:15:01.941147,ETH-USDT,3569.09,3569.1,1.58,2.6723
2025-07-24T06:15:02.028720,BTC-USDT,117759.99,117760.0,0.01777,0.0757
2025-07-24T06:15:02.119009,SOL-USDT,183.62,183.63,0.05,0.697
2025-07-24T06:15:02.161522,XRP-USDT,3.0805,3.0811,324.0,371.2
2025-07-24T06:15:02.195173,LTC-USDT,109.73,109.736,0.011,2.103
2025-07-24T06:15:02.240955,ETH-USDT,3568.64,3568.71,0.1,1.48
2025-07-24T06:15:02.328754,BTC-USDT,117752.0,117752.01,0.03179,0.28394
2025-07-24T06:15:02.420931,SOL-USDT,183.58,183.59,0.05,4.791
2025-07-24T06:15:02.462273,XRP-USDT,3.0791,3.0799,16.3,4790.0
2025-07-24T06:15:02.495608,LTC-USDT,109.625,109.725,2.092,2.092
2025-07-24T06:15:02.541648,ETH-USDT,3568.48,3568.49,1.48,0.7006
2025-07-24T06:15:02.630512,BTC-USDT,117752.0,117752.01,0.00169,0.41553
2025-07-24T06:15:02.719891,SOL-USDT,183.58,183.59,0.05,1.001
2025-07-24T06:15:02.763212,XRP-USDT,3.0789,3.0805,324.0,371.2
2025-07-24T06:15:02.801286,LTC-USDT,109.694,109.696,0.011,0.011
2025-07-24T06:15:02.841317,ETH-USDT,3568.49,3568.5,1.996,0.496
2025-07-24T06:15:02.934861,BTC-USDT,117752.0,117752.01,0.03179,0.41553
2025-07-24T06:15:03.021717,SOL-USDT,183.58,183.59,0.05,1.498
2025-07-24T06:15:03.063909,XRP-USDT,3.0791,3.0803,324.0,4790.0
2025-07-24T06:15:03.141752,ETH-USDT,3568.59,3568.6,2.1594,0.496
2025-07-24T06:15:03.232655,BTC-USDT,117752.0,117752.01,0.03179,0.45553
2025-07-24T06:15:03.322462,SOL-USDT,183.58,183.59,0.05,1.001
2025-07-24T06:15:03.368792,XRP-USDT,3.0784,3.08,16.3,583.2
2025-07-24T06:15:03.444926,ETH-USDT,3568.59,3568.6,1.7602,1.1903
2025-07-24T06:15:03.532259,BTC-USDT,117752.0,117752.01,0.03179,0.4895
2025-07-24T06:15:03.623524,SOL-USDT,183.58,183.59,0.05,3.301
2025-07-24T06:15:03.665790,XRP-USDT,3.0779,3.08,371.2,583.2
2025-07-24T06:15:03.701918,LTC-USDT,109.694,109.696,0.011,0.011
2025-07-24T06:15:03.743711,ETH-USDT,3568.43,3568.44,1.58,1.48
2025-07-24T06:15:03.833888,BTC-USDT,117752.0,117752.01,0.03179,0.4895
2025-07-24T06:15:03.925407,SOL-USDT,183.58,183.59,0.05,3.798
2025-07-24T06:15:03.969689,XRP-USDT,3.0786,3.0799,1047.2,288.0
2025-07-24T06:15:04.045548,ETH-USDT,3568.49,3568.5,1.48,0.496
2025-07-24T06:15:04.345244,ETH-USDT,3568.49,3568.5,1.58,0.496
2025-07-24T06:15:04.527164,SOL-USDT,183.58,183.59,0.05,6.798
2025-07-24T06:15:04.572655,XRP-USDT,3.0787,3.0801,435.2,695.2
2025-07-24T06:15:04.606432,LTC-USDT,109.704,109.706,0.011,0.011
2025-07-24T06:15:04.645591,ETH-USDT,3568.69,3568.7,1.776,0.496
2025-07-24T06:15:04.736799,BTC-USDT,117752.0,117752.01,0.03179,0.49204
2025-07-24T06:15:04.826235,SOL-USDT,183.58,183.59,0.05,7.295
2025-07-24T06:15:04.870498,XRP-USDT,3.0787,3.0799,435.2,288.0
2025-07-24T06:15:05.036620,BTC-USDT,117752.0,117752.01,0.0683,0.49204
2025-07-24T06:15:05.127384,SOL-USDT,183.58,183.59,0.05,5.945
2025-07-24T06:15:05.171214,XRP-USDT,3.0788,3.0803,371.2,16.3
2025-07-24T06:15:05.213771,LTC-USDT,109.705,109.706,2.092,0.011
2025-07-24T06:15:05.248395,ETH-USDT,3569.38,3569.39,1.48,0.4235
2025-07-24T06:15:05.338608,BTC-USDT,117753.99,117754.0,0.26433,0.07046
2025-07-24T06:15:05.428559,SOL-USDT,183.61,183.62,0.05,0.2
2025-07-24T06:15:05.477382,XRP-USDT,3.0798,3.0814,371.2,695.2
2025-07-24T06:15:05.508489,LTC-USDT,109.734,109.736,0.011,0.011
2025-07-24T06:15:05.548973,ETH-USDT,3569.59,3569.6,1.48,0.0004
2025-07-24T06:15:05.644179,BTC-USDT,117759.99,117760.0,0.2389,0.0301
2025-07-24T06:15:05.729316,SOL-USDT,183.61,183.62,9.27,0.2
2025-07-24T06:15:05.773235,XRP-USDT,3.0805,3.0818,288.0,659.2
2025-07-24T06:15:05.850586,ETH-USDT,3569.66,3569.67,1.7308,1.4296
2025-07-24T06:15:05.940853,BTC-USDT,117759.99,117760.0,0.25587,0.07047
2025-07-24T06:15:06.029579,SOL-USDT,183.61,183.62,0.05,0.697
2025-07-24T06:15:06.074637,XRP-USDT,3.0808,3.0821,288.0,659.2
2025-07-24T06:15:06.151518,ETH-USDT,3569.71,3569.72,0.3311,1.48
2025-07-24T06:15:06.242503,BTC-USDT,117759.99,117760.0,0.40055,0.0601
2025-07-24T06:15:06.329853,SOL-USDT,183.61,183.62,0.05,0.2
2025-07-24T06:15:06.378828,XRP-USDT,3.0806,3.0821,371.2,371.2
2025-07-24T06:15:06.451491,ETH-USDT,3569.71,3569.72,1.8089,1.48
2025-07-24T06:15:06.545965,BTC-USDT,117759.99,117760.0,0.25587,0.10046
2025-07-24T06:15:06.630632,SOL-USDT,183.61,183.62,0.05,0.2
2025-07-24T06:15:06.715372,LTC-USDT,109.734,109.736,0.011,0.011
2025-07-24T06:15:06.754223,ETH-USDT,3569.71,3569.72,1.48,1.48
2025-07-24T06:15:06.847257,BTC-USDT,117759.99,117760.0,0.08717,0.10046
2025-07-24T06:15:06.930833,SOL-USDT,183.61,183.62,0.05,0.697
2025-07-24T06:15:06.981175,XRP-USDT,3.081,3.0821,288.0,371.2
2025-07-24T06:15:07.019653,LTC-USDT,109.748,109.801,2.092,2.125
2025-07-24T06:15:07.052442,ETH-USDT,3569.79,3569.8,1.8829,0.496
2025-07-24T06:15:07.150772,BTC-USDT,117759.99,117760.0,0.08717,0.10047
2025-07-24T06:15:07.233379,SOL-USDT,183.61,183.62,3.84,0.697
2025-07-24T06:15:07.282233,XRP-USDT,3.0806,3.082,371.2,0.8
2025-07-24T06:15:07.322787,LTC-USDT,109.744,109.801,2.156,2.125
2025-07-24T06:15:07.353418,ETH-USDT,3569.79,3569.8,1.48,0.496
2025-07-24T06:15:07.533062,SOL-USDT,183.61,183.62,3.84,0.2
2025-07-24T06:15:07.582625,XRP-USDT,3.0809,3.082,311.0,0.8
2025-07-24T06:15:07.622012,LTC-USDT,109.747,109.801,2.092,2.125
2025-07-24T06:15:07.654070,ETH-USDT,3569.82,3569.83,1.3192,0.0004
2025-07-24T06:15:07.750655,BTC-USDT,117759.99,117760.0,0.14717,0.10047
2025-07-24T06:15:07.834317,SOL-USDT,183.61,183.62,10.071,0.2
2025-07-24T06:15:07.885493,XRP-USDT,3.0819,3.082,288.0,0.8
2025-07-24T06:15:07.922059,LTC-USDT,109.747,109.801,2.092,0.033
2025-07-24T06:15:07.965318,ETH-USDT,3570.1,3570.2,0.182,0.471
2025-07-24T06:15:08.135169,SOL-USDT,183.64,183.65,0.05,0.497
2025-07-24T06:15:08.202334,XRP-USDT,3.0819,3.0835,288.0,659.2
2025-07-24T06:15:08.255344,ETH-USDT,3570.19,3570.2,0.6973,1.1804
2025-07-24T06:15:08.353464,BTC-USDT,117759.99,117760.0,0.31587,0.06011
2025-07-24T06:15:08.435726,SOL-USDT,183.66,183.67,0.05,2.045
2025-07-24T06:15:08.489081,XRP-USDT,3.0818,3.0835,371.2,695.2
2025-07-24T06:15:08.526449,LTC-USDT,109.794,109.796,0.011,0.011
2025-07-24T06:15:08.555910,ETH-USDT,3570.01,3570.02,1.48,1.48
2025-07-24T06:15:08.654404,BTC-USDT,117759.99,117760.0,0.31587,0.03011
2025-07-24T06:15:08.737566,SOL-USDT,183.66,183.67,0.05,3.305
2025-07-24T06:15:08.788462,XRP-USDT,3.0816,3.0829,288.0,659.2
2025-07-24T06:15:08.857862,ETH-USDT,3570.09,3570.1,1.48,0.471
2025-07-24T06:15:08.955024,BTC-USDT,117759.99,117760.0,0.34984,0.03011
2025-07-24T06:15:09.042047,SOL-USDT,183.66,183.67,8.811,0.497
2025-07-24T06:15:09.089187,XRP-USDT,3.0816,3.0832,288.0,371.2
2025-07-24T06:15:09.127435,LTC-USDT,109.794,109.842,0.011,2.092
2025-07-24T06:15:09.160496,ETH-USDT,3570.13,3570.14,1.2693,0.0004
2025-07-24T06:15:09.257105,BTC-USDT,117759.99,117760.0,0.35238,0.03011
2025-07-24T06:15:09.341231,SOL-USDT,183.69,183.7,0.801,2.467
2025-07-24T06:15:09.392743,XRP-USDT,3.0816,3.0832,371.2,371.2
2025-07-24T06:15:09.428416,LTC-USDT,109.814,109.816,0.011,0.011
2025-07-24T06:15:09.457643,ETH-USDT,3570.59,3570.6,2.1793,0.0004
2025-07-24T06:15:09.558490,BTC-USDT,117759.99,117760.0,0.43706,1e-05
2025-07-24T06:15:09.639994,SOL-USDT,183.7,183.73,0.2,1.93
2025-07-24T06:15:09.695415,XRP-USDT,3.0818,3.0836,371.2,371.2
2025-07-24T06:15:09.730012,LTC-USDT,109.814,109.816,0.011,0.011
2025-07-24T06:15:09.771261,ETH-USDT,3570.86,3570.87,1.48,1.48
2025-07-24T06:15:09.863436,BTC-USDT,117759.99,117760.0,0.51615,1e-05
2025-07-24T06:15:09.942902,SOL-USDT,183.69,183.72,6.604,0.497
2025-07-24T06:15:09.996909,XRP-USDT,3.0823,3.0833,288.0,371.2
2025-07-24T06:15:10.031136,LTC-USDT,109.834,109.836,0.011,0.011
2025-07-24T06:15:10.063020,ETH-USDT,3570.6,3570.61,0.5269,1.776
2025-07-24T06:15:10.183844,BTC-USDT,117759.99,117760.0,0.55646,1e-05
2025-07-24T06:15:10.248133,SOL-USDT,183.71,183.73,6.831,0.2
2025-07-24T06:15:10.292645,XRP-USDT,3.082,3.0835,371.2,0.6
2025-07-24T06:15:10.360022,ETH-USDT,3570.79,3570.8,0.2801,0.471
2025-07-24T06:15:10.461451,BTC-USDT,117771.99,117772.0,0.12551,0.02511
2025-07-24T06:15:10.544268,SOL-USDT,183.71,183.74,0.594,2.13
2025-07-24T06:15:10.594372,XRP-USDT,3.0824,3.0835,371.2,0.6
2025-07-24T06:15:10.632221,LTC-USDT,109.834,109.836,0.011,0.011
2025-07-24T06:15:10.661783,ETH-USDT,3570.7,3570.71,0.471,1.48
2025-07-24T06:15:10.761586,BTC-USDT,117773.99,117774.0,0.05201,0.0301
2025-07-24T06:15:10.845792,SOL-USDT,183.73,183.74,4.591,0.697
2025-07-24T06:15:10.895086,XRP-USDT,3.0827,3.0835,599.0,0.6
2025-07-24T06:15:10.961629,ETH-USDT,3570.78,3570.79,1.48,0.9005
2025-07-24T06:15:11.062789,BTC-USDT,117773.99,117774.0,0.2332,0.0301
2025-07-24T06:15:11.141343,SOL-USDT,183.73,183.74,15.751,0.497
2025-07-24T06:15:11.197141,XRP-USDT,3.0839,3.0844,288.0,371.2
2025-07-24T06:15:11.262971,ETH-USDT,3570.78,3570.79,0.28,0.5512
2025-07-24T06:15:11.441561,SOL-USDT,183.75,183.76,16.857,0.05
2025-07-24T06:15:11.512846,XRP-USDT,3.083,3.0844,699.0,371.2
2025-07-24T06:15:11.534295,LTC-USDT,109.834,109.836,0.011,0.011
2025-07-24T06:15:11.563419,ETH-USDT,3570.78,3570.79,1.1963,0.0016
2025-07-24T06:15:11.745261,SOL-USDT,183.75,183.76,17.222,0.05
2025-07-24T06:15:11.801560,XRP-USDT,3.0835,3.0847,288.0,371.2
2025-07-24T06:15:11.836184,LTC-USDT,109.855,109.866,0.852,0.011
2025-07-24T06:15:11.867483,ETH-USDT,3571.38,3571.39,1.48,0.2826
2025-07-24T06:15:11.965009,BTC-USDT,117775.99,117776.0,0.32618,0.0301
2025-07-24T06:15:12.042459,SOL-USDT,183.76,183.77,10.021,0.2
2025-07-24T06:15:12.097639,XRP-USDT,3.0838,3.0851,288.0,659.2
2025-07-24T06:15:12.136102,LTC-USDT,109.859,109.866,0.841,0.011
2025-07-24T06:15:12.165085,ETH-USDT,3571.59,3571.6,1.48,0.471
2025-07-24T06:15:12.265502,BTC-USDT,117775.99,117776.0,0.44557,0.0301
2025-07-24T06:15:12.343621,SOL-USDT,183.76,183.77,10.021,0.05
2025-07-24T06:15:12.398517,XRP-USDT,3.0834,3.0851,371.2,371.2
2025-07-24T06:15:12.438264,LTC-USDT,109.855,109.866,0.011,0.011
2025-07-24T06:15:12.465535,ETH-USDT,3571.59,3571.6,1.4418,0.471
2025-07-24T06:15:12.566145,BTC-USDT,117775.99,117776.0,0.44557,0.0301
2025-07-24T06:15:12.643722,SOL-USDT,183.78,183.79,4.591,3.2
2025-07-24T06:15:12.699638,XRP-USDT,3.0834,3.0856,371.2,371.2
2025-07-24T06:15:12.741478,LTC-USDT,109.864,109.866,0.011,0.011
2025-07-24T06:15:12.766291,ETH-USDT,3571.59,3571.6,2.0637,1.3912
2025-07-24T06:15:12.869981,BTC-USDT,117778.44,117778.45,0.53276,1e-05
2025-07-24T06:15:12.945805,SOL-USDT,183.78,183.79,5.088,0.25
2025-07-24T06:15:13.000440,XRP-USDT,3.0843,3.0856,352.0,982.2
2025-07-24T06:15:13.041950,LTC-USDT,109.874,109.876,0.011,0.011
2025-07-24T06:15:13.067506,ETH-USDT,3571.59,3571.6,1.76,1.021
2025-07-24T06:15:13.167336,BTC-USDT,117778.44,117778.45,0.53276,1e-05
2025-07-24T06:15:13.245146,SOL-USDT,183.81,183.82,8.411,0.05
2025-07-24T06:15:13.300606,XRP-USDT,3.0845,3.0855,371.2,1.0
2025-07-24T06:15:13.341119,LTC-USDT,109.884,109.886,0.011,0.011
2025-07-24T06:15:13.370278,ETH-USDT,3571.85,3571.86,1.48,1.2394
2025-07-24T06:15:13.468134,BTC-USDT,117778.44,117778.45,0.49396,1e-05
2025-07-24T06:15:13.546986,SOL-USDT,183.81,183.82,8.411,0.05
2025-07-24T06:15:13.602757,XRP-USDT,3.0846,3.0855,371.2,1.0
2025-07-24T06:15:13.642295,LTC-USDT,109.884,109.886,0.011,0.011
2025-07-24T06:15:13.672071,ETH-USDT,3572.19,3572.2,1.7837,1.179
2025-07-24T06:15:13.768899,BTC-USDT,117778.44,117778.45,0.57305,1e-05
2025-07-24T06:15:13.845731,SOL-USDT,183.81,183.82,14.035,0.05
2025-07-24T06:15:13.902743,XRP-USDT,3.0848,3.0855,288.0,1.0
2025-07-24T06:15:13.972548,ETH-USDT,3572.19,3572.2,0.28,1.3632
2025-07-24T06:15:14.069760,BTC-USDT,117778.44,117778.45,0.57305,1e-05
2025-07-24T06:15:14.149948,SOL-USDT,183.81,183.82,8.908,0.05
2025-07-24T06:15:14.203678,XRP-USDT,3.0848,3.0855,659.2,1.0
2025-07-24T06:15:14.369969,BTC-USDT,117778.44,117778.45,0.57305,1e-05
2025-07-24T06:15:14.451861,SOL-USDT,183.81,183.83,2.8,0.2
2025-07-24T06:15:14.503263,XRP-USDT,3.0846,3.0855,371.2,1.0
2025-07-24T06:15:14.547924,LTC-USDT,109.874,109.876,0.011,0.011
2025-07-24T06:15:14.570140,ETH-USDT,3571.89,3571.9,1.48,0.471
2025-07-24T06:15:14.674558,BTC-USDT,117789.99,117790.0,0.33207,0.0301
2025-07-24T06:15:14.751186,SOL-USDT,183.82,183.83,3.79,0.25
2025-07-24T06:15:14.810442,XRP-USDT,3.0849,3.0855,371.2,1.0
2025-07-24T06:15:14.870747,ETH-USDT,3571.89,3571.9,1.48,1.1682
2025-07-24T06:15:14.972134,BTC-USDT,117789.99,117790.0,0.18993,0.0301
2025-07-24T06:15:15.049929,SOL-USDT,183.82,183.83,3.79,0.05
2025-07-24T06:15:15.108614,XRP-USDT,3.0851,3.0855,288.0,1.0
2025-07-24T06:15:15.272109,BTC-USDT,117789.99,117790.0,0.38573,0.0301
2025-07-24T06:15:15.351207,SOL-USDT,183.82,183.83,3.79,0.05
2025-07-24T06:15:15.405273,XRP-USDT,3.0851,3.0855,64.0,1.0
2025-07-24T06:15:15.446752,LTC-USDT,109.875,109.876,0.018,0.011
2025-07-24T06:15:15.470987,ETH-USDT,3571.9,3571.91,0.471,1.48
2025-07-24T06:15:15.573195,BTC-USDT,117789.99,117790.0,0.24105,0.0301
2025-07-24T06:15:15.653034,SOL-USDT,183.82,183.83,4.392,0.05
2025-07-24T06:15:15.707855,XRP-USDT,3.0847,3.0855,1278.5,1.0
2025-07-24T06:15:15.748392,LTC-USDT,109.854,109.856,0.011,0.011
2025-07-24T06:15:15.880689,BTC-USDT,117789.99,117790.0,0.11611,0.08031
2025-07-24T06:15:15.951833,SOL-USDT,183.81,183.82,0.497,4.231
2025-07-24T06:15:16.010917,XRP-USDT,3.084,3.0849,100.0,288.0
2025-07-24T06:15:16.055561,LTC-USDT,109.854,109.856,0.011,0.011
2025-07-24T06:15:16.073411,ETH-USDT,3571.59,3571.6,1.48,0.471
2025-07-24T06:15:16.175386,BTC-USDT,117789.99,117790.0,0.15333,0.0301
2025-07-24T06:15:16.252419,SOL-USDT,183.8,183.83,3.84,0.25
2025-07-24T06:15:16.308829,XRP-USDT,3.0838,3.0853,371.2,387.5
2025-07-24T06:15:16.350969,LTC-USDT,109.844,109.855,0.011,0.011
2025-07-24T06:15:16.375710,ETH-USDT,3571.7,3571.71,0.56,0.0075
2025-07-24T06:15:16.477017,BTC-USDT,117789.99,117790.0,0.08979,0.0601
2025-07-24T06:15:16.552677,SOL-USDT,183.8,183.83,3.84,0.25
2025-07-24T06:15:16.609982,XRP-USDT,3.0833,3.0852,16.3,897.2
