timestamp,symbol,bid,ask,bid_vol,ask_vol
2025-07-24T15:28:38.847978,BTC-USDT,118975.6,118975.7,222.0,6084.0
2025-07-24T15:28:38.848149,ETH-USDT,3741.29,3741.31,1563.0,10363.0
2025-07-24T15:28:38.848190,SOL-USDT,189.28,189.29,39.0,125.0
2025-07-24T15:28:38.848214,XRP-USDT,3.2355,3.2364,178.0,79.0
2025-07-24T15:28:38.848253,LTC-USDT,114.41,114.42,84.0,288.0
2025-07-24T15:28:38.921096,BTC-USDT,118975.6,118975.7,222.0,6075.0
2025-07-24T15:28:38.921141,ETH-USDT,3741.29,3741.3,1563.0,3742.0
2025-07-24T15:28:39.005564,LTC-USDT,114.41,114.42,84.0,92.0
2025-07-24T15:28:39.110161,XRP-USDT,3.2353,3.2364,197.0,79.0
2025-07-24T15:28:39.204331,XRP-USDT,3.235,3.2363,142.0,84.0
2025-07-24T15:28:39.204375,BTC-USDT,118975.6,118975.7,222.0,6074.0
2025-07-24T15:28:39.309507,SOL-USDT,189.28,189.29,39.0,103.0
2025-07-24T15:28:39.309545,ETH-USDT,3741.29,3741.3,1563.0,2440.0
2025-07-24T15:28:39.417574,SOL-USDT,189.27,189.29,62.0,103.0
2025-07-24T15:28:39.505003,XRP-USDT,3.235,3.2363,142.0,84.0
2025-07-24T15:28:39.505044,SOL-USDT,189.27,189.28,62.0,322.0
2025-07-24T15:28:39.605091,BTC-USDT,118975.6,118975.7,222.0,6073.0
2025-07-24T15:28:39.605133,ETH-USDT,3741.29,3741.3,1563.0,1704.0
2025-07-24T15:28:39.605164,LTC-USDT,114.41,114.42,84.0,92.0
2025-07-24T15:28:39.605191,XRP-USDT,3.2349,3.2359,179.0,87.0
2025-07-24T15:28:39.703897,LTC-USDT,114.4,114.41,125.0,148.0
2025-07-24T15:28:39.704270,XRP-USDT,3.2346,3.2358,73.0,63.0
2025-07-24T15:28:39.704319,SOL-USDT,189.26,189.28,24.0,322.0
2025-07-24T15:28:39.704353,ETH-USDT,3741.28,3741.3,13298.0,1704.0
2025-07-24T15:28:39.808477,SOL-USDT,189.24,189.25,155.0,179.0
2025-07-24T15:28:39.808519,XRP-USDT,3.2349,3.2358,146.0,63.0
2025-07-24T15:28:39.904926,ETH-USDT,3741.04,3741.05,1392.0,1237.0
2025-07-24T15:28:39.904968,BTC-USDT,118975.6,118975.7,222.0,6073.0
2025-07-24T15:28:39.905003,XRP-USDT,3.2347,3.2358,66.0,63.0
2025-07-24T15:28:39.905119,SOL-USDT,189.23,189.25,33.0,179.0
2025-07-24T15:28:40.005719,SOL-USDT,189.22,189.25,16.0,21.0
2025-07-24T15:28:40.005758,BTC-USDT,118975.6,118975.7,222.0,5144.0
2025-07-24T15:28:40.005791,ETH-USDT,3741.04,3741.05,1392.0,1237.0
2025-07-24T15:28:40.005819,XRP-USDT,3.2345,3.2355,193.0,100.0
2025-07-24T15:28:40.104193,LTC-USDT,114.26,114.4,102.0,187.0
2025-07-24T15:28:40.104231,XRP-USDT,3.2345,3.2355,193.0,66.0
2025-07-24T15:28:40.104272,SOL-USDT,189.22,189.24,16.0,317.0
2025-07-24T15:28:40.204181,ETH-USDT,3741.04,3741.05,1392.0,160.0
2025-07-24T15:28:40.204228,LTC-USDT,114.39,114.4,212.0,187.0
2025-07-24T15:28:40.204267,XRP-USDT,3.2346,3.2355,189.0,66.0
2025-07-24T15:28:40.312545,LTC-USDT,114.39,114.4,212.0,158.0
2025-07-24T15:28:40.426957,SOL-USDT,189.23,189.24,119.0,317.0
2025-07-24T15:28:40.505135,BTC-USDT,118975.6,118975.7,222.0,4848.0
2025-07-24T15:28:40.611056,ETH-USDT,3741.04,3741.05,1392.0,160.0
2025-07-24T15:28:40.611097,LTC-USDT,114.39,114.4,212.0,158.0
2025-07-24T15:28:40.805263,ETH-USDT,3741.04,3741.05,1392.0,3475.0
2025-07-24T15:28:40.805310,XRP-USDT,3.2346,3.2355,189.0,66.0
2025-07-24T15:28:40.904671,BTC-USDT,118975.6,118975.7,222.0,4848.0
2025-07-24T15:28:41.015064,ETH-USDT,3741.04,3741.05,1392.0,3475.0
2025-07-24T15:28:41.015117,SOL-USDT,189.22,189.23,16.0,758.0
2025-07-24T15:28:41.137174,LTC-USDT,114.39,114.4,212.0,129.0
2025-07-24T15:28:41.137217,XRP-USDT,3.234,3.235,161.0,74.0
2025-07-24T15:28:41.204519,ETH-USDT,3740.57,3740.59,1404.0,9112.0
2025-07-24T15:28:41.307562,SOL-USDT,189.23,189.24,346.0,317.0
2025-07-24T15:28:41.307630,ETH-USDT,3740.57,3740.58,1404.0,3742.0
2025-07-24T15:28:41.307673,XRP-USDT,3.2341,3.235,90.0,74.0
2025-07-24T15:28:41.307715,LTC-USDT,114.39,114.4,83.0,129.0
2025-07-24T15:28:41.307752,BTC-USDT,118975.6,118975.7,222.0,4672.0
2025-07-24T15:28:41.522574,ETH-USDT,3740.57,3740.58,1404.0,3547.0
2025-07-24T15:28:41.522647,XRP-USDT,3.2339,3.235,85.0,74.0
2025-07-24T15:28:41.604382,BTC-USDT,118975.6,118975.7,222.0,4672.0
2025-07-24T15:28:41.604424,XRP-USDT,3.2338,3.235,195.0,74.0
2025-07-24T15:28:41.705033,XRP-USDT,3.2334,3.2347,86.0,54.0
2025-07-24T15:28:41.805872,SOL-USDT,189.22,189.24,16.0,317.0
2025-07-24T15:28:41.805933,XRP-USDT,3.2331,3.2343,192.0,81.0
2025-07-24T15:28:41.910802,ETH-USDT,3740.57,3740.58,1404.0,3485.0
2025-07-24T15:28:41.910843,BTC-USDT,118975.6,118975.7,222.0,4270.0
2025-07-24T15:28:41.910876,SOL-USDT,189.2,189.22,109.0,114.0
2025-07-24T15:28:41.910909,XRP-USDT,3.2331,3.2342,192.0,56.0
2025-07-24T15:28:42.011158,XRP-USDT,3.2333,3.2343,141.0,81.0
2025-07-24T15:28:42.011200,ETH-USDT,3740.57,3740.58,1404.0,3485.0
2025-07-24T15:28:42.011232,SOL-USDT,189.2,189.21,16.0,250.0
2025-07-24T15:28:42.104242,BTC-USDT,118975.6,118975.7,222.0,3807.0
2025-07-24T15:28:42.217626,ETH-USDT,3740.51,3740.52,294.0,1837.0
2025-07-24T15:28:42.217677,XRP-USDT,3.2332,3.2343,75.0,81.0
2025-07-24T15:28:42.304259,XRP-USDT,3.2331,3.2342,192.0,251.0
2025-07-24T15:28:42.439646,XRP-USDT,3.2331,3.2341,192.0,189.0
2025-07-24T15:28:42.439689,BTC-USDT,118975.5,118975.7,7996.0,3807.0
2025-07-24T15:28:42.505125,XRP-USDT,3.2332,3.2342,67.0,132.0
2025-07-24T15:28:42.505167,LTC-USDT,114.26,114.4,102.0,129.0
2025-07-24T15:28:42.505197,BTC-USDT,118965.0,118965.5,10586.0,4120.0
2025-07-24T15:28:42.603779,XRP-USDT,3.2331,3.2342,192.0,132.0
2025-07-24T15:28:42.604140,LTC-USDT,114.38,114.39,58.0,215.0
2025-07-24T15:28:42.604431,ETH-USDT,3740.51,3740.52,294.0,1837.0
2025-07-24T15:28:42.604473,SOL-USDT,189.19,189.21,22.0,250.0
2025-07-24T15:28:42.704265,XRP-USDT,3.2331,3.234,192.0,67.0
2025-07-24T15:28:42.704803,SOL-USDT,189.19,189.2,22.0,183.0
2025-07-24T15:28:42.804882,XRP-USDT,3.2327,3.2336,198.0,175.0
2025-07-24T15:28:42.804929,ETH-USDT,3740.52,3740.53,828.0,10570.0
2025-07-24T15:28:42.907744,SOL-USDT,189.19,189.21,22.0,250.0
2025-07-24T15:28:42.908230,XRP-USDT,3.2327,3.2336,198.0,175.0
2025-07-24T15:28:42.908271,BTC-USDT,118965.2,118965.3,1846.0,965.0
2025-07-24T15:28:43.005040,BTC-USDT,118965.2,118965.3,1846.0,933.0
2025-07-24T15:28:43.005121,SOL-USDT,189.19,189.2,22.0,222.0
2025-07-24T15:28:43.005157,ETH-USDT,3740.5,3740.53,12367.0,10570.0
2025-07-24T15:28:43.109728,LTC-USDT,114.38,114.39,58.0,208.0
2025-07-24T15:28:43.109767,XRP-USDT,3.2327,3.2338,198.0,81.0
2025-07-24T15:28:43.109800,SOL-USDT,189.19,189.21,22.0,13.0
2025-07-24T15:28:43.222990,XRP-USDT,3.2328,3.2339,73.0,118.0
2025-07-24T15:28:43.304816,SOL-USDT,189.19,189.2,22.0,28.0
2025-07-24T15:28:43.305995,XRP-USDT,3.2327,3.2338,198.0,67.0
2025-07-24T15:28:43.306725,BTC-USDT,118965.2,118965.3,1846.0,858.0
2025-07-24T15:28:43.307018,ETH-USDT,3740.42,3740.44,1612.0,8953.0
2025-07-24T15:28:43.405833,XRP-USDT,3.2326,3.2337,88.0,161.0
2025-07-24T15:28:43.405881,ETH-USDT,3740.37,3740.44,8132.0,8953.0
2025-07-24T15:28:43.405913,SOL-USDT,189.18,189.19,145.0,56.0
2025-07-24T15:28:43.603590,LTC-USDT,114.38,114.39,58.0,208.0
2025-07-24T15:28:43.603659,SOL-USDT,189.18,189.19,14.0,56.0
2025-07-24T15:28:43.604041,BTC-USDT,118965.2,118965.3,1846.0,858.0
2025-07-24T15:28:43.604116,ETH-USDT,3740.42,3740.43,245.0,3742.0
2025-07-24T15:28:43.707261,XRP-USDT,3.2334,3.2344,165.0,129.0
2025-07-24T15:28:43.707304,BTC-USDT,118965.2,118965.3,1846.0,832.0
2025-07-24T15:28:43.707338,ETH-USDT,3740.42,3740.43,673.0,3742.0
2025-07-24T15:28:43.806658,XRP-USDT,3.2335,3.2344,179.0,129.0
2025-07-24T15:28:43.808096,ETH-USDT,3739.89,3740.22,15340.0,15400.0
2025-07-24T15:28:43.903959,BTC-USDT,118965.2,118965.3,1846.0,832.0
2025-07-24T15:28:44.021487,ETH-USDT,3740.19,3740.2,4274.0,851.0
2025-07-24T15:28:44.021516,SOL-USDT,189.18,189.19,14.0,56.0
2025-07-24T15:28:44.117983,XRP-USDT,3.2335,3.2344,179.0,114.0
2025-07-24T15:28:44.118021,BTC-USDT,118965.2,118965.3,1846.0,4388.0
2025-07-24T15:28:44.206388,XRP-USDT,3.2335,3.2347,179.0,120.0
2025-07-24T15:28:44.206430,BTC-USDT,118965.2,118965.3,1846.0,4190.0
2025-07-24T15:28:44.305962,LTC-USDT,114.38,114.39,58.0,206.0
2025-07-24T15:28:44.306002,ETH-USDT,3740.19,3740.2,4274.0,319.0
2025-07-24T15:28:44.306033,SOL-USDT,189.18,189.19,14.0,28.0
2025-07-24T15:28:44.403687,XRP-USDT,3.2338,3.2339,175.0,7.0
2025-07-24T15:28:44.403792,ETH-USDT,3740.19,3740.2,4274.0,3742.0
2025-07-24T15:28:44.504227,XRP-USDT,3.2337,3.2347,190.0,68.0
2025-07-24T15:28:44.504786,BTC-USDT,118965.2,118965.3,1846.0,4173.0
2025-07-24T15:28:44.504842,SOL-USDT,189.17,189.19,27.0,28.0
2025-07-24T15:28:44.606030,LTC-USDT,114.38,114.39,58.0,276.0
2025-07-24T15:28:44.606069,XRP-USDT,3.2334,3.2345,165.0,121.0
2025-07-24T15:28:44.606091,ETH-USDT,3740.15,3740.2,7187.0,3742.0
2025-07-24T15:28:44.704118,SOL-USDT,189.16,189.18,27.0,201.0
2025-07-24T15:28:44.704817,LTC-USDT,114.24,114.38,146.0,273.0
2025-07-24T15:28:44.705073,ETH-USDT,3739.39,3739.57,1.0,7327.0
2025-07-24T15:28:44.705120,XRP-USDT,3.2333,3.2342,76.0,93.0
2025-07-24T15:28:44.805257,SOL-USDT,189.14,189.15,10.0,49.0
2025-07-24T15:28:44.805300,LTC-USDT,114.37,114.38,129.0,273.0
2025-07-24T15:28:44.805327,ETH-USDT,3739.48,3739.49,960.0,391.0
2025-07-24T15:28:44.805351,XRP-USDT,3.2329,3.2342,174.0,93.0
2025-07-24T15:28:44.912549,BTC-USDT,118965.2,118965.3,1846.0,4173.0
2025-07-24T15:28:44.912590,XRP-USDT,3.2326,3.234,82.0,78.0
2025-07-24T15:28:44.912650,ETH-USDT,3739.24,3739.36,7963.0,15349.0
2025-07-24T15:28:45.004298,SOL-USDT,189.13,189.15,20.0,246.0
2025-07-24T15:28:45.005014,BTC-USDT,118965.2,118965.3,1846.0,3278.0
2025-07-24T15:28:45.005051,LTC-USDT,114.37,114.38,129.0,273.0
2025-07-24T15:28:45.005077,ETH-USDT,3739.25,3739.28,6355.0,12081.0
2025-07-24T15:28:45.008872,XRP-USDT,3.2326,3.2338,82.0,101.0
2025-07-24T15:28:45.104803,SOL-USDT,189.12,189.13,24.0,159.0
2025-07-24T15:28:45.104847,LTC-USDT,114.36,114.37,98.0,270.0
2025-07-24T15:28:45.105171,ETH-USDT,3739.25,3739.26,6355.0,1607.0
2025-07-24T15:28:45.204350,XRP-USDT,3.2328,3.2338,161.0,82.0
2025-07-24T15:28:45.304707,BTC-USDT,118965.2,118965.3,1846.0,3272.0
2025-07-24T15:28:45.403975,XRP-USDT,3.2325,3.2338,118.0,82.0
2025-07-24T15:28:45.511959,ETH-USDT,3739.26,3739.28,926.0,12081.0
2025-07-24T15:28:45.512006,LTC-USDT,114.23,114.37,193.0,270.0
2025-07-24T15:28:45.604676,ETH-USDT,3739.2,3739.21,1886.0,3742.0
2025-07-24T15:28:45.604717,BTC-USDT,118965.2,118965.3,1846.0,3272.0
2025-07-24T15:28:45.604749,LTC-USDT,114.35,114.36,225.0,109.0
2025-07-24T15:28:45.710207,XRP-USDT,3.2326,3.2337,72.0,50.0
2025-07-24T15:28:45.710259,ETH-USDT,3739.18,3739.21,8969.0,3742.0
2025-07-24T15:28:45.710316,BTC-USDT,118965.2,118965.3,1846.0,3051.0
2025-07-24T15:28:45.803727,XRP-USDT,3.2325,3.2338,118.0,82.0
2025-07-24T15:28:45.904876,XRP-USDT,3.2325,3.2334,118.0,59.0
2025-07-24T15:28:45.908261,ETH-USDT,3739.21,3739.23,4984.0,8170.0
2025-07-24T15:28:45.908310,LTC-USDT,114.22,114.36,348.0,109.0
2025-07-24T15:28:46.020293,XRP-USDT,3.2322,3.2334,192.0,59.0
2025-07-24T15:28:46.020342,SOL-USDT,189.1,189.11,29.0,319.0
2025-07-24T15:28:46.020382,ETH-USDT,3738.59,3738.6,866.0,3742.0
2025-07-24T15:28:46.020424,BTC-USDT,118965.2,118965.3,261.0,3051.0
2025-07-24T15:28:46.128442,XRP-USDT,3.232,3.2331,70.0,79.0
2025-07-24T15:28:46.128484,SOL-USDT,189.09,189.1,21.0,328.0
2025-07-24T15:28:46.128517,LTC-USDT,114.33,114.34,85.0,130.0
2025-07-24T15:28:46.128552,BTC-USDT,118965.2,118965.3,551.0,3051.0
2025-07-24T15:28:46.224672,XRP-USDT,3.2318,3.2331,163.0,79.0
2025-07-24T15:28:46.224711,SOL-USDT,189.1,189.11,583.0,319.0
2025-07-24T15:28:46.224744,LTC-USDT,114.33,114.46,85.0,285.0
2025-07-24T15:28:46.303512,XRP-USDT,3.2318,3.2329,163.0,72.0
2025-07-24T15:28:46.303554,SOL-USDT,189.07,189.11,19.0,319.0
2025-07-24T15:28:46.304471,BTC-USDT,118965.1,118965.3,12985.0,3051.0
2025-07-24T15:28:46.304511,ETH-USDT,3738.59,3738.61,866.0,8171.0
2025-07-24T15:28:46.304541,LTC-USDT,114.2,114.34,110.0,236.0
2025-07-24T15:28:46.420411,XRP-USDT,3.2317,3.2327,98.0,74.0
2025-07-24T15:28:46.420447,SOL-USDT,189.07,189.08,19.0,263.0
2025-07-24T15:28:46.420467,LTC-USDT,114.32,114.34,66.0,236.0
2025-07-24T15:28:46.504287,XRP-USDT,3.2317,3.2326,98.0,132.0
2025-07-24T15:28:46.504474,BTC-USDT,118961.5,118961.6,165.0,5571.0
2025-07-24T15:28:46.504623,LTC-USDT,114.32,114.33,66.0,201.0
2025-07-24T15:28:46.609176,ETH-USDT,3738.59,3738.6,866.0,858.0
2025-07-24T15:28:46.609222,BTC-USDT,118961.5,118961.6,165.0,5571.0
2025-07-24T15:28:46.804132,LTC-USDT,114.32,114.33,66.0,195.0
2025-07-24T15:28:46.804176,ETH-USDT,3738.59,3738.6,866.0,256.0
2025-07-24T15:28:46.804299,BTC-USDT,118961.5,118961.6,165.0,5567.0
2025-07-24T15:28:46.921350,XRP-USDT,3.232,3.233,113.0,134.0
2025-07-24T15:28:46.921401,BTC-USDT,118961.5,118961.6,165.0,6751.0
2025-07-24T15:28:47.003498,ETH-USDT,3738.59,3738.6,866.0,3742.0
2025-07-24T15:28:47.003907,XRP-USDT,3.232,3.2331,113.0,79.0
2025-07-24T15:28:47.104320,XRP-USDT,3.2321,3.2332,73.0,142.0
2025-07-24T15:28:47.104361,SOL-USDT,189.06,189.08,219.0,263.0
2025-07-24T15:28:47.205299,ETH-USDT,3738.59,3738.6,866.0,2043.0
2025-07-24T15:28:47.205343,SOL-USDT,189.05,189.06,36.0,122.0
2025-07-24T15:28:47.205369,XRP-USDT,3.232,3.2331,113.0,74.0
2025-07-24T15:28:47.304026,XRP-USDT,3.232,3.2329,113.0,122.0
2025-07-24T15:28:47.304084,BTC-USDT,118961.5,118961.6,165.0,6636.0
2025-07-24T15:28:47.304125,SOL-USDT,189.03,189.06,138.0,122.0
2025-07-24T15:28:47.412392,SOL-USDT,189.04,189.05,10.0,206.0
2025-07-24T15:28:47.504137,XRP-USDT,3.232,3.233,113.0,160.0
2025-07-24T15:28:47.504194,LTC-USDT,114.32,114.33,66.0,166.0
2025-07-24T15:28:47.504235,ETH-USDT,3738.6,3738.61,525.0,8171.0
2025-07-24T15:28:47.607956,BTC-USDT,118961.5,118961.6,165.0,6636.0
2025-07-24T15:28:47.607998,XRP-USDT,3.232,3.233,113.0,160.0
2025-07-24T15:28:47.708942,ETH-USDT,3738.59,3738.6,866.0,3742.0
2025-07-24T15:28:47.708986,XRP-USDT,3.2321,3.233,158.0,160.0
2025-07-24T15:28:47.709013,SOL-USDT,189.03,189.04,138.0,96.0
2025-07-24T15:28:47.804081,BTC-USDT,118961.5,118961.6,165.0,5797.0
2025-07-24T15:28:47.903332,BTC-USDT,118961.5,118961.6,165.0,5797.0
2025-07-24T15:28:48.003319,ETH-USDT,3738.59,3738.6,866.0,3418.0
2025-07-24T15:28:48.113357,XRP-USDT,3.2321,3.2332,158.0,142.0
2025-07-24T15:28:48.113659,BTC-USDT,118961.5,118961.6,165.0,5768.0
2025-07-24T15:28:48.210148,XRP-USDT,3.2324,3.2333,122.0,143.0
2025-07-24T15:28:48.210190,ETH-USDT,3738.59,3738.6,866.0,956.0
2025-07-24T15:28:48.210222,SOL-USDT,189.05,189.06,16.0,122.0
2025-07-24T15:28:48.210249,LTC-USDT,114.32,114.33,66.0,159.0
2025-07-24T15:28:48.314994,XRP-USDT,3.2324,3.2333,122.0,143.0
2025-07-24T15:28:48.315067,SOL-USDT,189.03,189.05,138.0,78.0
2025-07-24T15:28:48.407768,BTC-USDT,118961.5,118961.6,165.0,5766.0
2025-07-24T15:28:48.506584,ETH-USDT,3738.6,3738.61,8612.0,8171.0
2025-07-24T15:28:48.506671,XRP-USDT,3.2323,3.2332,107.0,67.0
2025-07-24T15:28:48.630180,BTC-USDT,118961.5,118961.6,165.0,5612.0
2025-07-24T15:28:48.630233,SOL-USDT,189.03,189.04,138.0,92.0
2025-07-24T15:28:48.630273,ETH-USDT,3738.59,3738.6,866.0,3742.0
2025-07-24T15:28:48.630303,LTC-USDT,114.32,114.33,66.0,159.0
2025-07-24T15:28:48.704855,XRP-USDT,3.2323,3.2333,107.0,143.0
2025-07-24T15:28:48.804119,XRP-USDT,3.2324,3.2336,175.0,119.0
2025-07-24T15:28:48.916043,ETH-USDT,3738.59,3738.6,866.0,3176.0
2025-07-24T15:28:48.916088,XRP-USDT,3.2325,3.2336,180.0,119.0
2025-07-24T15:28:48.916115,BTC-USDT,118961.5,118961.6,165.0,5326.0
2025-07-24T15:28:49.003923,ETH-USDT,3738.59,3738.6,866.0,3176.0
2025-07-24T15:28:49.003964,XRP-USDT,3.2325,3.2335,180.0,92.0
2025-07-24T15:28:49.115669,BTC-USDT,118961.5,118961.6,165.0,5103.0
2025-07-24T15:28:49.203447,XRP-USDT,3.2326,3.2335,96.0,92.0
2025-07-24T15:28:49.309917,ETH-USDT,3738.59,3738.6,866.0,979.0
2025-07-24T15:28:49.309954,BTC-USDT,118961.5,118961.6,165.0,4750.0
2025-07-24T15:28:49.414002,XRP-USDT,3.2326,3.2328,96.0,45.0
2025-07-24T15:28:49.521099,LTC-USDT,114.32,114.45,66.0,228.0
2025-07-24T15:28:49.521140,XRP-USDT,3.2326,3.2341,96.0,141.0
2025-07-24T15:28:49.604368,SOL-USDT,189.03,189.05,138.0,78.0
2025-07-24T15:28:49.605962,ETH-USDT,3738.59,3738.6,866.0,979.0
2025-07-24T15:28:49.606005,BTC-USDT,118961.5,118961.6,165.0,4750.0
2025-07-24T15:28:49.606032,LTC-USDT,114.33,114.36,75.0,74.0
2025-07-24T15:28:49.705511,SOL-USDT,189.07,189.08,231.0,263.0
2025-07-24T15:28:49.705557,BTC-USDT,118961.5,118961.6,165.0,4709.0
2025-07-24T15:28:49.705585,LTC-USDT,114.35,114.36,83.0,74.0
2025-07-24T15:28:49.705646,XRP-USDT,3.2331,3.2344,189.0,50.0
2025-07-24T15:28:49.803755,ETH-USDT,3738.6,3738.61,2063.0,8171.0
2025-07-24T15:28:49.804189,SOL-USDT,189.04,189.08,1046.0,263.0
2025-07-24T15:28:49.804331,XRP-USDT,3.233,3.2342,53.0,69.0
2025-07-24T15:28:49.804535,LTC-USDT,114.34,114.35,74.0,254.0
2025-07-24T15:28:49.903288,SOL-USDT,189.07,189.08,185.0,263.0
2025-07-24T15:28:49.904815,XRP-USDT,3.233,3.2335,53.0,34.0
2025-07-24T15:28:49.904857,BTC-USDT,118961.5,118961.6,165.0,4463.0
2025-07-24T15:28:49.904890,ETH-USDT,3738.59,3738.6,866.0,2556.0
2025-07-24T15:28:50.003752,BTC-USDT,118961.5,118961.6,165.0,4449.0
2025-07-24T15:28:50.111822,XRP-USDT,3.2332,3.2342,127.0,69.0
2025-07-24T15:28:50.203284,LTC-USDT,114.34,114.35,74.0,254.0
2025-07-24T15:28:50.203452,ETH-USDT,3738.59,3738.6,866.0,188.0
2025-07-24T15:28:50.305765,SOL-USDT,189.06,189.08,38.0,263.0
2025-07-24T15:28:50.405444,LTC-USDT,114.34,114.47,74.0,350.0
2025-07-24T15:28:50.405506,BTC-USDT,118961.5,118961.6,165.0,4442.0
2025-07-24T15:28:50.405555,ETH-USDT,3738.87,3738.89,20.0,6234.0
2025-07-24T15:28:50.522697,XRP-USDT,3.2338,3.2351,188.0,90.0
2025-07-24T15:28:50.522962,LTC-USDT,114.35,114.37,416.0,90.0
2025-07-24T15:28:50.523073,ETH-USDT,3739.19,3739.23,3499.0,12556.0
2025-07-24T15:28:50.604131,XRP-USDT,3.2342,3.2355,39.0,92.0
2025-07-24T15:28:50.604274,SOL-USDT,189.08,189.09,290.0,38.0
2025-07-24T15:28:50.609753,LTC-USDT,114.37,114.38,519.0,90.0
2025-07-24T15:28:50.609794,ETH-USDT,3739.48,3739.49,4274.0,97.0
2025-07-24T15:28:50.609824,BTC-USDT,118961.5,118961.6,165.0,4442.0
2025-07-24T15:28:50.705629,LTC-USDT,114.38,114.5,189.0,235.0
2025-07-24T15:28:50.705668,SOL-USDT,189.12,189.13,136.0,159.0
2025-07-24T15:28:50.705701,XRP-USDT,3.2342,3.2351,119.0,65.0
2025-07-24T15:28:50.805843,BTC-USDT,118961.5,118961.6,165.0,4441.0
2025-07-24T15:28:50.805886,LTC-USDT,114.38,114.39,189.0,105.0
2025-07-24T15:28:50.805917,ETH-USDT,3739.48,3739.51,4274.0,13008.0
2025-07-24T15:28:50.921682,XRP-USDT,3.2342,3.2351,119.0,187.0
2025-07-24T15:28:50.921733,LTC-USDT,114.25,114.4,225.0,69.0
2025-07-24T15:28:50.921774,BTC-USDT,118961.5,118961.6,165.0,4441.0
2025-07-24T15:28:51.004222,LTC-USDT,114.39,114.4,321.0,69.0
2025-07-24T15:28:51.004281,ETH-USDT,3739.76,3739.77,3406.0,1626.0
2025-07-24T15:28:51.004314,SOL-USDT,189.13,189.14,169.0,14.0
2025-07-24T15:28:51.104526,XRP-USDT,3.2342,3.2351,119.0,187.0
2025-07-24T15:28:51.104567,BTC-USDT,118961.5,118961.6,165.0,4336.0
2025-07-24T15:28:51.204551,XRP-USDT,3.2342,3.2353,119.0,63.0
2025-07-24T15:28:51.205333,LTC-USDT,114.39,114.52,321.0,287.0
2025-07-24T15:28:51.205367,SOL-USDT,189.12,189.14,136.0,14.0
2025-07-24T15:28:51.205405,ETH-USDT,3739.76,3739.8,3023.0,11453.0
2025-07-24T15:28:51.305832,XRP-USDT,3.2343,3.2356,69.0,92.0
2025-07-24T15:28:51.305872,ETH-USDT,3740.09,3740.11,4274.0,6004.0
2025-07-24T15:28:51.305904,LTC-USDT,114.4,114.41,181.0,105.0
2025-07-24T15:28:51.305931,SOL-USDT,189.14,189.16,88.0,19.0
2025-07-24T15:28:51.406419,BTC-USDT,118961.5,118961.7,165.0,10049.0
2025-07-24T15:28:51.406460,SOL-USDT,189.15,189.16,185.0,19.0
2025-07-24T15:28:51.507957,XRP-USDT,3.2344,3.2355,59.0,171.0
2025-07-24T15:28:51.507999,ETH-USDT,3740.37,3740.39,6862.0,1423.0
2025-07-24T15:28:51.508032,BTC-USDT,118964.9,118965.1,5393.0,13724.0
2025-07-24T15:28:51.508474,SOL-USDT,189.16,189.17,204.0,51.0
2025-07-24T15:28:51.603882,XRP-USDT,3.2346,3.2358,70.0,182.0
2025-07-24T15:28:51.603926,ETH-USDT,3740.73,3740.74,1697.0,3394.0
2025-07-24T15:28:51.604277,LTC-USDT,114.4,114.41,181.0,105.0
2025-07-24T15:28:51.604442,SOL-USDT,189.16,189.18,204.0,60.0
2025-07-24T15:28:51.744797,XRP-USDT,3.2349,3.2361,148.0,137.0
2025-07-24T15:28:51.744962,BTC-USDT,118966.5,118966.7,7312.0,12455.0
2025-07-24T15:28:51.744993,SOL-USDT,189.18,189.2,92.0,25.0
2025-07-24T15:28:51.745017,ETH-USDT,3740.73,3740.78,1697.0,6347.0
2025-07-24T15:28:51.811014,XRP-USDT,3.2353,3.2365,120.0,113.0
2025-07-24T15:28:51.811057,ETH-USDT,3741.2,3741.23,1952.0,12208.0
2025-07-24T15:28:51.811092,BTC-USDT,118973.0,118973.4,7059.0,15784.0
2025-07-24T15:28:51.811129,SOL-USDT,189.22,189.24,289.0,192.0
2025-07-24T15:28:51.904680,LTC-USDT,114.43,114.44,339.0,50.0
2025-07-24T15:28:51.904722,BTC-USDT,118979.2,118979.7,1865.0,7933.0
2025-07-24T15:28:51.904886,XRP-USDT,3.2355,3.2366,137.0,188.0
2025-07-24T15:28:51.905053,ETH-USDT,3741.6,3741.66,4274.0,9667.0
2025-07-24T15:28:52.004017,LTC-USDT,114.45,114.46,84.0,122.0
2025-07-24T15:28:52.004156,BTC-USDT,118980.8,118983.2,1046.0,9793.0
2025-07-24T15:28:52.004386,XRP-USDT,3.2359,3.2368,131.0,76.0
2025-07-24T15:28:52.004421,ETH-USDT,3741.62,3742.17,9309.0,11416.0
2025-07-24T15:28:52.004630,SOL-USDT,189.23,189.24,231.0,192.0
2025-07-24T15:28:52.106315,BTC-USDT,118987.2,118988.2,12072.0,6125.0
2025-07-24T15:28:52.106358,ETH-USDT,3741.81,3741.85,614.0,6101.0
2025-07-24T15:28:52.106391,SOL-USDT,189.24,189.26,80.0,40.0
2025-07-24T15:28:52.106437,XRP-USDT,3.2359,3.2369,130.0,165.0
2025-07-24T15:28:52.211181,LTC-USDT,114.45,114.46,36.0,122.0
2025-07-24T15:28:52.211505,BTC-USDT,118988.1,118988.2,4016.0,370.0
2025-07-24T15:28:52.303956,XRP-USDT,3.2359,3.2368,130.0,51.0
2025-07-24T15:28:52.303996,SOL-USDT,189.24,189.25,80.0,135.0
2025-07-24T15:28:52.428787,ETH-USDT,3741.95,3742.0,11079.0,82.0
2025-07-24T15:28:52.428828,XRP-USDT,3.2361,3.237,139.0,135.0
2025-07-24T15:28:52.512198,BTC-USDT,118988.4,118988.5,9630.0,15301.0
2025-07-24T15:28:52.604727,ETH-USDT,3741.99,3742.0,2689.0,82.0
2025-07-24T15:28:52.604770,LTC-USDT,114.45,114.46,36.0,122.0
2025-07-24T15:28:52.604985,SOL-USDT,189.24,189.26,80.0,40.0
2025-07-24T15:28:52.605023,BTC-USDT,118998.3,118998.4,9987.0,1112.0
2025-07-24T15:28:52.706011,XRP-USDT,3.2362,3.2371,155.0,174.0
2025-07-24T15:28:52.706193,ETH-USDT,3742.0,3742.01,8593.0,7701.0
2025-07-24T15:28:52.706223,SOL-USDT,189.24,189.25,80.0,17.0
2025-07-24T15:28:52.804663,BTC-USDT,119007.3,119007.4,6150.0,1891.0
2025-07-24T15:28:52.804689,SOL-USDT,189.25,189.26,162.0,40.0
2025-07-24T15:28:52.804709,ETH-USDT,3741.99,3742.0,569.0,2471.0
2025-07-24T15:28:52.906724,BTC-USDT,119007.3,119007.4,6150.0,1891.0
2025-07-24T15:28:52.906779,XRP-USDT,3.2365,3.2375,82.0,110.0
2025-07-24T15:28:53.004378,LTC-USDT,114.45,114.46,36.0,108.0
2025-07-24T15:28:53.004403,XRP-USDT,3.2364,3.2375,58.0,110.0
2025-07-24T15:28:53.103755,XRP-USDT,3.2366,3.2375,188.0,110.0
2025-07-24T15:28:53.203522,BTC-USDT,119007.3,119007.4,6150.0,1707.0
2025-07-24T15:28:53.203560,LTC-USDT,114.45,114.46,36.0,180.0
2025-07-24T15:28:53.203769,ETH-USDT,3741.99,3742.0,569.0,1449.0
2025-07-24T15:28:53.403428,XRP-USDT,3.2366,3.2375,188.0,110.0
2025-07-24T15:28:53.508168,ETH-USDT,3741.99,3742.0,569.0,1192.0
2025-07-24T15:28:53.508220,XRP-USDT,3.2366,3.2375,163.0,110.0
2025-07-24T15:28:53.508256,BTC-USDT,119007.3,119007.4,6150.0,1541.0
2025-07-24T15:28:53.608534,SOL-USDT,189.25,189.26,28.0,40.0
2025-07-24T15:28:53.609886,ETH-USDT,3741.95,3742.01,11079.0,7701.0
2025-07-24T15:28:53.705267,SOL-USDT,189.24,189.26,80.0,40.0
2025-07-24T15:28:53.808510,ETH-USDT,3741.75,3741.93,8953.0,9684.0
2025-07-24T15:28:53.808554,SOL-USDT,189.22,189.25,289.0,337.0
2025-07-24T15:28:53.808582,XRP-USDT,3.2364,3.2375,189.0,110.0
2025-07-24T15:28:53.808628,BTC-USDT,119006.5,119007.4,6506.0,1541.0
2025-07-24T15:28:53.904838,ETH-USDT,3741.6,3741.65,6354.0,3742.0
2025-07-24T15:28:53.904879,LTC-USDT,114.32,114.46,142.0,180.0
2025-07-24T15:28:53.904911,SOL-USDT,189.21,189.24,351.0,114.0
2025-07-24T15:28:53.904945,XRP-USDT,3.2359,3.2371,130.0,73.0
2025-07-24T15:28:54.005249,LTC-USDT,114.31,114.45,272.0,325.0
2025-07-24T15:28:54.005301,ETH-USDT,3741.46,3741.51,7487.0,3742.0
2025-07-24T15:28:54.005341,SOL-USDT,189.21,189.22,351.0,190.0
2025-07-24T15:28:54.124431,BTC-USDT,119004.9,119005.1,6845.0,4698.0
2025-07-24T15:28:54.124484,XRP-USDT,3.2362,3.2371,70.0,73.0
2025-07-24T15:28:54.205469,LTC-USDT,114.44,114.45,128.0,325.0
2025-07-24T15:28:54.312783,ETH-USDT,3741.35,3741.36,6020.0,1451.0
2025-07-24T15:28:54.404383,XRP-USDT,3.236,3.2371,95.0,73.0
2025-07-24T15:28:54.404433,LTC-USDT,114.31,114.45,272.0,325.0
2025-07-24T15:28:54.404578,BTC-USDT,119005.0,119005.1,1269.0,2478.0
2025-07-24T15:28:54.507046,XRP-USDT,3.236,3.2369,95.0,197.0
2025-07-24T15:28:54.612956,SOL-USDT,189.21,189.23,351.0,271.0
2025-07-24T15:28:54.612999,ETH-USDT,3741.34,3741.36,8560.0,1451.0
2025-07-24T15:28:54.613027,LTC-USDT,114.31,114.45,272.0,325.0
2025-07-24T15:28:54.613049,BTC-USDT,119005.0,119005.1,1269.0,2478.0
2025-07-24T15:28:54.709073,XRP-USDT,3.236,3.2369,95.0,197.0
2025-07-24T15:28:54.709113,LTC-USDT,114.43,114.45,96.0,325.0
2025-07-24T15:28:54.803589,ETH-USDT,3741.28,3741.36,8193.0,1451.0
2025-07-24T15:28:54.803662,LTC-USDT,114.3,114.43,194.0,147.0
2025-07-24T15:28:54.909295,ETH-USDT,3741.0,3741.01,1625.0,688.0
2025-07-24T15:28:54.909335,SOL-USDT,189.21,189.22,351.0,81.0
2025-07-24T15:28:54.909366,LTC-USDT,114.42,114.43,169.0,147.0
2025-07-24T15:28:54.909402,BTC-USDT,119005.0,119005.1,261.0,3297.0
2025-07-24T15:28:55.003715,LTC-USDT,114.42,114.43,169.0,147.0
2025-07-24T15:28:55.128967,SOL-USDT,189.2,189.22,47.0,81.0
2025-07-24T15:28:55.129006,XRP-USDT,3.235,3.2365,148.0,79.0
2025-07-24T15:28:55.129032,BTC-USDT,119005.0,119005.1,261.0,3287.0
2025-07-24T15:28:55.219487,XRP-USDT,3.2351,3.236,178.0,128.0
2025-07-24T15:28:55.219634,SOL-USDT,189.19,189.2,163.0,68.0
2025-07-24T15:28:55.304051,XRP-USDT,3.2351,3.236,178.0,128.0
2025-07-24T15:28:55.304267,BTC-USDT,119005.1,119005.2,1904.0,11752.0
2025-07-24T15:28:55.418058,ETH-USDT,3741.01,3741.02,2416.0,13804.0
2025-07-24T15:28:55.517710,BTC-USDT,119005.0,119005.1,261.0,2530.0
2025-07-24T15:28:55.517758,ETH-USDT,3741.0,3741.01,1625.0,2942.0
2025-07-24T15:28:55.517795,XRP-USDT,3.2349,3.236,113.0,128.0
2025-07-24T15:28:55.604211,LTC-USDT,114.42,114.43,169.0,139.0
2025-07-24T15:28:55.604251,SOL-USDT,189.19,189.2,163.0,68.0
2025-07-24T15:28:55.604368,XRP-USDT,3.2348,3.2359,187.0,135.0
2025-07-24T15:28:55.705627,XRP-USDT,3.235,3.2359,166.0,135.0
2025-07-24T15:28:55.705932,SOL-USDT,189.19,189.2,24.0,121.0
2025-07-24T15:28:55.705979,ETH-USDT,3741.01,3741.02,1489.0,13804.0
2025-07-24T15:28:55.810059,XRP-USDT,3.235,3.2358,166.0,1.0
2025-07-24T15:28:55.810101,BTC-USDT,119005.0,119005.1,261.0,2188.0
2025-07-24T15:28:56.009140,ETH-USDT,3741.0,3741.01,1625.0,3179.0
2025-07-24T15:28:56.109471,XRP-USDT,3.235,3.2359,166.0,135.0
2025-07-24T15:28:56.207222,ETH-USDT,3741.0,3741.01,1625.0,2817.0
2025-07-24T15:28:56.207267,BTC-USDT,119005.0,119005.1,261.0,2145.0
2025-07-24T15:28:56.207300,XRP-USDT,3.2346,3.2358,138.0,166.0
2025-07-24T15:28:56.305697,XRP-USDT,3.2346,3.2357,138.0,193.0
2025-07-24T15:28:56.404089,XRP-USDT,3.2347,3.2358,159.0,166.0
2025-07-24T15:28:56.404146,BTC-USDT,119005.0,119005.1,261.0,1738.0
2025-07-24T15:28:56.605069,ETH-USDT,3741.0,3741.01,1625.0,1730.0
2025-07-24T15:28:56.605110,BTC-USDT,119005.0,119005.1,261.0,2549.0
2025-07-24T15:28:56.710574,BTC-USDT,119005.0,119005.1,261.0,1959.0
2025-07-24T15:28:56.809251,SOL-USDT,189.2,189.21,80.0,119.0
2025-07-24T15:28:56.809295,XRP-USDT,3.2349,3.2359,129.0,135.0
2025-07-24T15:28:56.921779,BTC-USDT,119005.0,119005.1,261.0,1959.0
2025-07-24T15:28:56.921818,SOL-USDT,189.16,189.17,10.0,248.0
2025-07-24T15:28:56.921854,XRP-USDT,3.235,3.2359,187.0,135.0
2025-07-24T15:28:56.921878,ETH-USDT,3740.98,3741.01,11792.0,1730.0
2025-07-24T15:28:57.007369,SOL-USDT,189.15,189.17,32.0,248.0
2025-07-24T15:28:57.007425,ETH-USDT,3740.8,3740.81,2651.0,2692.0
2025-07-24T15:28:57.007662,BTC-USDT,119005.0,119005.1,261.0,1201.0
2025-07-24T15:28:57.225337,BTC-USDT,119005.0,119005.1,261.0,1159.0
2025-07-24T15:28:57.225372,LTC-USDT,114.42,114.43,169.0,36.0
2025-07-24T15:28:57.225396,ETH-USDT,3740.8,3740.81,2651.0,2648.0
2025-07-24T15:28:57.536689,ETH-USDT,3740.8,3740.81,2651.0,2525.0
2025-07-24T15:28:57.536731,XRP-USDT,3.235,3.2359,187.0,135.0
2025-07-24T15:28:57.536761,BTC-USDT,119005.0,119005.1,261.0,1156.0
2025-07-24T15:28:57.622709,LTC-USDT,114.42,114.43,169.0,36.0
2025-07-24T15:28:57.622749,SOL-USDT,189.16,189.17,18.0,248.0
2025-07-24T15:28:57.622781,ETH-USDT,3740.8,3740.81,2651.0,2525.0
2025-07-24T15:28:57.810416,XRP-USDT,3.235,3.2355,187.0,1.0
2025-07-24T15:28:57.810458,ETH-USDT,3740.8,3740.81,2651.0,2499.0
2025-07-24T15:28:57.909134,BTC-USDT,119005.0,119005.1,261.0,1126.0
2025-07-24T15:28:57.909185,XRP-USDT,3.235,3.2359,187.0,135.0
2025-07-24T15:28:57.909222,ETH-USDT,3740.8,3741.35,2651.0,3.0
2025-07-24T15:28:58.003854,XRP-USDT,3.2354,3.2363,62.0,77.0
2025-07-24T15:28:58.003896,ETH-USDT,3741.34,3741.35,4274.0,899.0
2025-07-24T15:28:58.003928,SOL-USDT,189.16,189.18,18.0,418.0
2025-07-24T15:28:58.106981,SOL-USDT,189.16,189.18,18.0,418.0
2025-07-24T15:28:58.208763,ETH-USDT,3741.35,3741.37,9101.0,13119.0
2025-07-24T15:28:58.208805,SOL-USDT,189.16,189.17,18.0,45.0
2025-07-24T15:28:58.303692,BTC-USDT,119005.0,119005.1,261.0,890.0
2025-07-24T15:28:58.408584,ETH-USDT,3741.34,3741.35,4274.0,1857.0
2025-07-24T15:28:58.408648,XRP-USDT,3.2353,3.2363,163.0,77.0
2025-07-24T15:28:58.505466,XRP-USDT,3.2352,3.2363,167.0,77.0
2025-07-24T15:28:58.505532,ETH-USDT,3741.33,3741.35,12638.0,1857.0
2025-07-24T15:28:58.611621,BTC-USDT,119005.0,119005.1,261.0,890.0
2025-07-24T15:28:58.611666,SOL-USDT,189.16,189.17,60.0,45.0
2025-07-24T15:28:58.611693,ETH-USDT,3741.34,3741.35,124.0,540.0
2025-07-24T15:28:58.703467,BTC-USDT,119005.0,119005.1,261.0,883.0
2025-07-24T15:28:58.703508,XRP-USDT,3.2351,3.2363,180.0,77.0
2025-07-24T15:28:58.803123,ETH-USDT,3741.34,3741.35,124.0,2251.0
2025-07-24T15:28:58.803296,XRP-USDT,3.2354,3.2363,162.0,77.0
2025-07-24T15:28:58.904321,BTC-USDT,119005.0,119005.1,261.0,883.0
2025-07-24T15:28:58.904363,XRP-USDT,3.2354,3.2366,162.0,188.0
2025-07-24T15:28:58.904529,ETH-USDT,3741.34,3741.35,124.0,2232.0
2025-07-24T15:28:59.014890,XRP-USDT,3.2356,3.2365,154.0,177.0
2025-07-24T15:28:59.014933,ETH-USDT,3741.34,3741.35,124.0,2232.0
2025-07-24T15:28:59.115700,XRP-USDT,3.2356,3.2367,154.0,136.0
2025-07-24T15:28:59.115745,ETH-USDT,3741.34,3741.35,124.0,2027.0
2025-07-24T15:28:59.204703,XRP-USDT,3.2356,3.2367,154.0,136.0
2025-07-24T15:28:59.204755,BTC-USDT,119005.0,119005.1,261.0,208.0
2025-07-24T15:28:59.305759,XRP-USDT,3.2358,3.2367,114.0,136.0
2025-07-24T15:28:59.404701,ETH-USDT,3741.34,3741.37,124.0,13119.0
2025-07-24T15:28:59.404743,SOL-USDT,189.16,189.17,60.0,21.0
2025-07-24T15:28:59.505437,BTC-USDT,119005.0,119005.1,261.0,183.0
2025-07-24T15:28:59.603459,LTC-USDT,114.42,114.43,169.0,29.0
2025-07-24T15:28:59.603839,SOL-USDT,189.16,189.17,60.0,21.0
2025-07-24T15:28:59.604044,ETH-USDT,3741.34,3741.35,124.0,489.0
2025-07-24T15:28:59.704123,BTC-USDT,119005.0,119005.1,261.0,2614.0
2025-07-24T15:28:59.704331,XRP-USDT,3.2356,3.2367,154.0,136.0
2025-07-24T15:28:59.804028,LTC-USDT,114.42,114.43,169.0,157.0
2025-07-24T15:28:59.804205,ETH-USDT,3740.69,3741.35,12602.0,217.0
2025-07-24T15:28:59.804364,XRP-USDT,3.2356,3.2358,154.0,17.0
2025-07-24T15:28:59.804624,SOL-USDT,189.15,189.17,32.0,41.0
2025-07-24T15:28:59.929497,ETH-USDT,3741.0,3741.01,1173.0,3224.0
2025-07-24T15:28:59.929531,BTC-USDT,119005.0,119005.1,261.0,3232.0
2025-07-24T15:28:59.929556,SOL-USDT,189.15,189.16,32.0,323.0
2025-07-24T15:29:00.108340,BTC-USDT,119005.0,119005.1,261.0,3085.0
2025-07-24T15:29:00.108384,SOL-USDT,189.15,189.16,32.0,323.0
2025-07-24T15:29:00.108412,XRP-USDT,3.2358,3.2367,131.0,136.0
2025-07-24T15:29:00.205885,ETH-USDT,3740.96,3741.01,6448.0,3060.0
2025-07-24T15:29:00.205937,LTC-USDT,114.29,114.43,288.0,157.0
2025-07-24T15:29:00.206004,XRP-USDT,3.2353,3.2364,180.0,54.0
2025-07-24T15:29:00.206051,BTC-USDT,119004.9,119005.1,6845.0,3085.0
2025-07-24T15:29:00.206090,SOL-USDT,189.15,189.17,32.0,41.0
2025-07-24T15:29:00.310450,ETH-USDT,3740.89,3740.91,12407.0,3742.0
2025-07-24T15:29:00.310504,SOL-USDT,189.14,189.16,19.0,250.0
2025-07-24T15:29:00.310532,XRP-USDT,3.235,3.236,187.0,92.0
2025-07-24T15:29:00.310556,LTC-USDT,114.41,114.42,61.0,178.0
2025-07-24T15:29:00.406057,BTC-USDT,118990.0,118990.3,7835.0,453.0
2025-07-24T15:29:00.406112,SOL-USDT,189.12,189.13,99.0,333.0
2025-07-24T15:29:00.406144,LTC-USDT,114.28,114.42,343.0,94.0
2025-07-24T15:29:00.406171,XRP-USDT,3.235,3.2359,187.0,60.0
2025-07-24T15:29:00.504447,ETH-USDT,3740.82,3740.88,11955.0,3742.0
2025-07-24T15:29:00.504496,SOL-USDT,189.09,189.13,248.0,333.0
2025-07-24T15:29:00.504784,LTC-USDT,114.4,114.41,213.0,81.0
2025-07-24T15:29:00.610079,XRP-USDT,3.2315,3.2351,195.0,104.0
2025-07-24T15:29:00.610129,ETH-USDT,3740.59,3740.64,13188.0,603.0
2025-07-24T15:29:00.610169,BTC-USDT,118990.2,118990.3,1512.0,5136.0
2025-07-24T15:29:00.610742,SOL-USDT,189.09,189.11,248.0,306.0
2025-07-24T15:29:00.720979,XRP-USDT,3.2332,3.2343,162.0,58.0
2025-07-24T15:29:00.721012,ETH-USDT,3740.38,3740.43,15427.0,3742.0
2025-07-24T15:29:00.721048,SOL-USDT,189.05,189.08,187.0,271.0
2025-07-24T15:29:00.805471,BTC-USDT,118990.1,118990.3,14770.0,5136.0
2025-07-24T15:29:00.805518,XRP-USDT,3.233,3.2343,151.0,58.0
2025-07-24T15:29:00.805544,ETH-USDT,3740.08,3740.1,15908.0,2710.0
2025-07-24T15:29:00.805569,SOL-USDT,189.04,189.05,13.0,16.0
2025-07-24T15:29:00.921334,XRP-USDT,3.2326,3.2341,98.0,180.0
2025-07-24T15:29:00.921438,LTC-USDT,114.39,114.4,104.0,88.0
2025-07-24T15:29:00.921488,BTC-USDT,118979.9,118980.3,12730.0,4292.0
2025-07-24T15:29:00.921561,ETH-USDT,3740.0,3740.04,6566.0,5541.0
2025-07-24T15:29:01.003551,LTC-USDT,114.38,114.39,115.0,73.0
2025-07-24T15:29:01.003599,ETH-USDT,3739.83,3739.92,12711.0,3306.0
2025-07-24T15:29:01.009661,SOL-USDT,189.0,189.02,139.0,70.0
2025-07-24T15:29:01.105205,XRP-USDT,3.2322,3.2336,51.0,123.0
2025-07-24T15:29:01.105250,LTC-USDT,114.38,114.52,115.0,190.0
2025-07-24T15:29:01.203119,ETH-USDT,3739.66,3739.67,28.0,3554.0
2025-07-24T15:29:01.203162,XRP-USDT,3.2326,3.2335,135.0,151.0
2025-07-24T15:29:01.203425,SOL-USDT,189.0,189.01,139.0,150.0
2025-07-24T15:29:01.304482,LTC-USDT,114.38,114.39,115.0,193.0
2025-07-24T15:29:01.304766,BTC-USDT,118980.2,118980.3,247.0,5040.0
2025-07-24T15:29:01.304803,XRP-USDT,3.2326,3.2335,135.0,140.0
2025-07-24T15:29:01.403552,ETH-USDT,3739.66,3739.74,28.0,14701.0
2025-07-24T15:29:01.403773,SOL-USDT,189.0,189.02,139.0,70.0
2025-07-24T15:29:01.503364,XRP-USDT,3.2328,3.2337,83.0,153.0
2025-07-24T15:29:01.503414,BTC-USDT,118980.2,118980.4,247.0,12299.0
2025-07-24T15:29:01.504505,ETH-USDT,3739.66,3739.73,28.0,8001.0
2025-07-24T15:29:01.504546,SOL-USDT,189.02,189.03,213.0,218.0
2025-07-24T15:29:01.504577,LTC-USDT,114.38,114.39,115.0,193.0
2025-07-24T15:29:01.604646,XRP-USDT,3.2334,3.2347,168.0,56.0
2025-07-24T15:29:01.604691,BTC-USDT,118980.2,118980.3,247.0,1081.0
2025-07-24T15:29:01.604921,ETH-USDT,3740.07,3740.14,12979.0,52.0
2025-07-24T15:29:01.604962,SOL-USDT,189.03,189.07,520.0,15.0
2025-07-24T15:29:01.709240,XRP-USDT,3.2336,3.2347,166.0,175.0
2025-07-24T15:29:01.709282,LTC-USDT,114.25,114.4,225.0,68.0
2025-07-24T15:29:01.709317,SOL-USDT,189.06,189.07,211.0,15.0
2025-07-24T15:29:01.806744,BTC-USDT,118980.2,118980.3,247.0,1081.0
2025-07-24T15:29:01.806786,XRP-USDT,3.2335,3.2347,85.0,175.0
2025-07-24T15:29:01.806817,LTC-USDT,114.38,114.39,147.0,90.0
2025-07-24T15:29:01.904044,XRP-USDT,3.2334,3.2346,168.0,182.0
2025-07-24T15:29:01.904276,BTC-USDT,118980.2,118980.3,247.0,1071.0
2025-07-24T15:29:02.005554,XRP-USDT,3.2336,3.2345,71.0,178.0
2025-07-24T15:29:02.030027,ETH-USDT,3740.13,3740.14,4039.0,52.0
2025-07-24T15:29:02.104179,BTC-USDT,118980.3,118980.4,1645.0,12299.0
2025-07-24T15:29:02.203395,LTC-USDT,114.39,114.51,204.0,247.0
2025-07-24T15:29:02.304748,LTC-USDT,114.38,114.39,147.0,53.0
2025-07-24T15:29:02.304789,XRP-USDT,3.2338,3.2347,157.0,86.0
2025-07-24T15:29:02.436996,BTC-USDT,118980.3,118980.4,349.0,12299.0
2025-07-24T15:29:02.437040,ETH-USDT,3740.14,3740.15,2551.0,10221.0
2025-07-24T15:29:02.437067,SOL-USDT,189.05,189.07,151.0,15.0
2025-07-24T15:29:02.504507,ETH-USDT,3740.13,3740.14,4039.0,1245.0
2025-07-24T15:29:02.624507,BTC-USDT,118980.2,118980.4,247.0,12299.0
2025-07-24T15:29:02.624551,SOL-USDT,189.06,189.07,29.0,15.0
2025-07-24T15:29:02.707347,SOL-USDT,189.09,189.1,81.0,302.0
2025-07-24T15:29:02.707417,XRP-USDT,3.2338,3.2347,157.0,86.0
2025-07-24T15:29:02.811369,ETH-USDT,3740.14,3740.15,2531.0,10221.0
2025-07-24T15:29:02.909416,BTC-USDT,118980.2,118980.3,247.0,193.0
2025-07-24T15:29:02.909460,LTC-USDT,114.38,114.39,147.0,17.0
2025-07-24T15:29:02.909493,ETH-USDT,3740.13,3740.14,1104.0,1274.0
2025-07-24T15:29:03.003787,SOL-USDT,189.09,189.1,81.0,302.0
2025-07-24T15:29:03.124732,XRP-USDT,3.2336,3.2347,71.0,86.0
2025-07-24T15:29:03.124784,ETH-USDT,3740.14,3740.15,951.0,10221.0
2025-07-24T15:29:03.213655,SOL-USDT,189.06,189.07,29.0,141.0
2025-07-24T15:29:03.213708,XRP-USDT,3.2332,3.2345,161.0,112.0
2025-07-24T15:29:03.213741,ETH-USDT,3739.88,3739.93,6874.0,3742.0
2025-07-24T15:29:03.310439,XRP-USDT,3.2332,3.2343,161.0,50.0
2025-07-24T15:29:03.310485,BTC-USDT,118980.2,118980.3,247.0,1159.0
2025-07-24T15:29:03.403817,XRP-USDT,3.2332,3.2341,161.0,164.0
2025-07-24T15:29:03.403860,ETH-USDT,3739.92,3739.93,364.0,1894.0
2025-07-24T15:29:03.508562,BTC-USDT,118980.2,118980.3,247.0,1158.0
2025-07-24T15:29:03.604927,LTC-USDT,114.38,114.39,147.0,17.0
2025-07-24T15:29:03.604968,ETH-USDT,3739.92,3739.93,364.0,1894.0
2025-07-24T15:29:03.711481,ETH-USDT,3739.92,3739.93,364.0,3742.0
2025-07-24T15:29:03.905912,XRP-USDT,3.234,3.2341,1.0,164.0
2025-07-24T15:29:03.905981,ETH-USDT,3739.92,3739.93,364.0,3339.0
2025-07-24T15:29:03.906023,BTC-USDT,118980.2,118980.3,247.0,1158.0
2025-07-24T15:29:04.003507,XRP-USDT,3.2332,3.2341,161.0,164.0
2025-07-24T15:29:04.104119,XRP-USDT,3.2329,3.2341,189.0,164.0
2025-07-24T15:29:04.104364,LTC-USDT,114.38,114.39,147.0,8.0
2025-07-24T15:29:04.206884,XRP-USDT,3.2328,3.234,94.0,55.0
2025-07-24T15:29:04.303763,ETH-USDT,3739.88,3739.93,6874.0,2115.0
2025-07-24T15:29:04.303798,BTC-USDT,118980.2,118980.3,247.0,724.0
2025-07-24T15:29:04.404430,LTC-USDT,114.38,114.39,147.0,95.0
2025-07-24T15:29:04.404481,XRP-USDT,3.2328,3.234,94.0,55.0
2025-07-24T15:29:04.404520,ETH-USDT,3739.66,3739.67,1070.0,1973.0
2025-07-24T15:29:04.514787,XRP-USDT,3.233,3.2339,149.0,60.0
2025-07-24T15:29:04.627701,SOL-USDT,189.08,189.09,348.0,215.0
2025-07-24T15:29:04.627741,BTC-USDT,118980.2,118980.3,247.0,724.0
2025-07-24T15:29:04.627774,ETH-USDT,3739.66,3739.67,1070.0,1973.0
2025-07-24T15:29:04.704818,SOL-USDT,189.04,189.07,185.0,212.0
2025-07-24T15:29:04.705098,BTC-USDT,118980.2,118980.3,247.0,136.0
2025-07-24T15:29:04.705135,LTC-USDT,114.25,114.39,225.0,95.0
2025-07-24T15:29:04.705165,XRP-USDT,3.2328,3.2339,94.0,60.0
2025-07-24T15:29:04.705203,ETH-USDT,3739.66,3739.67,1070.0,918.0
2025-07-24T15:29:04.803868,XRP-USDT,3.2325,3.2334,152.0,158.0
2025-07-24T15:29:04.803919,SOL-USDT,189.04,189.05,28.0,203.0
2025-07-24T15:29:04.903660,BTC-USDT,118980.2,118980.3,247.0,136.0
2025-07-24T15:29:04.903699,ETH-USDT,3739.66,3739.67,1070.0,890.0
2025-07-24T15:29:05.008170,ETH-USDT,3739.66,3739.67,1070.0,890.0
2025-07-24T15:29:05.233401,XRP-USDT,3.2325,3.2334,152.0,158.0
2025-07-24T15:29:05.233443,BTC-USDT,118980.2,118980.3,247.0,133.0
2025-07-24T15:29:05.304572,ETH-USDT,3739.66,3739.67,1070.0,489.0
2025-07-24T15:29:05.412511,LTC-USDT,114.24,114.37,175.0,129.0
2025-07-24T15:29:05.504170,XRP-USDT,3.2325,3.2334,152.0,153.0
2025-07-24T15:29:05.605972,LTC-USDT,114.24,114.38,175.0,137.0
2025-07-24T15:29:05.606015,ETH-USDT,3739.66,3739.67,1070.0,489.0
2025-07-24T15:29:05.606043,BTC-USDT,118980.2,118980.3,247.0,133.0
2025-07-24T15:29:05.703532,SOL-USDT,189.04,189.06,28.0,173.0
2025-07-24T15:29:05.703574,BTC-USDT,118980.2,118980.3,247.0,3104.0
2025-07-24T15:29:05.803554,LTC-USDT,114.37,114.38,224.0,137.0
2025-07-24T15:29:05.803723,XRP-USDT,3.2325,3.2334,152.0,153.0
2025-07-24T15:29:05.904311,BTC-USDT,118980.2,118980.3,247.0,3001.0
2025-07-24T15:29:05.904355,SOL-USDT,189.04,189.05,28.0,38.0
2025-07-24T15:29:06.023934,ETH-USDT,3739.66,3739.67,1070.0,316.0
2025-07-24T15:29:06.103904,ETH-USDT,3739.66,3739.68,1070.0,6509.0
2025-07-24T15:29:06.403549,BTC-USDT,118980.2,118980.3,247.0,2887.0
2025-07-24T15:29:06.403593,ETH-USDT,3739.66,3739.67,1070.0,1345.0
2025-07-24T15:29:06.520788,XRP-USDT,3.2325,3.2334,152.0,153.0
2025-07-24T15:29:06.520827,ETH-USDT,3739.66,3739.67,1070.0,3513.0
2025-07-24T15:29:06.603746,SOL-USDT,189.04,189.05,28.0,44.0
2025-07-24T15:29:06.604184,BTC-USDT,118980.2,118980.3,247.0,2887.0
2025-07-24T15:29:06.712867,XRP-USDT,3.2322,3.2334,158.0,153.0
2025-07-24T15:29:06.713337,BTC-USDT,118980.2,118980.3,247.0,2879.0
2025-07-24T15:29:06.804098,ETH-USDT,3739.66,3739.67,1070.0,2966.0
2025-07-24T15:29:06.804296,XRP-USDT,3.2325,3.2334,56.0,153.0
2025-07-24T15:29:06.903514,LTC-USDT,114.37,114.38,224.0,134.0
2025-07-24T15:29:07.005875,ETH-USDT,3739.66,3739.67,1070.0,2966.0
2025-07-24T15:29:07.103215,XRP-USDT,3.2325,3.2334,56.0,153.0
2025-07-24T15:29:07.304277,BTC-USDT,118980.2,118980.3,247.0,2879.0
2025-07-24T15:29:07.407637,XRP-USDT,3.2325,3.2334,95.0,153.0
2025-07-24T15:29:07.504702,BTC-USDT,118980.2,118980.3,247.0,2766.0
2025-07-24T15:29:07.504766,ETH-USDT,3739.66,3739.67,1070.0,950.0
2025-07-24T15:29:07.607777,SOL-USDT,189.04,189.06,28.0,153.0
2025-07-24T15:29:07.607824,LTC-USDT,114.37,114.38,224.0,134.0
2025-07-24T15:29:07.821122,BTC-USDT,118980.2,118980.3,247.0,2738.0
2025-07-24T15:29:07.906596,XRP-USDT,3.2325,3.2333,95.0,1.0
2025-07-24T15:29:07.906686,BTC-USDT,118980.2,118980.3,247.0,2738.0
2025-07-24T15:29:08.003461,XRP-USDT,3.2325,3.2334,95.0,153.0
2025-07-24T15:29:08.003677,ETH-USDT,3739.66,3739.67,1070.0,386.0
2025-07-24T15:29:08.223064,SOL-USDT,189.03,189.05,20.0,64.0
2025-07-24T15:29:08.303147,LTC-USDT,114.37,114.38,224.0,26.0
2025-07-24T15:29:08.304683,SOL-USDT,189.03,189.04,20.0,135.0
2025-07-24T15:29:08.409202,SOL-USDT,189.03,189.04,20.0,135.0
2025-07-24T15:29:08.409238,ETH-USDT,3739.66,3739.67,1070.0,236.0
2025-07-24T15:29:08.531742,BTC-USDT,118980.2,118980.3,247.0,2435.0
2025-07-24T15:29:08.531783,XRP-USDT,3.2332,3.2334,2.0,153.0
2025-07-24T15:29:08.531814,LTC-USDT,114.37,114.38,224.0,361.0
2025-07-24T15:29:08.640222,XRP-USDT,3.2324,3.2334,175.0,153.0
2025-07-24T15:29:08.640264,BTC-USDT,118980.2,118980.3,247.0,2435.0
2025-07-24T15:29:08.640294,SOL-USDT,189.03,189.05,20.0,64.0
2025-07-24T15:29:08.640315,ETH-USDT,3739.66,3739.67,1070.0,236.0
2025-07-24T15:29:08.715426,XRP-USDT,3.2322,3.2334,158.0,153.0
2025-07-24T15:29:08.715627,ETH-USDT,3739.67,3739.68,1223.0,6509.0
2025-07-24T15:29:08.822200,SOL-USDT,189.02,189.04,20.0,61.0
2025-07-24T15:29:08.822581,BTC-USDT,118980.2,118980.3,247.0,1949.0
2025-07-24T15:29:08.822779,XRP-USDT,3.2319,3.2332,176.0,88.0
2025-07-24T15:29:08.822932,LTC-USDT,114.37,114.38,224.0,341.0
2025-07-24T15:29:08.936301,ETH-USDT,3739.45,3739.47,12137.0,3742.0
2025-07-24T15:29:08.936343,BTC-USDT,118980.2,118980.3,247.0,1949.0
2025-07-24T15:29:09.007781,ETH-USDT,3739.02,3739.03,1689.0,1844.0
2025-07-24T15:29:09.007826,XRP-USDT,3.2319,3.2331,176.0,97.0
2025-07-24T15:29:09.115245,BTC-USDT,118980.2,118980.3,247.0,1940.0
2025-07-24T15:29:09.220075,XRP-USDT,3.2319,3.2331,176.0,97.0
2025-07-24T15:29:09.220122,SOL-USDT,189.01,189.03,27.0,91.0
2025-07-24T15:29:09.326894,SOL-USDT,189.0,189.02,139.0,127.0
2025-07-24T15:29:09.418070,ETH-USDT,3739.03,3739.04,1435.0,13517.0
2025-07-24T15:29:09.504263,LTC-USDT,114.37,114.38,224.0,323.0
2025-07-24T15:29:09.504305,XRP-USDT,3.2319,3.2329,176.0,71.0
2025-07-24T15:29:09.504337,BTC-USDT,118980.2,118980.3,247.0,1895.0
2025-07-24T15:29:09.618909,LTC-USDT,114.24,114.38,175.0,323.0
2025-07-24T15:29:09.618949,SOL-USDT,188.99,189.02,21.0,127.0
2025-07-24T15:29:09.618980,ETH-USDT,3739.02,3739.03,1689.0,2264.0
2025-07-24T15:29:09.705455,XRP-USDT,3.2319,3.2328,176.0,2.0
2025-07-24T15:29:09.705499,LTC-USDT,114.36,114.37,90.0,327.0
2025-07-24T15:29:09.705531,SOL-USDT,189.0,189.01,10.0,142.0
2025-07-24T15:29:09.825659,XRP-USDT,3.2319,3.2328,176.0,94.0
2025-07-24T15:29:09.825723,ETH-USDT,3739.02,3739.03,1689.0,2152.0
2025-07-24T15:29:09.924897,BTC-USDT,118980.2,118980.3,247.0,1895.0
2025-07-24T15:29:09.924939,LTC-USDT,114.23,114.37,191.0,327.0
2025-07-24T15:29:10.073386,LTC-USDT,114.35,114.36,128.0,141.0
2025-07-24T15:29:10.073429,ETH-USDT,3739.02,3739.03,1689.0,2152.0
2025-07-24T15:29:10.116483,LTC-USDT,114.35,114.36,128.0,141.0
2025-07-24T15:29:10.116523,ETH-USDT,3739.02,3739.03,1689.0,127.0
2025-07-24T15:29:10.306939,BTC-USDT,118980.2,118980.3,247.0,1582.0
2025-07-24T15:29:10.306982,ETH-USDT,3739.02,3739.03,1689.0,3742.0
2025-07-24T15:29:10.407928,BTC-USDT,118980.2,118980.3,247.0,3269.0
2025-07-24T15:29:10.407973,ETH-USDT,3739.02,3739.03,1689.0,2895.0
2025-07-24T15:29:10.504826,XRP-USDT,3.2319,3.2328,176.0,94.0
2025-07-24T15:29:10.636184,XRP-USDT,3.2319,3.2328,176.0,94.0
2025-07-24T15:29:10.636234,ETH-USDT,3739.02,3739.03,1689.0,2895.0
2025-07-24T15:29:10.636265,LTC-USDT,114.35,114.36,45.0,141.0
2025-07-24T15:29:10.636291,SOL-USDT,189.0,189.01,10.0,142.0
2025-07-24T15:29:10.704146,BTC-USDT,118980.2,118980.3,247.0,3188.0
2025-07-24T15:29:10.704481,SOL-USDT,188.98,189.01,125.0,33.0
2025-07-24T15:29:10.704532,ETH-USDT,3739.02,3739.03,1689.0,3742.0
2025-07-24T15:29:10.805101,LTC-USDT,114.22,114.36,148.0,141.0
2025-07-24T15:29:10.805144,XRP-USDT,3.2317,3.2327,119.0,90.0
2025-07-24T15:29:10.805175,SOL-USDT,188.96,188.98,18.0,122.0
2025-07-24T15:29:10.805206,ETH-USDT,3739.01,3739.03,8656.0,3742.0
2025-07-24T15:29:10.904038,LTC-USDT,114.34,114.35,69.0,262.0
2025-07-24T15:29:10.904522,ETH-USDT,3738.59,3738.66,12159.0,12852.0
2025-07-24T15:29:10.904571,XRP-USDT,3.2316,3.2327,164.0,90.0
2025-07-24T15:29:10.904945,BTC-USDT,118980.2,118980.3,247.0,3188.0
2025-07-24T15:29:10.904979,SOL-USDT,188.96,188.97,18.0,110.0
2025-07-24T15:29:11.017501,LTC-USDT,114.21,114.35,230.0,611.0
2025-07-24T15:29:11.017543,BTC-USDT,118980.2,118980.3,247.0,1672.0
2025-07-24T15:29:11.017574,XRP-USDT,3.2316,3.2325,164.0,64.0
2025-07-24T15:29:11.017597,ETH-USDT,3738.59,3738.6,998.0,3742.0
2025-07-24T15:29:11.122482,SOL-USDT,188.95,188.97,86.0,110.0
2025-07-24T15:29:11.204097,BTC-USDT,118980.2,118980.3,247.0,1640.0
2025-07-24T15:29:11.204142,SOL-USDT,188.95,188.96,86.0,45.0
2025-07-24T15:29:11.403167,LTC-USDT,114.34,114.35,51.0,611.0
2025-07-24T15:29:11.403219,SOL-USDT,188.95,188.96,86.0,45.0
2025-07-24T15:29:11.504558,LTC-USDT,114.34,114.35,51.0,564.0
2025-07-24T15:29:11.504624,ETH-USDT,3738.59,3738.6,998.0,2942.0
2025-07-24T15:29:11.604888,BTC-USDT,118980.2,118980.3,247.0,1430.0
2025-07-24T15:29:11.605085,LTC-USDT,114.34,114.35,51.0,564.0
2025-07-24T15:29:11.605116,SOL-USDT,188.95,188.96,29.0,45.0
2025-07-24T15:29:11.605140,ETH-USDT,3738.59,3738.6,998.0,2942.0
2025-07-24T15:29:11.703309,XRP-USDT,3.2316,3.2325,164.0,64.0
2025-07-24T15:29:11.908326,BTC-USDT,118980.2,118980.3,247.0,1395.0
2025-07-24T15:29:11.908368,ETH-USDT,3738.59,3738.6,998.0,413.0
2025-07-24T15:29:12.009890,ETH-USDT,3738.59,3738.6,998.0,413.0
2025-07-24T15:29:12.009934,SOL-USDT,188.95,188.96,29.0,12.0
2025-07-24T15:29:12.103759,LTC-USDT,114.34,114.35,51.0,459.0
2025-07-24T15:29:12.209456,ETH-USDT,3738.6,3738.61,1228.0,12649.0
2025-07-24T15:29:12.209510,XRP-USDT,3.2316,3.2325,164.0,57.0
2025-07-24T15:29:12.368930,ETH-USDT,3738.59,3738.6,998.0,3012.0
2025-07-24T15:29:12.409004,BTC-USDT,118980.2,118980.3,247.0,1339.0
2025-07-24T15:29:12.409046,SOL-USDT,188.95,188.96,29.0,12.0
2025-07-24T15:29:12.514821,XRP-USDT,3.2316,3.2325,164.0,175.0
2025-07-24T15:29:12.514874,ETH-USDT,3738.59,3738.6,998.0,1874.0
2025-07-24T15:29:12.623475,LTC-USDT,114.34,114.35,51.0,459.0
2025-07-24T15:29:12.623527,BTC-USDT,118980.2,118980.3,247.0,1339.0
2025-07-24T15:29:12.822136,BTC-USDT,118980.2,118980.3,247.0,1276.0
2025-07-24T15:29:12.904841,XRP-USDT,3.2323,3.2325,7.0,175.0
2025-07-24T15:29:12.904886,ETH-USDT,3738.59,3738.6,998.0,1322.0
2025-07-24T15:29:13.022821,ETH-USDT,3738.59,3738.61,998.0,12649.0
2025-07-24T15:29:13.022867,XRP-USDT,3.2314,3.2325,161.0,175.0
2025-07-24T15:29:13.103644,SOL-USDT,188.96,188.97,518.0,110.0
2025-07-24T15:29:13.104644,XRP-USDT,3.2316,3.2325,79.0,175.0
2025-07-24T15:29:13.205434,BTC-USDT,118980.2,118980.3,247.0,1275.0
2025-07-24T15:29:13.316103,SOL-USDT,188.95,188.96,29.0,32.0
2025-07-24T15:29:13.316148,ETH-USDT,3738.59,3738.6,998.0,2210.0
2025-07-24T15:29:13.316179,LTC-USDT,114.34,114.35,51.0,396.0
2025-07-24T15:29:13.404392,XRP-USDT,3.2313,3.2325,148.0,175.0
2025-07-24T15:29:13.404442,LTC-USDT,114.34,114.35,51.0,328.0
2025-07-24T15:29:13.504874,BTC-USDT,118980.2,118980.3,247.0,823.0
2025-07-24T15:29:13.504917,XRP-USDT,3.2314,3.2325,131.0,175.0
2025-07-24T15:29:13.603985,BTC-USDT,118980.2,118980.4,247.0,12299.0
2025-07-24T15:29:13.604038,ETH-USDT,3738.59,3738.6,998.0,2210.0
2025-07-24T15:29:13.604337,XRP-USDT,3.2316,3.2325,74.0,175.0
2025-07-24T15:29:13.604387,SOL-USDT,188.96,188.97,380.0,110.0
2025-07-24T15:29:13.835034,XRP-USDT,3.2314,3.2325,131.0,175.0
2025-07-24T15:29:13.904243,SOL-USDT,188.95,188.96,29.0,18.0
2025-07-24T15:29:13.904272,BTC-USDT,118980.2,118980.3,247.0,2885.0
2025-07-24T15:29:13.904290,XRP-USDT,3.2313,3.2325,148.0,175.0
2025-07-24T15:29:13.904303,ETH-USDT,3738.59,3738.6,998.0,630.0
2025-07-24T15:29:14.003793,BTC-USDT,118980.2,118980.3,247.0,2610.0
2025-07-24T15:29:14.003892,LTC-USDT,114.34,114.35,51.0,244.0
2025-07-24T15:29:14.004204,XRP-USDT,3.2312,3.2325,106.0,175.0
2025-07-24T15:29:14.004384,ETH-USDT,3738.59,3738.6,998.0,630.0
2025-07-24T15:29:14.114151,XRP-USDT,3.231,3.2321,122.0,96.0
2025-07-24T15:29:14.238031,XRP-USDT,3.2312,3.2321,189.0,96.0
2025-07-24T15:29:14.307033,BTC-USDT,118980.2,118980.3,247.0,2562.0
2025-07-24T15:29:14.307086,ETH-USDT,3738.6,3738.61,2407.0,12649.0
2025-07-24T15:29:14.613725,LTC-USDT,114.34,114.35,51.0,244.0
2025-07-24T15:29:14.613743,ETH-USDT,3738.59,3738.6,998.0,3250.0
2025-07-24T15:29:14.613774,BTC-USDT,118980.2,118980.3,247.0,2562.0
2025-07-24T15:29:14.724487,ETH-USDT,3738.52,3738.57,11.0,2845.0
2025-07-24T15:29:14.724513,SOL-USDT,188.94,188.96,85.0,18.0
2025-07-24T15:29:14.813299,XRP-USDT,3.2311,3.2321,91.0,96.0
2025-07-24T15:29:14.813335,BTC-USDT,118980.2,118980.3,247.0,2559.0
2025-07-24T15:29:14.813372,SOL-USDT,188.91,188.95,116.0,6.0
2025-07-24T15:29:14.813407,LTC-USDT,114.21,114.35,230.0,244.0
2025-07-24T15:29:14.925751,XRP-USDT,3.2307,3.232,108.0,52.0
2025-07-24T15:29:14.925791,SOL-USDT,188.88,188.89,112.0,39.0
2025-07-24T15:29:14.925828,LTC-USDT,114.33,114.34,111.0,256.0
2025-07-24T15:29:14.925868,BTC-USDT,118980.2,118980.3,247.0,2871.0
2025-07-24T15:29:15.005828,ETH-USDT,3738.36,3738.37,117.0,3742.0
2025-07-24T15:29:15.005869,SOL-USDT,188.87,188.88,156.0,81.0
2025-07-24T15:29:15.125818,XRP-USDT,3.2307,3.2316,108.0,115.0
2025-07-24T15:29:15.125868,SOL-USDT,188.87,188.88,15.0,81.0
2025-07-24T15:29:15.229162,LTC-USDT,114.33,114.34,111.0,256.0
2025-07-24T15:29:15.325458,BTC-USDT,118980.2,118980.3,247.0,2756.0
2025-07-24T15:29:15.407922,LTC-USDT,114.33,114.34,100.0,256.0
2025-07-24T15:29:15.547805,ETH-USDT,3738.26,3738.27,1494.0,1894.0
2025-07-24T15:29:15.547888,XRP-USDT,3.2307,3.2316,108.0,76.0
2025-07-24T15:29:15.547933,SOL-USDT,188.88,188.89,113.0,39.0
2025-07-24T15:29:15.605737,BTC-USDT,118980.2,118980.3,247.0,2756.0
2025-07-24T15:29:15.706828,SOL-USDT,188.87,188.88,15.0,85.0
2025-07-24T15:29:15.815148,ETH-USDT,3738.26,3738.27,1494.0,956.0
2025-07-24T15:29:15.815236,XRP-USDT,3.2307,3.2316,108.0,76.0
2025-07-24T15:29:15.815270,LTC-USDT,114.33,114.34,100.0,164.0
2025-07-24T15:29:15.903421,ETH-USDT,3738.26,3738.31,1494.0,8253.0
2025-07-24T15:29:15.903466,BTC-USDT,118980.2,118980.3,247.0,3082.0
2025-07-24T15:29:16.010210,ETH-USDT,3738.27,3738.31,315.0,8253.0
2025-07-24T15:29:16.103484,BTC-USDT,118980.2,118980.3,247.0,2955.0
2025-07-24T15:29:16.104147,ETH-USDT,3738.42,3738.44,4274.0,10317.0
2025-07-24T15:29:16.104493,SOL-USDT,188.87,188.89,15.0,39.0
2025-07-24T15:29:16.203738,LTC-USDT,114.33,114.46,100.0,430.0
2025-07-24T15:29:16.204235,ETH-USDT,3738.7,3738.76,8111.0,11034.0
2025-07-24T15:29:16.204334,SOL-USDT,188.88,188.89,153.0,39.0
2025-07-24T15:29:16.204416,XRP-USDT,3.231,3.232,149.0,180.0
2025-07-24T15:29:16.311325,LTC-USDT,114.35,114.36,203.0,83.0
2025-07-24T15:29:16.311366,SOL-USDT,188.87,188.9,15.0,11.0
2025-07-24T15:29:16.311398,XRP-USDT,3.2309,3.232,76.0,180.0
2025-07-24T15:29:16.311427,BTC-USDT,118980.2,118980.3,247.0,2953.0
2025-07-24T15:29:16.408789,ETH-USDT,3738.76,3738.77,3139.0,1723.0
2025-07-24T15:29:16.408827,SOL-USDT,188.89,188.91,15.0,36.0
2025-07-24T15:29:16.525508,LTC-USDT,114.35,114.48,203.0,246.0
2025-07-24T15:29:16.525550,XRP-USDT,3.2309,3.2318,76.0,181.0
2025-07-24T15:29:16.603515,SOL-USDT,188.94,188.95,133.0,6.0
2025-07-24T15:29:16.603561,LTC-USDT,114.22,114.5,386.0,198.0
2025-07-24T15:29:16.603588,ETH-USDT,3738.76,3738.77,3139.0,574.0
2025-07-24T15:29:16.604054,BTC-USDT,118980.2,118980.3,247.0,2953.0
2025-07-24T15:29:16.703833,SOL-USDT,188.95,188.96,105.0,13.0
2025-07-24T15:29:16.703900,LTC-USDT,114.37,114.5,315.0,198.0
2025-07-24T15:29:16.704177,ETH-USDT,3738.76,3738.79,3139.0,9474.0
2025-07-24T15:29:16.704415,BTC-USDT,118980.2,118980.3,247.0,1383.0
2025-07-24T15:29:16.803448,LTC-USDT,114.37,114.38,315.0,149.0
2025-07-24T15:29:16.906484,SOL-USDT,188.93,188.96,112.0,13.0
2025-07-24T15:29:16.906535,ETH-USDT,3738.75,3738.77,13288.0,1675.0
2025-07-24T15:29:17.010979,XRP-USDT,3.2309,3.231,76.0,4.0
2025-07-24T15:29:17.011030,SOL-USDT,188.92,188.93,87.0,77.0
2025-07-24T15:29:17.011074,ETH-USDT,3738.75,3738.78,13288.0,13455.0
2025-07-24T15:29:17.103121,BTC-USDT,118980.2,118980.3,247.0,1355.0
2025-07-24T15:29:17.103750,ETH-USDT,3738.75,3738.77,13288.0,3472.0
2025-07-24T15:29:17.103799,XRP-USDT,3.2309,3.2318,76.0,181.0
2025-07-24T15:29:17.223029,LTC-USDT,114.37,114.38,315.0,130.0
2025-07-24T15:29:17.303008,XRP-USDT,3.2308,3.2318,102.0,181.0
2025-07-24T15:29:17.405493,ETH-USDT,3738.55,3738.57,1605.0,7534.0
2025-07-24T15:29:17.526770,XRP-USDT,3.2309,3.2318,96.0,181.0
2025-07-24T15:29:17.526815,BTC-USDT,118980.2,118980.3,247.0,1097.0
2025-07-24T15:29:17.606509,ETH-USDT,3738.55,3738.56,1605.0,3742.0
2025-07-24T15:29:17.606781,XRP-USDT,3.2309,3.2318,96.0,181.0
2025-07-24T15:29:17.606837,LTC-USDT,114.37,114.38,315.0,130.0
2025-07-24T15:29:17.710524,BTC-USDT,118980.2,118980.3,247.0,1093.0
2025-07-24T15:29:17.710567,ETH-USDT,3738.55,3738.56,1605.0,1500.0
2025-07-24T15:29:17.815474,LTC-USDT,114.24,114.38,342.0,130.0
2025-07-24T15:29:17.815523,SOL-USDT,188.91,188.93,122.0,77.0
2025-07-24T15:29:17.903067,XRP-USDT,3.2307,3.2318,108.0,181.0
2025-07-24T15:29:17.903193,LTC-USDT,114.23,114.37,196.0,294.0
2025-07-24T15:29:17.903530,SOL-USDT,188.9,188.91,129.0,131.0
2025-07-24T15:29:17.903805,BTC-USDT,118980.2,118980.3,247.0,1093.0
2025-07-24T15:29:18.002919,LTC-USDT,114.35,114.36,103.0,266.0
2025-07-24T15:29:18.002979,XRP-USDT,3.2302,3.2314,147.0,92.0
2025-07-24T15:29:18.003562,SOL-USDT,188.85,188.86,119.0,108.0
2025-07-24T15:29:18.003618,ETH-USDT,3738.37,3738.38,2088.0,3742.0
2025-07-24T15:29:18.003828,BTC-USDT,118980.2,118980.3,247.0,993.0
2025-07-24T15:29:18.104138,SOL-USDT,188.84,188.85,108.0,86.0
2025-07-24T15:29:18.104182,XRP-USDT,3.2304,3.2313,181.0,83.0
2025-07-24T15:29:18.104299,ETH-USDT,3738.37,3738.39,2088.0,6957.0
2025-07-24T15:29:18.211709,SOL-USDT,188.84,188.85,108.0,138.0
2025-07-24T15:29:18.211749,XRP-USDT,3.2304,3.2313,181.0,83.0
2025-07-24T15:29:18.211781,ETH-USDT,3738.37,3738.38,2088.0,400.0
2025-07-24T15:29:18.303751,LTC-USDT,114.35,114.36,103.0,232.0
2025-07-24T15:29:18.303805,SOL-USDT,188.87,188.88,94.0,185.0
2025-07-24T15:29:18.303840,BTC-USDT,118980.2,118980.3,247.0,835.0
2025-07-24T15:29:18.406340,ETH-USDT,3738.38,3738.39,2436.0,6957.0
2025-07-24T15:29:18.503915,XRP-USDT,3.2308,3.2317,199.0,162.0
2025-07-24T15:29:18.603119,SOL-USDT,188.87,188.88,94.0,13.0
2025-07-24T15:29:18.603638,LTC-USDT,114.35,114.36,103.0,232.0
2025-07-24T15:29:18.603676,ETH-USDT,3738.37,3738.38,2088.0,515.0
2025-07-24T15:29:18.603836,BTC-USDT,118980.2,118980.3,247.0,835.0
2025-07-24T15:29:18.706166,BTC-USDT,118980.2,118980.3,247.0,802.0
2025-07-24T15:29:18.706217,ETH-USDT,3738.38,3738.39,653.0,6957.0
2025-07-24T15:29:18.809168,XRP-USDT,3.2308,3.2317,199.0,162.0
2025-07-24T15:29:18.809277,SOL-USDT,188.88,188.9,106.0,240.0
2025-07-24T15:29:18.809385,LTC-USDT,114.35,114.48,103.0,385.0
2025-07-24T15:29:18.903555,ETH-USDT,3738.37,3738.4,2088.0,9872.0
2025-07-24T15:29:18.905113,XRP-USDT,3.2309,3.2319,124.0,52.0
2025-07-24T15:29:18.905342,BTC-USDT,118980.2,118980.3,247.0,802.0
2025-07-24T15:29:18.905453,LTC-USDT,114.37,114.38,93.0,64.0
2025-07-24T15:29:18.905537,SOL-USDT,188.88,188.9,106.0,34.0
2025-07-24T15:29:19.009534,ETH-USDT,3738.73,3738.75,4274.0,15402.0
2025-07-24T15:29:19.009687,XRP-USDT,3.2312,3.2321,149.0,136.0
2025-07-24T15:29:19.009735,SOL-USDT,188.89,188.9,132.0,34.0
2025-07-24T15:29:19.009780,LTC-USDT,114.24,114.37,431.0,157.0
2025-07-24T15:29:19.103682,ETH-USDT,3738.83,3738.84,764.0,1009.0
2025-07-24T15:29:19.103980,XRP-USDT,3.231,3.2321,146.0,136.0
2025-07-24T15:29:19.104025,SOL-USDT,188.88,188.9,106.0,34.0
2025-07-24T15:29:19.203791,LTC-USDT,114.36,114.37,99.0,157.0
2025-07-24T15:29:19.203830,ETH-USDT,3738.79,3738.84,8289.0,1009.0
2025-07-24T15:29:19.203863,XRP-USDT,3.2306,3.2317,157.0,58.0
2025-07-24T15:29:19.304206,LTC-USDT,114.23,114.37,727.0,157.0
2025-07-24T15:29:19.304363,ETH-USDT,3738.26,3738.51,6242.0,15658.0
2025-07-24T15:29:19.304482,BTC-USDT,118980.2,118980.3,247.0,755.0
2025-07-24T15:29:19.304789,SOL-USDT,188.89,188.9,38.0,34.0
2025-07-24T15:29:19.407252,LTC-USDT,114.35,114.36,112.0,212.0
2025-07-24T15:29:19.407294,XRP-USDT,3.2306,3.2317,157.0,58.0
2025-07-24T15:29:19.407326,ETH-USDT,3738.37,3738.46,8189.0,7813.0
2025-07-24T15:29:19.407362,SOL-USDT,188.88,188.89,106.0,90.0
2025-07-24T15:29:19.503977,XRP-USDT,3.2302,3.2315,124.0,86.0
2025-07-24T15:29:19.504025,LTC-USDT,114.35,114.36,112.0,212.0
2025-07-24T15:29:19.504210,ETH-USDT,3738.37,3738.38,8189.0,755.0
2025-07-24T15:29:19.619197,BTC-USDT,118980.2,118980.3,247.0,755.0
2025-07-24T15:29:19.619240,LTC-USDT,114.35,114.36,112.0,212.0
2025-07-24T15:29:19.619271,XRP-USDT,3.2302,3.2314,124.0,69.0
2025-07-24T15:29:19.706936,ETH-USDT,3738.33,3738.38,14733.0,755.0
2025-07-24T15:29:19.706987,BTC-USDT,118980.2,118980.3,247.0,679.0
2025-07-24T15:29:19.804432,LTC-USDT,114.35,114.36,38.0,212.0
2025-07-24T15:29:19.804668,SOL-USDT,188.87,188.89,94.0,51.0
2025-07-24T15:29:19.905837,BTC-USDT,118980.2,118980.3,247.0,679.0
2025-07-24T15:29:19.905879,SOL-USDT,188.88,188.89,89.0,51.0
2025-07-24T15:29:19.905911,XRP-USDT,3.2303,3.2314,139.0,69.0
2025-07-24T15:29:20.026332,ETH-USDT,3738.37,3738.39,2141.0,14595.0
2025-07-24T15:29:20.026376,XRP-USDT,3.2304,3.2314,184.0,69.0
2025-07-24T15:29:20.109087,BTC-USDT,118980.2,118980.3,247.0,675.0
2025-07-24T15:29:20.109132,ETH-USDT,3738.57,3738.58,2946.0,2373.0
2025-07-24T15:29:20.206994,LTC-USDT,114.35,114.36,38.0,187.0
2025-07-24T15:29:20.303359,XRP-USDT,3.2305,3.2315,160.0,86.0
2025-07-24T15:29:20.303410,ETH-USDT,3738.56,3738.58,2153.0,2373.0
2025-07-24T15:29:20.407968,SOL-USDT,188.88,188.9,89.0,67.0
2025-07-24T15:29:20.408016,ETH-USDT,3738.57,3738.58,170.0,2373.0
2025-07-24T15:29:20.408055,XRP-USDT,3.2305,3.2317,160.0,181.0
2025-07-24T15:29:20.408088,BTC-USDT,118980.2,118980.3,247.0,575.0
2025-07-24T15:29:20.505291,LTC-USDT,114.22,114.48,386.0,179.0
2025-07-24T15:29:20.612375,ETH-USDT,3738.57,3738.58,170.0,662.0
2025-07-24T15:29:20.612427,BTC-USDT,118980.2,118980.3,247.0,2780.0
2025-07-24T15:29:20.704328,XRP-USDT,3.2311,3.232,80.0,109.0
2025-07-24T15:29:20.704373,SOL-USDT,188.89,188.9,51.0,67.0
2025-07-24T15:29:20.803287,LTC-USDT,114.36,114.49,109.0,202.0
2025-07-24T15:29:20.903281,SOL-USDT,188.89,188.91,51.0,11.0
2025-07-24T15:29:21.111414,SOL-USDT,188.93,188.94,120.0,156.0
2025-07-24T15:29:21.453496,XRP-USDT,3.2311,3.2321,80.0,136.0
2025-07-24T15:29:21.453539,BTC-USDT,118980.2,118980.3,247.0,2708.0
2025-07-24T15:29:21.453567,LTC-USDT,114.36,114.38,109.0,65.0
2025-07-24T15:29:21.453589,ETH-USDT,3738.57,3738.58,170.0,271.0
2025-07-24T15:29:21.503410,XRP-USDT,3.2312,3.2321,149.0,136.0
2025-07-24T15:29:21.511888,BTC-USDT,118980.2,118980.3,247.0,2664.0
2025-07-24T15:29:21.629789,ETH-USDT,3738.57,3738.59,170.0,14266.0
2025-07-24T15:29:21.629833,LTC-USDT,114.37,114.38,88.0,65.0
2025-07-24T15:29:21.629863,SOL-USDT,188.9,188.94,245.0,156.0
2025-07-24T15:29:21.707338,BTC-USDT,118980.2,118980.3,247.0,2608.0
2025-07-24T15:29:21.707589,SOL-USDT,188.92,188.93,240.0,100.0
2025-07-24T15:29:21.707654,ETH-USDT,3738.57,3738.58,170.0,1255.0
2025-07-24T15:29:21.707693,XRP-USDT,3.2311,3.2321,80.0,136.0
2025-07-24T15:29:21.906888,SOL-USDT,188.92,188.93,14.0,100.0
2025-07-24T15:29:21.906928,XRP-USDT,3.231,3.2321,131.0,136.0
2025-07-24T15:29:21.906956,BTC-USDT,118980.2,118980.3,247.0,2608.0
2025-07-24T15:29:22.003355,ETH-USDT,3738.57,3738.59,170.0,13137.0
2025-07-24T15:29:22.003409,XRP-USDT,3.2307,3.2319,130.0,87.0
2025-07-24T15:29:22.003718,BTC-USDT,118980.2,118980.3,247.0,2209.0
2025-07-24T15:29:22.107098,XRP-USDT,3.2307,3.2316,130.0,139.0
2025-07-24T15:29:22.203149,SOL-USDT,188.92,188.93,14.0,100.0
2025-07-24T15:29:22.204843,ETH-USDT,3738.57,3738.59,170.0,13137.0
2025-07-24T15:29:22.302918,LTC-USDT,114.37,114.38,81.0,65.0
2025-07-24T15:29:22.303233,ETH-USDT,3738.57,3738.6,170.0,7893.0
2025-07-24T15:29:22.303546,BTC-USDT,118980.2,118980.3,247.0,2208.0
2025-07-24T15:29:22.403014,SOL-USDT,188.91,188.93,22.0,17.0
2025-07-24T15:29:22.403204,ETH-USDT,3738.65,3738.66,1308.0,1515.0
2025-07-24T15:29:22.503247,SOL-USDT,188.91,188.92,22.0,100.0
2025-07-24T15:29:22.503303,XRP-USDT,3.2306,3.2316,179.0,139.0
2025-07-24T15:29:22.605346,LTC-USDT,114.37,114.38,127.0,65.0
2025-07-24T15:29:22.605402,ETH-USDT,3738.65,3738.66,1308.0,1515.0
2025-07-24T15:29:22.605447,BTC-USDT,118980.2,118980.3,247.0,2208.0
2025-07-24T15:29:22.605487,XRP-USDT,3.2304,3.2316,184.0,139.0
2025-07-24T15:29:22.709955,SOL-USDT,188.91,188.92,22.0,100.0
2025-07-24T15:29:22.710018,ETH-USDT,3738.65,3738.66,600.0,1515.0
2025-07-24T15:29:22.710059,XRP-USDT,3.2303,3.2315,145.0,64.0
2025-07-24T15:29:22.805984,XRP-USDT,3.2303,3.2314,145.0,92.0
2025-07-24T15:29:22.806037,LTC-USDT,114.24,114.38,281.0,65.0
2025-07-24T15:29:22.806075,BTC-USDT,118980.2,118980.3,247.0,1682.0
2025-07-24T15:29:22.806110,ETH-USDT,3738.61,3738.66,15347.0,1515.0
2025-07-24T15:29:22.902760,SOL-USDT,188.91,188.92,22.0,82.0
2025-07-24T15:29:22.903134,BTC-USDT,118980.2,118980.3,247.0,1682.0
2025-07-24T15:29:22.903178,LTC-USDT,114.23,114.37,296.0,229.0
2025-07-24T15:29:22.903379,ETH-USDT,3738.38,3738.39,1199.0,947.0
2025-07-24T15:29:23.003178,XRP-USDT,3.2305,3.2314,53.0,92.0
2025-07-24T15:29:23.103266,XRP-USDT,3.2305,3.2314,182.0,92.0
2025-07-24T15:29:23.103313,LTC-USDT,114.23,114.37,296.0,130.0
2025-07-24T15:29:23.203056,XRP-USDT,3.2304,3.2314,161.0,92.0
2025-07-24T15:29:23.203097,BTC-USDT,118980.2,118980.3,247.0,1673.0
2025-07-24T15:29:23.203131,LTC-USDT,114.36,114.37,68.0,130.0
2025-07-24T15:29:23.203166,ETH-USDT,3738.39,3738.4,2406.0,15477.0
2025-07-24T15:29:23.305555,ETH-USDT,3738.38,3738.39,1199.0,1647.0
2025-07-24T15:29:23.403823,XRP-USDT,3.2304,3.2316,161.0,139.0
2025-07-24T15:29:23.403970,LTC-USDT,114.23,114.37,296.0,130.0
2025-07-24T15:29:23.404377,SOL-USDT,188.91,188.92,22.0,10.0
2025-07-24T15:29:23.503870,XRP-USDT,3.2307,3.2316,61.0,139.0
2025-07-24T15:29:23.503912,LTC-USDT,114.35,114.36,160.0,135.0
2025-07-24T15:29:23.503945,SOL-USDT,188.91,188.92,22.0,39.0
2025-07-24T15:29:23.605507,XRP-USDT,3.2306,3.2316,161.0,139.0
2025-07-24T15:29:23.605551,BTC-USDT,118980.1,118980.3,8211.0,2952.0
2025-07-24T15:29:23.605583,ETH-USDT,3738.39,3738.4,8353.0,15477.0
2025-07-24T15:29:23.605631,LTC-USDT,114.22,114.36,386.0,135.0
2025-07-24T15:29:23.605668,SOL-USDT,188.88,188.92,89.0,39.0
2025-07-24T15:29:23.703201,XRP-USDT,3.23,3.2313,116.0,87.0
2025-07-24T15:29:23.704156,BTC-USDT,118980.0,118980.2,10193.0,741.0
2025-07-24T15:29:23.704199,LTC-USDT,114.34,114.35,70.0,233.0
2025-07-24T15:29:23.706498,ETH-USDT,3736.43,3737.69,242.0,6229.0
2025-07-24T15:29:23.706544,SOL-USDT,188.88,188.91,89.0,180.0
2025-07-24T15:29:23.808882,XRP-USDT,3.23,3.2313,116.0,87.0
2025-07-24T15:29:23.808933,LTC-USDT,114.34,114.35,70.0,222.0
2025-07-24T15:29:23.808999,ETH-USDT,3736.6,3736.7,481.0,15107.0
2025-07-24T15:29:23.903591,BTC-USDT,118971.3,118971.4,123.0,2269.0
2025-07-24T15:29:23.903654,ETH-USDT,3736.86,3736.97,277.0,8318.0
2025-07-24T15:29:23.903686,SOL-USDT,188.88,188.9,89.0,71.0
2025-07-24T15:29:24.004039,XRP-USDT,3.2298,3.231,107.0,86.0
2025-07-24T15:29:24.004091,ETH-USDT,3737.0,3737.05,429.0,15787.0
2025-07-24T15:29:24.105322,XRP-USDT,3.23,3.2309,107.0,92.0
2025-07-24T15:29:24.105363,SOL-USDT,188.89,188.92,136.0,39.0
2025-07-24T15:29:24.207294,XRP-USDT,3.23,3.2313,107.0,87.0
2025-07-24T15:29:24.207423,SOL-USDT,188.9,188.93,188.0,17.0
2025-07-24T15:29:24.207472,ETH-USDT,3737.37,3737.46,3336.0,12102.0
2025-07-24T15:29:24.303756,BTC-USDT,118971.3,118971.4,123.0,2222.0
2025-07-24T15:29:24.303801,XRP-USDT,3.2304,3.2313,172.0,87.0
2025-07-24T15:29:24.303827,LTC-USDT,114.34,114.35,70.0,53.0
2025-07-24T15:29:24.406528,XRP-USDT,3.2304,3.2318,172.0,165.0
2025-07-24T15:29:24.406574,ETH-USDT,3737.83,3738.1,4274.0,13054.0
2025-07-24T15:29:24.406624,SOL-USDT,188.99,189.0,219.0,305.0
2025-07-24T15:29:24.505434,XRP-USDT,3.2308,3.2318,170.0,165.0
2025-07-24T15:29:24.505856,LTC-USDT,114.36,114.37,186.0,92.0
2025-07-24T15:29:24.505892,SOL-USDT,189.0,189.02,695.0,19.0
2025-07-24T15:29:24.606368,BTC-USDT,118971.3,118971.4,123.0,2222.0
2025-07-24T15:29:24.606423,ETH-USDT,3738.05,3738.06,4274.0,85.0
2025-07-24T15:29:24.606452,SOL-USDT,188.99,189.0,219.0,45.0
2025-07-24T15:29:24.704211,ETH-USDT,3738.05,3738.06,1284.0,85.0
2025-07-24T15:29:24.704384,XRP-USDT,3.2309,3.2318,117.0,165.0
2025-07-24T15:29:24.704417,BTC-USDT,118971.3,118971.4,123.0,2213.0
2025-07-24T15:29:24.903709,LTC-USDT,114.44,114.49,29.0,198.0
2025-07-24T15:29:25.006123,ETH-USDT,3738.05,3738.06,1284.0,85.0
2025-07-24T15:29:25.006175,LTC-USDT,114.36,114.37,186.0,92.0
2025-07-24T15:29:25.103789,BTC-USDT,118971.3,118971.4,123.0,2005.0
2025-07-24T15:29:25.103839,ETH-USDT,3738.06,3738.07,51.0,11100.0
2025-07-24T15:29:25.207927,XRP-USDT,3.2309,3.2318,108.0,165.0
2025-07-24T15:29:25.326720,ETH-USDT,3738.05,3738.06,1284.0,1853.0
2025-07-24T15:29:25.403178,BTC-USDT,118971.3,118971.4,123.0,1998.0
2025-07-24T15:29:25.403218,ETH-USDT,3738.05,3738.06,1284.0,1333.0
2025-07-24T15:29:25.503131,XRP-USDT,3.2309,3.2318,108.0,165.0
2025-07-24T15:29:25.608561,BTC-USDT,118971.3,118971.4,123.0,1998.0
2025-07-24T15:29:25.608627,ETH-USDT,3738.05,3738.06,1284.0,1333.0
2025-07-24T15:29:25.707304,SOL-USDT,188.99,189.0,219.0,45.0
2025-07-24T15:29:25.707337,XRP-USDT,3.2311,3.2321,143.0,191.0
2025-07-24T15:29:25.707371,ETH-USDT,3738.05,3738.06,1284.0,1183.0
2025-07-24T15:29:25.803821,SOL-USDT,189.02,189.03,64.0,14.0
2025-07-24T15:29:25.803860,XRP-USDT,3.2309,3.232,108.0,68.0
2025-07-24T15:29:25.902742,BTC-USDT,118971.3,118971.4,123.0,1923.0
2025-07-24T15:29:26.004051,LTC-USDT,114.36,114.37,186.0,80.0
2025-07-24T15:29:26.004096,XRP-USDT,3.2309,3.232,108.0,68.0
2025-07-24T15:29:26.004124,BTC-USDT,118971.3,118971.4,123.0,1921.0
2025-07-24T15:29:26.004146,ETH-USDT,3738.05,3738.06,1284.0,1183.0
2025-07-24T15:29:26.113368,ETH-USDT,3738.05,3738.06,1284.0,520.0
2025-07-24T15:29:26.211109,XRP-USDT,3.2309,3.2318,108.0,61.0
2025-07-24T15:29:26.211161,SOL-USDT,189.02,189.03,64.0,14.0
2025-07-24T15:29:26.305132,LTC-USDT,114.36,114.37,186.0,74.0
2025-07-24T15:29:26.403190,BTC-USDT,118971.3,118971.4,123.0,1886.0
2025-07-24T15:29:26.404324,SOL-USDT,189.02,189.03,49.0,14.0
2025-07-24T15:29:26.504244,LTC-USDT,114.36,114.37,186.0,51.0
2025-07-24T15:29:26.504286,ETH-USDT,3738.06,3738.07,188.0,11100.0
2025-07-24T15:29:26.603495,BTC-USDT,118971.3,118971.4,123.0,1886.0
2025-07-24T15:29:26.803559,XRP-USDT,3.2309,3.2318,108.0,61.0
2025-07-24T15:29:26.803619,ETH-USDT,3738.05,3738.06,1284.0,1440.0
2025-07-24T15:29:26.903576,BTC-USDT,118971.3,118971.4,123.0,1869.0
2025-07-24T15:29:26.903638,LTC-USDT,114.36,114.49,186.0,198.0
2025-07-24T15:29:26.903920,XRP-USDT,3.2308,3.2319,81.0,77.0
2025-07-24T15:29:27.004766,SOL-USDT,189.05,189.06,201.0,23.0
2025-07-24T15:29:27.007445,XRP-USDT,3.231,3.2321,55.0,191.0
2025-07-24T15:29:27.007506,ETH-USDT,3738.05,3738.07,1284.0,11100.0
2025-07-24T15:29:27.103895,SOL-USDT,189.05,189.06,201.0,23.0
2025-07-24T15:29:27.103938,BTC-USDT,118971.3,118971.4,123.0,1846.0
2025-07-24T15:29:27.104198,LTC-USDT,114.39,114.51,94.0,247.0
2025-07-24T15:29:27.204084,SOL-USDT,189.08,189.09,106.0,24.0
2025-07-24T15:29:27.204128,XRP-USDT,3.2312,3.2321,162.0,191.0
2025-07-24T15:29:27.204159,LTC-USDT,114.39,114.4,94.0,147.0
2025-07-24T15:29:27.329598,BTC-USDT,118971.3,118971.4,123.0,1399.0
2025-07-24T15:29:27.329723,ETH-USDT,3738.11,3738.12,2575.0,118.0
2025-07-24T15:29:27.510474,XRP-USDT,3.2312,3.2321,162.0,191.0
2025-07-24T15:29:27.624512,BTC-USDT,118971.3,118971.4,123.0,1399.0
2025-07-24T15:29:27.624548,ETH-USDT,3738.11,3738.12,2575.0,118.0
2025-07-24T15:29:27.715444,BTC-USDT,118971.3,118971.4,123.0,1123.0
2025-07-24T15:29:27.804366,ETH-USDT,3738.12,3738.13,1224.0,6902.0
2025-07-24T15:29:27.903461,BTC-USDT,118971.3,118971.4,123.0,1123.0
2025-07-24T15:29:27.904165,ETH-USDT,3738.11,3738.12,2575.0,2788.0
2025-07-24T15:29:27.904885,XRP-USDT,3.2312,3.2322,162.0,179.0
2025-07-24T15:29:28.003078,SOL-USDT,189.12,189.14,28.0,112.0
2025-07-24T15:29:28.003370,XRP-USDT,3.2316,3.2327,63.0,159.0
2025-07-24T15:29:28.116146,SOL-USDT,189.12,189.13,28.0,28.0
2025-07-24T15:29:28.116189,XRP-USDT,3.2319,3.2328,79.0,162.0
2025-07-24T15:29:28.207207,BTC-USDT,118971.3,118971.4,123.0,612.0
2025-07-24T15:29:28.207265,LTC-USDT,114.38,114.39,66.0,269.0
2025-07-24T15:29:28.207307,ETH-USDT,3738.11,3738.12,2575.0,1637.0
2025-07-24T15:29:28.207369,XRP-USDT,3.2318,3.2328,138.0,162.0
2025-07-24T15:29:28.304972,SOL-USDT,189.12,189.13,28.0,28.0
2025-07-24T15:29:28.305463,XRP-USDT,3.2318,3.2327,138.0,117.0
2025-07-24T15:29:28.402945,LTC-USDT,114.38,114.51,66.0,262.0
2025-07-24T15:29:28.402996,XRP-USDT,3.2318,3.2328,138.0,162.0
2025-07-24T15:29:28.403028,SOL-USDT,189.12,189.13,95.0,28.0
2025-07-24T15:29:28.503544,LTC-USDT,114.39,114.4,81.0,146.0
2025-07-24T15:29:28.503586,XRP-USDT,3.2318,3.2329,138.0,170.0
2025-07-24T15:29:28.603263,ETH-USDT,3738.11,3738.12,2575.0,1637.0
2025-07-24T15:29:28.603549,BTC-USDT,118971.3,118971.4,123.0,612.0
2025-07-24T15:29:28.705285,XRP-USDT,3.2319,3.2328,88.0,111.0
2025-07-24T15:29:28.705338,ETH-USDT,3738.11,3738.12,2575.0,759.0
2025-07-24T15:29:28.803219,BTC-USDT,118971.3,118971.4,123.0,543.0
2025-07-24T15:29:28.804928,LTC-USDT,114.39,114.4,81.0,146.0
2025-07-24T15:29:28.903009,XRP-USDT,3.2319,3.2328,86.0,111.0
2025-07-24T15:29:29.016402,XRP-USDT,3.2319,3.2329,86.0,170.0
2025-07-24T15:29:29.016448,LTC-USDT,114.26,114.4,148.0,146.0
2025-07-24T15:29:29.103054,XRP-USDT,3.2321,3.233,63.0,111.0
2025-07-24T15:29:29.103094,ETH-USDT,3738.12,3738.13,649.0,6902.0
2025-07-24T15:29:29.103128,LTC-USDT,114.38,114.39,68.0,152.0
2025-07-24T15:29:29.203377,XRP-USDT,3.232,3.233,56.0,111.0
2025-07-24T15:29:29.203659,BTC-USDT,118971.3,118971.4,123.0,526.0
2025-07-24T15:29:29.304593,XRP-USDT,3.2319,3.2329,86.0,115.0
2025-07-24T15:29:29.404370,XRP-USDT,3.2318,3.2328,138.0,181.0
2025-07-24T15:29:29.505533,ETH-USDT,3738.09,3738.12,11550.0,3309.0
2025-07-24T15:29:29.505574,BTC-USDT,118971.3,118971.4,123.0,500.0
2025-07-24T15:29:29.505619,XRP-USDT,3.2315,3.2327,71.0,179.0
2025-07-24T15:29:29.622480,SOL-USDT,189.13,189.14,972.0,13.0
2025-07-24T15:29:29.622522,LTC-USDT,114.25,114.39,78.0,152.0
2025-07-24T15:29:29.622552,ETH-USDT,3738.05,3738.06,59.0,3742.0
2025-07-24T15:29:29.704215,XRP-USDT,3.2313,3.2323,191.0,60.0
2025-07-24T15:29:29.704265,SOL-USDT,189.11,189.12,11.0,113.0
2025-07-24T15:29:29.704487,LTC-USDT,114.37,114.38,138.0,202.0
2025-07-24T15:29:29.803696,ETH-USDT,3738.04,3738.06,7418.0,3742.0
2025-07-24T15:29:29.904805,BTC-USDT,118971.3,118971.4,123.0,500.0
2025-07-24T15:29:29.904862,ETH-USDT,3737.83,3737.91,14878.0,14383.0
2025-07-24T15:29:30.004012,XRP-USDT,3.2313,3.2324,191.0,103.0
2025-07-24T15:29:30.111085,XRP-USDT,3.2313,3.2323,191.0,197.0
2025-07-24T15:29:30.111122,LTC-USDT,114.37,114.38,138.0,202.0
2025-07-24T15:29:30.303368,BTC-USDT,118971.3,118971.4,123.0,494.0
2025-07-24T15:29:30.303431,ETH-USDT,3737.86,3737.88,667.0,9582.0
2025-07-24T15:29:30.303728,XRP-USDT,3.2314,3.2323,145.0,197.0
2025-07-24T15:29:30.419470,LTC-USDT,114.37,114.38,138.0,165.0
2025-07-24T15:29:30.557964,ETH-USDT,3737.86,3737.87,667.0,3742.0
2025-07-24T15:29:30.613671,SOL-USDT,189.12,189.13,887.0,92.0
2025-07-24T15:29:30.613717,BTC-USDT,118971.3,118971.4,123.0,2477.0
2025-07-24T15:29:30.613746,ETH-USDT,3737.86,3737.87,667.0,3170.0
2025-07-24T15:29:30.724662,SOL-USDT,189.11,189.12,11.0,17.0
2025-07-24T15:29:30.803904,ETH-USDT,3737.86,3737.87,667.0,2878.0
2025-07-24T15:29:30.915373,BTC-USDT,118971.3,118971.4,123.0,2508.0
2025-07-24T15:29:30.915416,SOL-USDT,189.11,189.13,11.0,92.0
2025-07-24T15:29:31.005853,SOL-USDT,189.14,189.15,70.0,238.0
2025-07-24T15:29:31.005896,ETH-USDT,3737.86,3737.87,667.0,2878.0
2025-07-24T15:29:31.103628,XRP-USDT,3.2313,3.2323,191.0,197.0
2025-07-24T15:29:31.221821,ETH-USDT,3737.86,3737.87,667.0,2467.0
2025-07-24T15:29:31.221865,SOL-USDT,189.13,189.15,76.0,238.0
2025-07-24T15:29:31.221898,XRP-USDT,3.2309,3.2321,189.0,96.0
2025-07-24T15:29:31.317072,ETH-USDT,3737.86,3737.87,667.0,2962.0
2025-07-24T15:29:31.317123,SOL-USDT,189.11,189.12,11.0,70.0
2025-07-24T15:29:31.317164,XRP-USDT,3.231,3.2321,88.0,96.0
2025-07-24T15:29:31.317202,BTC-USDT,118971.3,118971.4,123.0,2433.0
2025-07-24T15:29:31.403431,BTC-USDT,118971.3,118971.4,123.0,2445.0
2025-07-24T15:29:31.524153,ETH-USDT,3737.86,3737.87,667.0,2889.0
2025-07-24T15:29:31.524196,XRP-USDT,3.2309,3.2321,189.0,96.0
2025-07-24T15:29:31.604098,XRP-USDT,3.2309,3.2318,189.0,138.0
2025-07-24T15:29:31.702853,SOL-USDT,189.11,189.12,11.0,70.0
2025-07-24T15:29:31.702897,ETH-USDT,3737.86,3737.87,667.0,2393.0
2025-07-24T15:29:31.703278,BTC-USDT,118971.3,118971.4,123.0,2221.0
2025-07-24T15:29:31.808333,XRP-USDT,3.2305,3.2318,188.0,138.0
2025-07-24T15:29:31.904142,ETH-USDT,3737.86,3737.87,667.0,1671.0
2025-07-24T15:29:31.904176,XRP-USDT,3.2304,3.2318,199.0,138.0
2025-07-24T15:29:31.904212,BTC-USDT,118971.3,118971.4,123.0,2221.0
2025-07-24T15:29:32.107866,XRP-USDT,3.2305,3.2318,158.0,138.0
2025-07-24T15:29:32.107918,BTC-USDT,118971.3,118971.4,123.0,2192.0
2025-07-24T15:29:32.216716,XRP-USDT,3.2302,3.2315,177.0,91.0
2025-07-24T15:29:32.216758,ETH-USDT,3737.86,3737.87,667.0,1646.0
2025-07-24T15:29:32.335475,XRP-USDT,3.2302,3.2314,177.0,68.0
2025-07-24T15:29:32.404292,XRP-USDT,3.2304,3.2314,173.0,68.0
2025-07-24T15:29:32.404338,BTC-USDT,118971.3,118971.4,123.0,2162.0
2025-07-24T15:29:32.404365,SOL-USDT,189.11,189.12,11.0,52.0
2025-07-24T15:29:32.603184,ETH-USDT,3737.86,3737.87,667.0,2731.0
2025-07-24T15:29:32.603228,BTC-USDT,118971.3,118971.4,123.0,2162.0
2025-07-24T15:29:32.710396,SOL-USDT,189.11,189.13,11.0,49.0
2025-07-24T15:29:32.803082,XRP-USDT,3.2304,3.2314,150.0,68.0
2025-07-24T15:29:32.803314,SOL-USDT,189.13,189.14,109.0,131.0
2025-07-24T15:29:32.907309,XRP-USDT,3.2305,3.2314,174.0,68.0
2025-07-24T15:29:32.907351,BTC-USDT,118971.3,118971.4,123.0,2026.0
2025-07-24T15:29:32.907386,ETH-USDT,3737.86,3737.87,667.0,1662.0
2025-07-24T15:29:33.003370,ETH-USDT,3737.86,3737.87,667.0,2866.0
2025-07-24T15:29:33.105166,SOL-USDT,189.13,189.14,109.0,131.0
2025-07-24T15:29:33.202897,XRP-USDT,3.2305,3.2315,174.0,91.0
2025-07-24T15:29:33.203104,LTC-USDT,114.37,114.5,138.0,184.0
2025-07-24T15:29:33.203234,ETH-USDT,3737.86,3737.88,667.0,9582.0
2025-07-24T15:29:33.307486,SOL-USDT,189.15,189.17,214.0,28.0
2025-07-24T15:29:33.307522,XRP-USDT,3.2308,3.2317,153.0,163.0
2025-07-24T15:29:33.307590,BTC-USDT,118971.3,118971.4,123.0,2016.0
2025-07-24T15:29:33.307887,LTC-USDT,114.38,114.51,88.0,198.0
2025-07-24T15:29:33.307928,ETH-USDT,3738.38,3738.44,7240.0,14961.0
2025-07-24T15:29:33.414834,SOL-USDT,189.18,189.2,69.0,198.0
2025-07-24T15:29:33.414873,XRP-USDT,3.231,3.2322,70.0,187.0
2025-07-24T15:29:33.414897,LTC-USDT,114.39,114.52,184.0,190.0
2025-07-24T15:29:33.414920,ETH-USDT,3738.78,3739.19,11591.0,10932.0
2025-07-24T15:29:33.503964,XRP-USDT,3.2313,3.2322,137.0,187.0
2025-07-24T15:29:33.504007,LTC-USDT,114.26,114.41,647.0,77.0
2025-07-24T15:29:33.614428,SOL-USDT,189.16,189.17,11.0,40.0
2025-07-24T15:29:33.614469,ETH-USDT,3738.83,3738.84,4274.0,604.0
2025-07-24T15:29:33.614505,BTC-USDT,118971.3,118971.4,123.0,2016.0
2025-07-24T15:29:33.614538,LTC-USDT,114.27,114.53,254.0,379.0
2025-07-24T15:29:33.704578,XRP-USDT,3.2313,3.2322,137.0,187.0
2025-07-24T15:29:33.704642,SOL-USDT,189.14,189.15,172.0,109.0
2025-07-24T15:29:33.816828,ETH-USDT,3738.83,3738.84,1355.0,604.0
2025-07-24T15:29:33.816871,SOL-USDT,189.14,189.15,17.0,109.0
2025-07-24T15:29:33.904221,BTC-USDT,118971.3,118971.4,123.0,1973.0
2025-07-24T15:29:34.007174,ETH-USDT,3738.83,3738.84,1355.0,604.0
2025-07-24T15:29:34.007229,BTC-USDT,118971.3,118971.4,123.0,1942.0
2025-07-24T15:29:34.103135,LTC-USDT,114.4,114.41,231.0,106.0
2025-07-24T15:29:34.210912,SOL-USDT,189.14,189.15,17.0,109.0
2025-07-24T15:29:34.311180,ETH-USDT,3738.84,3738.87,869.0,10931.0
2025-07-24T15:29:34.404902,ETH-USDT,3738.83,3738.84,1355.0,1563.0
2025-07-24T15:29:34.404945,XRP-USDT,3.2313,3.2322,137.0,187.0
2025-07-24T15:29:34.404980,SOL-USDT,189.14,189.15,17.0,71.0
2025-07-24T15:29:34.405021,BTC-USDT,118971.3,118971.4,123.0,1444.0
2025-07-24T15:29:34.504675,XRP-USDT,3.2313,3.2322,137.0,187.0
2025-07-24T15:29:34.633684,ETH-USDT,3738.83,3738.84,1355.0,1464.0
2025-07-24T15:29:34.634115,LTC-USDT,114.4,114.41,231.0,106.0
2025-07-24T15:29:34.634167,BTC-USDT,118971.3,118971.4,123.0,1444.0
2025-07-24T15:29:34.819100,LTC-USDT,114.4,114.53,231.0,379.0
2025-07-24T15:29:34.903176,BTC-USDT,118971.3,118971.4,123.0,1240.0
2025-07-24T15:29:34.903242,LTC-USDT,114.41,114.42,144.0,171.0
2025-07-24T15:29:35.049514,ETH-USDT,3738.83,3738.84,1355.0,865.0
2025-07-24T15:29:35.049651,LTC-USDT,114.41,114.42,90.0,171.0
2025-07-24T15:29:35.049684,XRP-USDT,3.2312,3.2322,194.0,187.0
2025-07-24T15:29:35.122365,XRP-USDT,3.2308,3.232,153.0,87.0
2025-07-24T15:29:35.122410,LTC-USDT,114.28,114.42,199.0,171.0
2025-07-24T15:29:35.202399,LTC-USDT,114.27,114.41,254.0,218.0
2025-07-24T15:29:35.204125,XRP-USDT,3.231,3.232,199.0,87.0
2025-07-24T15:29:35.204162,ETH-USDT,3738.83,3738.84,1355.0,2788.0
2025-07-24T15:29:35.204193,BTC-USDT,118971.3,118971.4,123.0,1236.0
2025-07-24T15:29:35.302485,XRP-USDT,3.2311,3.232,92.0,87.0
2025-07-24T15:29:35.302792,SOL-USDT,189.15,189.16,95.0,203.0
2025-07-24T15:29:35.302841,LTC-USDT,114.4,114.41,68.0,218.0
2025-07-24T15:29:35.404992,XRP-USDT,3.231,3.232,199.0,87.0
2025-07-24T15:29:35.405043,SOL-USDT,189.14,189.15,17.0,82.0
2025-07-24T15:29:35.503167,ETH-USDT,3738.83,3738.84,1355.0,2316.0
2025-07-24T15:29:35.503521,BTC-USDT,118971.4,118971.5,30.0,10016.0
2025-07-24T15:29:35.606308,ETH-USDT,3738.79,3738.87,15389.0,10931.0
2025-07-24T15:29:35.705701,ETH-USDT,3738.41,3738.45,7411.0,3742.0
2025-07-24T15:29:35.705744,BTC-USDT,118971.3,118971.4,123.0,3048.0
2025-07-24T15:29:35.705782,SOL-USDT,189.1,189.11,126.0,18.0
2025-07-24T15:29:35.804119,ETH-USDT,3738.05,3738.09,14569.0,2657.0
2025-07-24T15:29:35.804154,LTC-USDT,114.27,114.41,254.0,218.0
2025-07-24T15:29:35.804178,XRP-USDT,3.2308,3.2317,180.0,81.0
2025-07-24T15:29:35.903358,ETH-USDT,3737.88,3737.93,8631.0,7160.0
2025-07-24T15:29:35.903399,LTC-USDT,114.25,114.39,479.0,94.0
2025-07-24T15:29:35.903431,XRP-USDT,3.2298,3.2311,194.0,93.0
2025-07-24T15:29:35.903467,SOL-USDT,189.08,189.09,65.0,109.0
2025-07-24T15:29:36.007424,ETH-USDT,3737.54,3737.56,11625.0,3742.0
2025-07-24T15:29:36.007476,XRP-USDT,3.2298,3.2307,194.0,96.0
2025-07-24T15:29:36.007509,LTC-USDT,114.37,114.38,69.0,215.0
2025-07-24T15:29:36.007535,SOL-USDT,189.08,189.09,65.0,109.0
2025-07-24T15:29:36.007557,BTC-USDT,118971.3,118971.4,123.0,2896.0
2025-07-24T15:29:36.108889,LTC-USDT,114.37,114.38,69.0,182.0
2025-07-24T15:29:36.108947,XRP-USDT,3.2296,3.2307,171.0,96.0
2025-07-24T15:29:36.207436,ETH-USDT,3737.55,3737.56,1940.0,3742.0
2025-07-24T15:29:36.207716,SOL-USDT,189.09,189.1,80.0,230.0
2025-07-24T15:29:36.303224,SOL-USDT,189.08,189.11,111.0,18.0
2025-07-24T15:29:36.303266,BTC-USDT,118971.3,118971.4,13613.0,2885.0
2025-07-24T15:29:36.402761,XRP-USDT,3.2296,3.2307,171.0,96.0
2025-07-24T15:29:36.402984,ETH-USDT,3737.55,3737.56,1266.0,3742.0
2025-07-24T15:29:36.503349,XRP-USDT,3.2297,3.2306,114.0,74.0
2025-07-24T15:29:36.607260,SOL-USDT,189.08,189.09,111.0,85.0
2025-07-24T15:29:36.607300,ETH-USDT,3737.54,3737.56,11625.0,3742.0
2025-07-24T15:29:36.607335,LTC-USDT,114.37,114.38,69.0,182.0
2025-07-24T15:29:36.607916,BTC-USDT,118971.3,118971.4,13613.0,2885.0
2025-07-24T15:29:36.719071,XRP-USDT,3.2301,3.231,155.0,185.0
2025-07-24T15:29:36.719300,SOL-USDT,189.07,189.09,96.0,92.0
2025-07-24T15:29:36.719340,ETH-USDT,3737.55,3737.56,1940.0,3592.0
2025-07-24T15:29:36.803463,BTC-USDT,118971.3,118971.4,13613.0,2865.0
2025-07-24T15:29:36.803504,SOL-USDT,189.09,189.1,86.0,61.0
2025-07-24T15:29:36.932049,BTC-USDT,118971.3,118971.4,13613.0,4505.0
2025-07-24T15:29:36.932091,XRP-USDT,3.2306,3.231,220.0,185.0
2025-07-24T15:29:37.003188,LTC-USDT,114.37,114.38,69.0,181.0
2025-07-24T15:29:37.003230,BTC-USDT,118971.3,118971.4,262.0,4500.0
2025-07-24T15:29:37.003627,ETH-USDT,3737.55,3737.56,1940.0,3428.0
2025-07-24T15:29:37.003666,SOL-USDT,189.08,189.1,96.0,61.0
2025-07-24T15:29:37.103473,XRP-USDT,3.2298,3.231,134.0,185.0
2025-07-24T15:29:37.103523,SOL-USDT,189.08,189.09,96.0,114.0
2025-07-24T15:29:37.203289,SOL-USDT,189.08,189.09,96.0,460.0
2025-07-24T15:29:37.203367,XRP-USDT,3.2297,3.231,114.0,185.0
2025-07-24T15:29:37.302799,XRP-USDT,3.2297,3.2306,114.0,173.0
2025-07-24T15:29:37.303080,SOL-USDT,189.07,189.09,96.0,39.0
2025-07-24T15:29:37.303132,BTC-USDT,118971.3,118971.4,262.0,4367.0
2025-07-24T15:29:37.404002,BTC-USDT,118971.3,118971.4,262.0,4532.0
2025-07-24T15:29:37.508986,ETH-USDT,3737.55,3737.56,1940.0,2926.0
2025-07-24T15:29:37.602742,SOL-USDT,189.07,189.08,96.0,44.0
2025-07-24T15:29:37.603231,ETH-USDT,3737.55,3737.57,1940.0,8537.0
2025-07-24T15:29:37.603272,BTC-USDT,118971.3,118971.4,262.0,4493.0
2025-07-24T15:29:37.703187,ETH-USDT,3738.2,3738.24,2221.0,15435.0
2025-07-24T15:29:37.704760,XRP-USDT,3.2298,3.2308,117.0,110.0
2025-07-24T15:29:37.809112,XRP-USDT,3.2301,3.2312,115.0,178.0
2025-07-24T15:29:37.809143,SOL-USDT,189.09,189.11,133.0,18.0
2025-07-24T15:29:37.913930,BTC-USDT,118971.3,118971.4,262.0,4477.0
2025-07-24T15:29:37.913973,SOL-USDT,189.09,189.12,133.0,54.0
2025-07-24T15:29:37.914006,ETH-USDT,3738.21,3738.23,9475.0,7886.0
2025-07-24T15:29:37.914035,XRP-USDT,3.2303,3.2314,106.0,126.0
2025-07-24T15:29:38.009117,ETH-USDT,3738.2,3738.21,2221.0,550.0
2025-07-24T15:29:38.009158,XRP-USDT,3.2303,3.2312,106.0,189.0
2025-07-24T15:29:38.212727,SOL-USDT,189.1,189.12,197.0,54.0
2025-07-24T15:29:38.308932,XRP-USDT,3.2301,3.2312,115.0,189.0
2025-07-24T15:29:38.308973,ETH-USDT,3738.22,3738.23,103.0,7886.0
2025-07-24T15:29:38.308999,SOL-USDT,189.11,189.12,16.0,54.0
2025-07-24T15:29:38.312102,BTC-USDT,118971.3,118971.4,262.0,4476.0
2025-07-24T15:29:38.403044,XRP-USDT,3.2301,3.231,115.0,158.0
2025-07-24T15:29:38.403207,ETH-USDT,3738.2,3738.21,2221.0,1386.0
2025-07-24T15:29:38.507464,LTC-USDT,114.24,114.38,633.0,181.0
2025-07-24T15:29:38.507524,ETH-USDT,3737.48,3738.21,13833.0,1386.0
2025-07-24T15:29:38.507573,XRP-USDT,3.2301,3.231,115.0,158.0
2025-07-24T15:29:38.603389,SOL-USDT,189.12,189.13,946.0,32.0
2025-07-24T15:29:38.603920,BTC-USDT,118971.3,118971.4,262.0,4476.0
2025-07-24T15:29:38.604111,LTC-USDT,114.36,114.37,90.0,286.0
2025-07-24T15:29:38.703590,SOL-USDT,189.08,189.09,12.0,164.0
2025-07-24T15:29:38.703657,XRP-USDT,3.2298,3.2309,117.0,86.0
2025-07-24T15:29:38.703847,ETH-USDT,3737.72,3737.74,1872.0,1634.0
2025-07-24T15:29:38.802978,SOL-USDT,189.07,189.08,96.0,82.0
2025-07-24T15:29:38.803041,XRP-USDT,3.2297,3.2307,114.0,143.0
2025-07-24T15:29:38.803280,BTC-USDT,118971.3,118971.4,262.0,4475.0
2025-07-24T15:29:38.910846,LTC-USDT,114.36,114.37,90.0,286.0
2025-07-24T15:29:38.910954,XRP-USDT,3.2297,3.2306,114.0,131.0
2025-07-24T15:29:38.911009,BTC-USDT,118971.3,118971.4,262.0,4475.0
2025-07-24T15:29:39.014067,ETH-USDT,3737.72,3737.73,1872.0,2736.0
2025-07-24T15:29:39.102999,ETH-USDT,3737.68,3737.73,11566.0,2736.0
2025-07-24T15:29:39.204313,XRP-USDT,3.2292,3.2302,142.0,103.0
2025-07-24T15:29:39.204341,SOL-USDT,189.06,189.08,82.0,82.0
2025-07-24T15:29:39.204366,LTC-USDT,114.23,114.37,377.0,233.0
2025-07-24T15:29:39.204386,BTC-USDT,118971.3,118971.4,262.0,4407.0
2025-07-24T15:29:39.304066,XRP-USDT,3.2292,3.2302,142.0,103.0
2025-07-24T15:29:39.304109,SOL-USDT,189.05,189.07,101.0,102.0
2025-07-24T15:29:39.304135,ETH-USDT,3737.16,3737.26,9669.0,1466.0
2025-07-24T15:29:39.410378,XRP-USDT,3.2286,3.2296,65.0,90.0
2025-07-24T15:29:39.410418,LTC-USDT,114.21,114.28,63.0,42.0
2025-07-24T15:29:39.410452,SOL-USDT,189.03,189.06,78.0,124.0
2025-07-24T15:29:39.410487,ETH-USDT,3736.67,3736.81,7205.0,3742.0
2025-07-24T15:29:39.512199,LTC-USDT,114.33,114.34,68.0,176.0
2025-07-24T15:29:39.512242,XRP-USDT,3.2286,3.2295,65.0,55.0
2025-07-24T15:29:39.512272,ETH-USDT,3736.54,3736.6,2962.0,7058.0
2025-07-24T15:29:39.602917,BTC-USDT,118971.3,118971.4,262.0,4407.0
2025-07-24T15:29:39.602959,SOL-USDT,189.03,189.04,78.0,59.0
2025-07-24T15:29:39.804318,XRP-USDT,3.2286,3.2295,65.0,55.0
2025-07-24T15:29:39.804363,ETH-USDT,3736.96,3736.97,1962.0,2080.0
2025-07-24T15:29:39.902880,SOL-USDT,189.03,189.04,78.0,29.0
2025-07-24T15:29:39.903483,BTC-USDT,118971.3,118971.4,262.0,4402.0
2025-07-24T15:29:40.003544,XRP-USDT,3.2286,3.2296,65.0,90.0
2025-07-24T15:29:40.003582,ETH-USDT,3736.96,3736.97,1962.0,2080.0
2025-07-24T15:29:40.102749,LTC-USDT,114.33,114.34,68.0,176.0
2025-07-24T15:29:40.103430,SOL-USDT,189.03,189.05,78.0,11.0
2025-07-24T15:29:40.103469,ETH-USDT,3736.96,3737.01,1962.0,7487.0
2025-07-24T15:29:40.202947,XRP-USDT,3.2288,3.2297,77.0,131.0
2025-07-24T15:29:40.303877,XRP-USDT,3.2288,3.2299,77.0,67.0
2025-07-24T15:29:40.303933,BTC-USDT,118971.3,118971.4,262.0,4288.0
2025-07-24T15:29:40.421043,ETH-USDT,3737.14,3737.18,4274.0,13614.0
2025-07-24T15:29:40.421110,SOL-USDT,189.05,189.07,60.0,13.0
2025-07-24T15:29:40.421218,XRP-USDT,3.2292,3.2304,116.0,117.0
2025-07-24T15:29:40.510995,ETH-USDT,3737.41,3737.44,3766.0,6483.0
2025-07-24T15:29:40.511074,XRP-USDT,3.2296,3.2305,113.0,57.0
2025-07-24T15:29:40.511109,SOL-USDT,189.07,189.08,135.0,82.0
2025-07-24T15:29:40.615033,ETH-USDT,3737.62,3737.66,4274.0,13263.0
2025-07-24T15:29:40.615077,LTC-USDT,114.33,114.34,66.0,176.0
2025-07-24T15:29:40.615111,BTC-USDT,118971.3,118971.4,262.0,4288.0
2025-07-24T15:29:40.615146,SOL-USDT,189.07,189.09,135.0,164.0
2025-07-24T15:29:40.615187,XRP-USDT,3.2296,3.2307,113.0,134.0
2025-07-24T15:29:40.722278,XRP-USDT,3.2298,3.2309,199.0,81.0
2025-07-24T15:29:40.722321,BTC-USDT,118971.3,118971.4,262.0,4272.0
2025-07-24T15:29:40.722348,SOL-USDT,189.08,189.11,165.0,187.0
2025-07-24T15:29:40.815269,LTC-USDT,114.35,114.48,224.0,724.0
2025-07-24T15:29:40.815320,ETH-USDT,3737.94,3738.05,4274.0,10880.0
2025-07-24T15:29:40.815358,SOL-USDT,189.12,189.13,163.0,32.0
2025-07-24T15:29:40.815391,XRP-USDT,3.2302,3.2312,55.0,145.0
2025-07-24T15:29:40.902675,LTC-USDT,114.22,114.37,647.0,79.0
2025-07-24T15:29:40.903022,ETH-USDT,3738.01,3738.27,4274.0,15451.0
2025-07-24T15:29:40.903059,XRP-USDT,3.2301,3.2312,109.0,145.0
2025-07-24T15:29:40.903452,BTC-USDT,118971.3,118971.4,262.0,4272.0
2025-07-24T15:29:40.903490,SOL-USDT,189.12,189.15,163.0,174.0
2025-07-24T15:29:41.003827,LTC-USDT,114.36,114.37,282.0,79.0
2025-07-24T15:29:41.003871,ETH-USDT,3738.2,3738.21,4274.0,225.0
2025-07-24T15:29:41.003900,XRP-USDT,3.23,3.2312,50.0,145.0
2025-07-24T15:29:41.003924,SOL-USDT,189.1,189.15,125.0,174.0
2025-07-24T15:29:41.003946,BTC-USDT,118971.3,118971.4,262.0,4255.0
2025-07-24T15:29:41.102462,LTC-USDT,114.35,114.37,86.0,79.0
2025-07-24T15:29:41.103453,SOL-USDT,189.1,189.15,125.0,174.0
2025-07-24T15:29:41.103496,XRP-USDT,3.2296,3.2308,113.0,77.0
2025-07-24T15:29:41.207026,XRP-USDT,3.2296,3.2307,113.0,181.0
2025-07-24T15:29:41.207066,SOL-USDT,189.09,189.11,12.0,30.0
2025-07-24T15:29:41.207092,ETH-USDT,3738.2,3738.21,3186.0,225.0
2025-07-24T15:29:41.310278,SOL-USDT,189.09,189.1,12.0,69.0
2025-07-24T15:29:41.310317,XRP-USDT,3.2297,3.2307,91.0,181.0
2025-07-24T15:29:41.403511,XRP-USDT,3.2303,3.2306,12.0,186.0
2025-07-24T15:29:41.507143,BTC-USDT,118971.3,118971.4,262.0,4230.0
2025-07-24T15:29:41.507198,XRP-USDT,3.2303,3.2306,12.0,186.0
2025-07-24T15:29:41.507236,LTC-USDT,114.35,114.36,86.0,153.0
2025-07-24T15:29:41.507475,ETH-USDT,3738.21,3738.23,16.0,8969.0
