timestamp,symbol,bid,ask,bid_vol,ask_vol
2025-07-24T06:13:26.286527,BTC-USDT,117643.5,117643.6,105.0,748.0
2025-07-24T06:13:26.286774,ETH-USDT,3559.05,3559.09,8832.0,430.0
2025-07-24T06:13:26.470848,ETH-USDT,3558.98,3558.99,8710.0,182.0
2025-07-24T06:13:26.588552,ETH-USDT,3558.98,3558.99,178.0,182.0
2025-07-24T06:13:26.588596,BTC-USDT,117643.5,117643.6,105.0,748.0
2025-07-24T06:13:26.682525,ETH-USDT,3558.98,3558.99,178.0,72.0
2025-07-24T06:13:26.776836,ETH-USDT,3558.98,3558.99,178.0,3742.0
2025-07-24T06:13:26.982104,ETH-USDT,3558.9,3558.99,12359.0,3742.0
2025-07-24T06:13:26.982148,BTC-USDT,117643.5,117643.6,105.0,606.0
2025-07-24T06:13:27.071165,BTC-USDT,117643.5,117643.6,105.0,3511.0
2025-07-24T06:13:27.071218,ETH-USDT,3558.84,3558.87,1287.0,6084.0
2025-07-24T06:13:27.271032,BTC-USDT,117643.5,117643.6,105.0,3138.0
2025-07-24T06:13:27.370932,ETH-USDT,3558.84,3558.85,1287.0,1920.0
2025-07-24T06:13:27.477800,ETH-USDT,3558.82,3558.85,8595.0,1920.0
2025-07-24T06:13:27.570995,BTC-USDT,117643.5,117643.6,105.0,3138.0
2025-07-24T06:13:27.571037,ETH-USDT,3558.8,3558.82,9797.0,3742.0
2025-07-24T06:13:27.883683,BTC-USDT,117643.5,117643.6,105.0,3108.0
2025-07-24T06:13:27.970276,ETH-USDT,3558.8,3558.81,22.0,3742.0
2025-07-24T06:13:28.071591,BTC-USDT,117643.5,117643.6,105.0,2937.0
2025-07-24T06:13:28.171308,ETH-USDT,3558.77,3558.81,7053.0,3654.0
2025-07-24T06:13:28.371150,BTC-USDT,117643.5,117643.6,105.0,2545.0
2025-07-24T06:13:28.473081,ETH-USDT,3558.8,3558.81,650.0,3654.0
2025-07-24T06:13:28.571319,BTC-USDT,117643.5,117643.6,105.0,2545.0
2025-07-24T06:13:28.872893,ETH-USDT,3558.8,3558.81,650.0,2425.0
2025-07-24T06:13:28.971043,ETH-USDT,3558.8,3558.81,650.0,2425.0
2025-07-24T06:13:28.971282,BTC-USDT,117643.5,117643.6,105.0,2542.0
2025-07-24T06:13:29.170225,ETH-USDT,3558.77,3558.81,7053.0,2425.0
2025-07-24T06:13:29.170632,BTC-USDT,117643.5,117643.6,105.0,2513.0
2025-07-24T06:13:29.578258,ETH-USDT,3558.75,3558.76,29.0,3235.0
2025-07-24T06:13:29.578332,BTC-USDT,117643.5,117643.6,105.0,2513.0
2025-07-24T06:13:29.871076,BTC-USDT,117643.5,117643.6,105.0,2502.0
2025-07-24T06:13:29.971234,ETH-USDT,3558.72,3558.76,9398.0,1052.0
2025-07-24T06:13:30.070963,ETH-USDT,3558.72,3558.73,176.0,3558.0
2025-07-24T06:13:30.071170,BTC-USDT,117643.5,117643.6,105.0,2472.0
2025-07-24T06:13:30.277814,ETH-USDT,3558.72,3558.73,176.0,2879.0
2025-07-24T06:13:30.277904,BTC-USDT,117643.5,117643.6,105.0,2467.0
2025-07-24T06:13:30.481110,BTC-USDT,117643.4,117643.6,14615.0,2467.0
2025-07-24T06:13:30.481149,ETH-USDT,3558.68,3558.73,9762.0,2879.0
2025-07-24T06:13:30.560128,ETH-USDT,3558.24,3558.26,8055.0,2824.0
2025-07-24T06:13:30.560269,BTC-USDT,117636.5,117638.6,15315.0,754.0
2025-07-24T06:13:30.672702,ETH-USDT,3557.61,3557.64,2701.0,14110.0
2025-07-24T06:13:30.672732,BTC-USDT,117634.9,117635.2,13898.0,7196.0
2025-07-24T06:13:30.870930,ETH-USDT,3557.47,3557.62,14225.0,3742.0
2025-07-24T06:13:30.870982,BTC-USDT,117635.1,117635.2,340.0,2230.0
2025-07-24T06:13:30.971028,ETH-USDT,3557.48,3557.63,15947.0,10067.0
2025-07-24T06:13:30.971356,BTC-USDT,117635.1,117635.2,340.0,2197.0
2025-07-24T06:13:31.073248,ETH-USDT,3557.46,3557.54,10581.0,446.0
2025-07-24T06:13:31.171131,BTC-USDT,117635.1,117635.2,340.0,5119.0
2025-07-24T06:13:31.272156,ETH-USDT,3557.53,3557.56,1246.0,10265.0
2025-07-24T06:13:31.476336,ETH-USDT,3557.49,3557.54,15882.0,3742.0
2025-07-24T06:13:31.476374,BTC-USDT,117629.1,117629.2,1186.0,4329.0
2025-07-24T06:13:31.571857,BTC-USDT,117629.1,117629.2,1186.0,4329.0
2025-07-24T06:13:31.671536,ETH-USDT,3557.44,3557.47,11020.0,3742.0
2025-07-24T06:13:31.771144,ETH-USDT,3557.46,3557.51,2277.0,14360.0
2025-07-24T06:13:31.871490,ETH-USDT,3557.46,3557.47,2277.0,3742.0
2025-07-24T06:13:32.070672,ETH-USDT,3557.46,3557.47,2277.0,3412.0
2025-07-24T06:13:32.273260,BTC-USDT,117629.1,117629.2,1186.0,3701.0
2025-07-24T06:13:32.382584,ETH-USDT,3557.46,3557.47,2277.0,2113.0
2025-07-24T06:13:32.570766,BTC-USDT,117629.1,117629.2,1186.0,2966.0
2025-07-24T06:13:32.571188,ETH-USDT,3557.46,3557.47,2277.0,2113.0
2025-07-24T06:13:32.675087,ETH-USDT,3557.46,3557.51,2277.0,14360.0
2025-07-24T06:13:32.770695,ETH-USDT,3557.53,3557.54,4274.0,83.0
2025-07-24T06:13:32.770824,BTC-USDT,117629.1,117629.3,1186.0,6218.0
2025-07-24T06:13:32.973627,BTC-USDT,117629.1,117629.2,1186.0,1191.0
2025-07-24T06:13:33.172678,ETH-USDT,3557.53,3557.54,4143.0,83.0
2025-07-24T06:13:33.371919,ETH-USDT,3557.54,3557.55,14.0,12425.0
2025-07-24T06:13:33.471115,BTC-USDT,117629.1,117629.2,1186.0,1158.0
2025-07-24T06:13:33.573281,ETH-USDT,3557.53,3557.54,4143.0,656.0
2025-07-24T06:13:33.573320,BTC-USDT,117629.1,117629.2,1186.0,1158.0
2025-07-24T06:13:33.770722,ETH-USDT,3557.53,3557.54,4143.0,367.0
2025-07-24T06:13:33.870548,BTC-USDT,117629.1,117629.2,1186.0,1150.0
2025-07-24T06:13:33.971213,ETH-USDT,3557.53,3557.54,4143.0,367.0
2025-07-24T06:13:34.172345,ETH-USDT,3557.54,3557.55,5836.0,12425.0
2025-07-24T06:13:34.271203,BTC-USDT,117629.1,117629.2,1186.0,1042.0
2025-07-24T06:13:34.571066,ETH-USDT,3557.53,3557.54,1069.0,3742.0
2025-07-24T06:13:34.571306,BTC-USDT,117629.1,117629.2,1186.0,1042.0
2025-07-24T06:13:34.671503,ETH-USDT,3557.51,3557.54,13838.0,3546.0
2025-07-24T06:13:34.771758,BTC-USDT,117629.2,117629.3,5859.0,6218.0
2025-07-24T06:13:34.856791,ETH-USDT,3555.23,3555.55,13099.0,13549.0
2025-07-24T06:13:34.971233,BTC-USDT,117620.5,117621.3,2834.0,8902.0
2025-07-24T06:13:34.971287,ETH-USDT,3555.53,3555.54,4274.0,2.0
2025-07-24T06:13:35.071454,BTC-USDT,117620.5,117621.2,2834.0,9492.0
2025-07-24T06:13:35.071492,ETH-USDT,3555.53,3555.66,4274.0,10090.0
2025-07-24T06:13:35.171697,BTC-USDT,117615.0,117615.1,17025.0,1398.0
2025-07-24T06:13:35.271682,BTC-USDT,117615.0,117615.1,17025.0,1182.0
2025-07-24T06:13:35.471041,ETH-USDT,3555.57,3555.59,4274.0,5406.0
2025-07-24T06:13:35.571614,BTC-USDT,117615.0,117615.1,17025.0,1182.0
2025-07-24T06:13:35.571656,ETH-USDT,3555.57,3555.58,4274.0,1468.0
2025-07-24T06:13:35.671293,BTC-USDT,117615.0,117615.1,17025.0,998.0
2025-07-24T06:13:35.870644,ETH-USDT,3555.58,3555.59,16.0,5406.0
2025-07-24T06:13:35.870901,BTC-USDT,117615.0,117615.1,17025.0,998.0
2025-07-24T06:13:35.987146,ETH-USDT,3555.57,3555.58,4274.0,866.0
2025-07-24T06:13:35.987198,BTC-USDT,117615.0,117615.1,17025.0,442.0
2025-07-24T06:13:36.071506,BTC-USDT,117615.0,117615.1,17025.0,4863.0
2025-07-24T06:13:36.270671,BTC-USDT,117615.0,117615.1,17025.0,4803.0
2025-07-24T06:13:36.376954,ETH-USDT,3555.57,3555.58,4274.0,94.0
2025-07-24T06:13:36.578493,ETH-USDT,3555.57,3555.58,4274.0,94.0
2025-07-24T06:13:36.578589,BTC-USDT,117615.0,117615.1,17025.0,4803.0
2025-07-24T06:13:36.670612,ETH-USDT,3555.57,3555.59,4274.0,5406.0
2025-07-24T06:13:36.773978,BTC-USDT,117615.0,117615.1,17025.0,4220.0
2025-07-24T06:13:36.888383,ETH-USDT,3555.32,3555.37,11902.0,3742.0
2025-07-24T06:13:36.888437,BTC-USDT,117615.0,117615.1,17025.0,4220.0
2025-07-24T06:13:36.971470,ETH-USDT,3555.18,3555.2,4274.0,8589.0
2025-07-24T06:13:37.082173,BTC-USDT,117615.0,117615.1,17025.0,4144.0
2025-07-24T06:13:37.173727,ETH-USDT,3555.17,3555.19,12706.0,3742.0
2025-07-24T06:13:37.173769,BTC-USDT,117614.9,117615.1,15653.0,4144.0
2025-07-24T06:13:37.271806,ETH-USDT,3555.11,3555.13,463.0,6519.0
2025-07-24T06:13:37.272086,BTC-USDT,117594.5,117594.8,432.0,3873.0
2025-07-24T06:13:37.373429,ETH-USDT,3555.11,3555.18,463.0,6445.0
2025-07-24T06:13:37.373465,BTC-USDT,117594.5,117594.6,432.0,4239.0
2025-07-24T06:13:37.471154,ETH-USDT,3555.25,3555.69,13188.0,6219.0
2025-07-24T06:13:37.571680,ETH-USDT,3555.3,3555.31,4274.0,758.0
2025-07-24T06:13:37.571783,BTC-USDT,117594.1,117594.6,12096.0,4239.0
2025-07-24T06:13:37.670827,BTC-USDT,117590.7,117591.6,13259.0,4930.0
2025-07-24T06:13:37.670909,ETH-USDT,3555.3,3555.31,3989.0,758.0
2025-07-24T06:13:37.771141,BTC-USDT,117591.4,117591.6,9957.0,4930.0
2025-07-24T06:13:37.871658,BTC-USDT,117591.5,117591.6,161.0,4525.0
2025-07-24T06:13:37.971136,ETH-USDT,3555.3,3555.31,3989.0,758.0
2025-07-24T06:13:38.070763,BTC-USDT,117591.4,117591.6,9957.0,4525.0
2025-07-24T06:13:38.175852,ETH-USDT,3555.3,3555.31,3989.0,2649.0
2025-07-24T06:13:38.291260,BTC-USDT,117587.2,117587.3,126.0,6090.0
2025-07-24T06:13:38.291476,ETH-USDT,3555.3,3555.31,3989.0,179.0
2025-07-24T06:13:38.371857,BTC-USDT,117587.0,117587.3,11888.0,6090.0
2025-07-24T06:13:38.479087,ETH-USDT,3555.31,3555.32,9821.0,6050.0
2025-07-24T06:13:38.479130,BTC-USDT,117582.9,117583.0,246.0,5179.0
2025-07-24T06:13:38.685134,ETH-USDT,3555.3,3555.31,3989.0,2148.0
2025-07-24T06:13:38.771352,ETH-USDT,3555.31,3555.32,2763.0,6050.0
2025-07-24T06:13:38.870788,BTC-USDT,117582.9,117583.0,246.0,5179.0
2025-07-24T06:13:38.970785,BTC-USDT,117582.9,117583.0,246.0,4218.0
2025-07-24T06:13:38.970850,ETH-USDT,3555.3,3555.31,3989.0,2574.0
2025-07-24T06:13:39.171573,ETH-USDT,3555.53,3555.55,1814.0,2.0
2025-07-24T06:13:39.271359,ETH-USDT,3555.88,3555.9,4274.0,10339.0
2025-07-24T06:13:39.370727,ETH-USDT,3556.02,3556.04,8967.0,6.0
2025-07-24T06:13:39.470327,BTC-USDT,117582.9,117583.1,246.0,7170.0
2025-07-24T06:13:39.470578,ETH-USDT,3556.19,3556.22,3959.0,6145.0
2025-07-24T06:13:39.570784,BTC-USDT,117582.9,117583.0,246.0,881.0
2025-07-24T06:13:39.671659,ETH-USDT,3556.21,3556.24,8457.0,13769.0
2025-07-24T06:13:39.671817,BTC-USDT,117582.9,117583.0,246.0,653.0
2025-07-24T06:13:39.779053,ETH-USDT,3555.94,3555.99,7888.0,3742.0
2025-07-24T06:13:39.870305,BTC-USDT,117582.9,117583.0,246.0,653.0
2025-07-24T06:13:39.970986,ETH-USDT,3555.98,3555.99,339.0,3742.0
2025-07-24T06:13:40.172329,ETH-USDT,3555.98,3555.99,339.0,2202.0
2025-07-24T06:13:40.172387,BTC-USDT,117583.0,117583.1,352.0,7170.0
2025-07-24T06:13:40.371770,ETH-USDT,3555.94,3555.99,7888.0,2202.0
2025-07-24T06:13:40.571529,BTC-USDT,117582.9,117583.0,246.0,1203.0
2025-07-24T06:13:40.571571,ETH-USDT,3555.7,3555.71,620.0,3742.0
2025-07-24T06:13:40.670268,BTC-USDT,117582.9,117583.0,246.0,1203.0
2025-07-24T06:13:40.670538,ETH-USDT,3555.86,3555.93,4274.0,6398.0
2025-07-24T06:13:40.771634,ETH-USDT,3555.92,3555.96,4274.0,13962.0
2025-07-24T06:13:40.871410,ETH-USDT,3556.07,3556.12,6214.0,9907.0
2025-07-24T06:13:40.871455,BTC-USDT,117582.9,117583.0,246.0,1107.0
2025-07-24T06:13:40.971455,ETH-USDT,3556.52,3556.53,4274.0,207.0
2025-07-24T06:13:41.172608,BTC-USDT,117582.9,117583.0,246.0,778.0
2025-07-24T06:13:41.289665,ETH-USDT,3556.52,3556.53,4003.0,207.0
2025-07-24T06:13:41.289712,BTC-USDT,117582.9,117583.0,246.0,1208.0
2025-07-24T06:13:41.470229,ETH-USDT,3556.53,3556.57,1564.0,14001.0
2025-07-24T06:13:41.572781,ETH-USDT,3556.52,3556.53,4003.0,760.0
2025-07-24T06:13:41.573195,BTC-USDT,117582.9,117583.0,246.0,1171.0
2025-07-24T06:13:41.674724,ETH-USDT,3556.65,3556.67,12537.0,125.0
2025-07-24T06:13:41.776286,ETH-USDT,3556.79,3556.82,4010.0,7179.0
2025-07-24T06:13:41.871067,BTC-USDT,117582.9,117583.0,246.0,441.0
2025-07-24T06:13:41.871109,ETH-USDT,3556.85,3556.87,4274.0,14718.0
2025-07-24T06:13:41.971307,BTC-USDT,117582.9,117583.0,246.0,215.0
2025-07-24T06:13:41.971548,ETH-USDT,3557.1,3557.22,2221.0,7377.0
2025-07-24T06:13:42.170786,ETH-USDT,3557.27,3557.28,3862.0,507.0
2025-07-24T06:13:42.170827,BTC-USDT,117582.9,117583.1,246.0,7170.0
2025-07-24T06:13:42.271060,BTC-USDT,117586.6,117587.4,14961.0,13589.0
2025-07-24T06:13:42.371603,ETH-USDT,3557.28,3557.29,2868.0,8660.0
2025-07-24T06:13:42.471554,ETH-USDT,3557.27,3557.28,3862.0,305.0
2025-07-24T06:13:42.571240,BTC-USDT,117591.5,117591.6,1690.0,145.0
2025-07-24T06:13:42.571292,ETH-USDT,3557.34,3557.39,16687.0,10654.0
2025-07-24T06:13:42.679417,ETH-USDT,3557.42,3557.76,10412.0,5454.0
2025-07-24T06:13:42.679496,BTC-USDT,117591.5,117591.6,1666.0,145.0
2025-07-24T06:13:42.871719,ETH-USDT,3557.47,3557.48,2453.0,2086.0
2025-07-24T06:13:42.871762,BTC-USDT,117591.5,117591.6,1666.0,145.0
2025-07-24T06:13:42.976492,ETH-USDT,3557.47,3557.48,2453.0,613.0
2025-07-24T06:13:43.073399,BTC-USDT,117591.5,117591.7,1666.0,8139.0
2025-07-24T06:13:43.183264,ETH-USDT,3557.47,3557.48,1769.0,613.0
2025-07-24T06:13:43.474604,BTC-USDT,117591.9,117592.1,818.0,13803.0
2025-07-24T06:13:43.474641,ETH-USDT,3557.47,3557.49,1769.0,9996.0
2025-07-24T06:13:43.573369,BTC-USDT,117596.8,117598.6,10445.0,7995.0
2025-07-24T06:13:43.670583,ETH-USDT,3557.61,3557.64,3299.0,14525.0
2025-07-24T06:13:43.770671,BTC-USDT,117599.2,117599.3,147.0,13564.0
2025-07-24T06:13:43.971478,ETH-USDT,3557.69,3557.72,252.0,7253.0
2025-07-24T06:13:43.971532,BTC-USDT,117603.2,117603.4,639.0,11784.0
2025-07-24T06:13:44.071780,ETH-USDT,3557.72,3557.8,8038.0,11160.0
2025-07-24T06:13:44.071823,BTC-USDT,117604.9,117605.7,1951.0,8281.0
2025-07-24T06:13:44.170548,ETH-USDT,3558.17,3558.23,4274.0,11531.0
2025-07-24T06:13:44.171349,BTC-USDT,117608.3,117608.6,767.0,10521.0
2025-07-24T06:13:44.273720,ETH-USDT,3558.19,3558.22,4274.0,10213.0
2025-07-24T06:13:44.273765,BTC-USDT,117611.1,117616.4,11572.0,6092.0
2025-07-24T06:13:44.370828,ETH-USDT,3558.56,3558.61,4274.0,15545.0
2025-07-24T06:13:44.370888,BTC-USDT,117616.5,117617.7,115.0,15457.0
2025-07-24T06:13:44.479586,ETH-USDT,3558.56,3558.61,4274.0,15545.0
2025-07-24T06:13:44.570785,ETH-USDT,3558.56,3558.57,4274.0,156.0
2025-07-24T06:13:44.571131,BTC-USDT,117617.2,117617.3,715.0,607.0
2025-07-24T06:13:44.671319,BTC-USDT,117617.2,117617.6,715.0,9999.0
2025-07-24T06:13:44.771855,ETH-USDT,3558.56,3558.57,1431.0,156.0
2025-07-24T06:13:44.872976,BTC-USDT,117617.2,117617.3,715.0,17394.0
2025-07-24T06:13:44.986349,ETH-USDT,3558.56,3558.57,1431.0,156.0
2025-07-24T06:13:45.071027,ETH-USDT,3558.57,3558.6,3580.0,11022.0
2025-07-24T06:13:45.271595,ETH-USDT,3558.62,3558.7,4274.0,10786.0
2025-07-24T06:13:45.271631,BTC-USDT,117617.2,117617.3,715.0,19856.0
2025-07-24T06:13:45.370993,ETH-USDT,3558.69,3558.73,2069.0,9451.0
2025-07-24T06:13:45.473077,ETH-USDT,3558.77,3558.79,4274.0,7467.0
2025-07-24T06:13:45.473157,BTC-USDT,117617.2,117617.3,715.0,19791.0
2025-07-24T06:13:45.600634,ETH-USDT,3558.78,3558.79,4274.0,161.0
2025-07-24T06:13:45.672121,ETH-USDT,3558.78,3558.84,4274.0,9421.0
2025-07-24T06:13:45.672367,BTC-USDT,117617.2,117617.4,715.0,13163.0
2025-07-24T06:13:45.872852,BTC-USDT,117621.5,117621.6,1416.0,2574.0
2025-07-24T06:13:45.972486,BTC-USDT,117621.6,117621.7,772.0,9660.0
2025-07-24T06:13:45.972541,ETH-USDT,3558.88,3558.92,13381.0,108.0
2025-07-24T06:13:46.084476,ETH-USDT,3558.83,3558.88,12269.0,9165.0
2025-07-24T06:13:46.171088,ETH-USDT,3558.83,3558.9,12269.0,11731.0
2025-07-24T06:13:46.371046,BTC-USDT,117621.6,117621.7,242.0,9660.0
2025-07-24T06:13:46.571385,ETH-USDT,3558.91,3558.92,4059.0,123.0
2025-07-24T06:13:46.571811,BTC-USDT,117621.5,117621.6,1416.0,1343.0
2025-07-24T06:13:46.774808,BTC-USDT,117621.5,117621.6,1416.0,1007.0
2025-07-24T06:13:46.775541,ETH-USDT,3558.91,3558.93,4059.0,9034.0
2025-07-24T06:13:46.979512,ETH-USDT,3558.91,3558.92,4059.0,17.0
2025-07-24T06:13:47.320404,ETH-USDT,3558.91,3558.92,4059.0,1238.0
2025-07-24T06:13:47.320447,BTC-USDT,117621.5,117621.6,1416.0,985.0
2025-07-24T06:13:47.595223,ETH-USDT,3558.91,3558.92,4059.0,1238.0
2025-07-24T06:13:47.595281,BTC-USDT,117621.5,117621.6,1416.0,985.0
2025-07-24T06:13:47.771586,ETH-USDT,3558.91,3558.92,4059.0,970.0
2025-07-24T06:13:47.771629,BTC-USDT,117621.5,117621.6,1416.0,964.0
2025-07-24T06:13:47.873579,ETH-USDT,3558.91,3558.95,4059.0,8958.0
2025-07-24T06:13:47.987844,ETH-USDT,3558.91,3558.95,4059.0,8958.0
2025-07-24T06:13:48.072418,BTC-USDT,117621.5,117621.6,1416.0,132.0
2025-07-24T06:13:48.371997,BTC-USDT,117621.6,117621.7,575.0,9660.0
2025-07-24T06:13:48.499139,ETH-USDT,3558.91,3558.95,4059.0,8958.0
2025-07-24T06:13:48.571040,BTC-USDT,117621.7,117621.8,1209.0,283.0
2025-07-24T06:13:48.780356,ETH-USDT,3558.94,3558.95,624.0,8958.0
2025-07-24T06:13:48.873037,ETH-USDT,3558.91,3558.95,4059.0,8958.0
2025-07-24T06:13:48.980400,ETH-USDT,3558.94,3558.95,4274.0,124.0
2025-07-24T06:13:49.170636,BTC-USDT,117621.7,117621.8,930.0,282.0
2025-07-24T06:13:49.170849,ETH-USDT,3558.94,3558.96,4274.0,8023.0
2025-07-24T06:13:49.278661,ETH-USDT,3559.07,3559.17,4274.0,13514.0
2025-07-24T06:13:49.371079,ETH-USDT,3559.21,3559.22,4274.0,192.0
2025-07-24T06:13:49.575858,BTC-USDT,117621.7,117621.8,930.0,282.0
2025-07-24T06:13:49.670930,ETH-USDT,3559.21,3559.22,4274.0,120.0
2025-07-24T06:13:49.671091,BTC-USDT,117621.7,117621.8,930.0,393.0
2025-07-24T06:13:49.876521,ETH-USDT,3559.21,3559.23,4274.0,14439.0
2025-07-24T06:13:49.970383,BTC-USDT,117621.7,117621.8,930.0,380.0
2025-07-24T06:13:50.173542,ETH-USDT,3559.23,3559.25,10650.0,47.0
2025-07-24T06:13:50.375273,BTC-USDT,117621.7,117621.8,930.0,284.0
2025-07-24T06:13:50.570839,ETH-USDT,3559.24,3559.25,4274.0,47.0
2025-07-24T06:13:50.570899,BTC-USDT,117621.7,117621.8,930.0,284.0
2025-07-24T06:13:50.670580,BTC-USDT,117621.7,117621.8,930.0,193.0
2025-07-24T06:13:50.872632,ETH-USDT,3559.24,3559.25,3909.0,9.0
2025-07-24T06:13:50.976799,ETH-USDT,3559.24,3559.25,3909.0,9.0
2025-07-24T06:13:51.070970,ETH-USDT,3559.24,3559.25,3909.0,2527.0
2025-07-24T06:13:51.071656,BTC-USDT,117621.7,117621.8,930.0,33.0
2025-07-24T06:13:51.270307,ETH-USDT,3559.24,3559.26,3909.0,10217.0
2025-07-24T06:13:51.473334,BTC-USDT,117621.8,117621.9,73.0,12724.0
2025-07-24T06:13:51.570318,ETH-USDT,3559.25,3559.26,9624.0,10217.0
2025-07-24T06:13:51.571265,BTC-USDT,117621.7,117621.8,930.0,2032.0
2025-07-24T06:13:51.670836,ETH-USDT,3558.83,3558.9,7735.0,3742.0
2025-07-24T06:13:51.671298,BTC-USDT,117621.7,117621.8,930.0,1850.0
2025-07-24T06:13:51.770226,ETH-USDT,3558.77,3558.84,6255.0,3742.0
2025-07-24T06:13:51.875796,BTC-USDT,117621.7,117621.8,930.0,1850.0
2025-07-24T06:13:51.971618,ETH-USDT,3558.47,3558.49,13289.0,3742.0
2025-07-24T06:13:52.075066,BTC-USDT,117621.7,117621.8,930.0,1365.0
2025-07-24T06:13:52.375508,ETH-USDT,3558.49,3558.51,1808.0,12635.0
2025-07-24T06:13:52.470546,BTC-USDT,117621.7,117621.8,930.0,1355.0
2025-07-24T06:13:52.570817,ETH-USDT,3558.48,3558.49,668.0,161.0
2025-07-24T06:13:52.671691,ETH-USDT,3558.49,3558.51,694.0,12635.0
2025-07-24T06:13:52.875345,BTC-USDT,117621.7,117621.8,930.0,957.0
2025-07-24T06:13:52.971981,BTC-USDT,117621.7,117621.8,930.0,2090.0
2025-07-24T06:13:52.972033,ETH-USDT,3558.48,3558.49,668.0,151.0
2025-07-24T06:13:53.071231,ETH-USDT,3558.48,3558.5,668.0,11853.0
2025-07-24T06:13:53.471094,ETH-USDT,3558.48,3558.49,668.0,3667.0
2025-07-24T06:13:53.571370,BTC-USDT,117621.7,117621.8,930.0,2086.0
2025-07-24T06:13:53.771519,ETH-USDT,3558.46,3558.49,14747.0,3667.0
2025-07-24T06:13:53.771692,BTC-USDT,117621.7,117621.8,930.0,2040.0
2025-07-24T06:13:53.871330,ETH-USDT,3558.48,3558.49,236.0,3612.0
2025-07-24T06:13:54.070647,BTC-USDT,117621.7,117621.8,930.0,1963.0
2025-07-24T06:13:54.170777,ETH-USDT,3558.48,3558.49,236.0,2045.0
2025-07-24T06:13:54.371385,ETH-USDT,3558.48,3558.53,236.0,12397.0
2025-07-24T06:13:54.572309,BTC-USDT,117621.7,117621.8,930.0,1963.0
2025-07-24T06:13:54.572350,ETH-USDT,3558.48,3558.49,236.0,33.0
2025-07-24T06:13:54.670621,BTC-USDT,117621.7,117621.8,930.0,1902.0
2025-07-24T06:13:54.671483,ETH-USDT,3558.62,3558.68,9126.0,1.0
2025-07-24T06:13:54.771374,ETH-USDT,3558.77,3558.82,4274.0,6030.0
2025-07-24T06:13:54.870549,BTC-USDT,117621.7,117621.8,930.0,1902.0
2025-07-24T06:13:54.971142,ETH-USDT,3558.77,3558.78,4274.0,2588.0
2025-07-24T06:13:55.076074,ETH-USDT,3558.77,3558.82,4274.0,6030.0
2025-07-24T06:13:55.271044,ETH-USDT,3558.77,3558.79,4274.0,7474.0
2025-07-24T06:13:55.471050,BTC-USDT,117621.7,117621.8,930.0,1547.0
2025-07-24T06:13:55.570963,ETH-USDT,3558.77,3558.78,907.0,3742.0
2025-07-24T06:13:55.677199,ETH-USDT,3558.77,3558.78,907.0,2692.0
2025-07-24T06:13:55.870256,ETH-USDT,3558.77,3558.78,907.0,2128.0
2025-07-24T06:13:55.870314,BTC-USDT,117621.7,117621.8,930.0,1547.0
2025-07-24T06:13:55.971133,ETH-USDT,3558.77,3558.78,907.0,2128.0
2025-07-24T06:13:55.971212,BTC-USDT,117621.7,117621.8,930.0,1506.0
2025-07-24T06:13:56.170380,ETH-USDT,3558.77,3558.79,907.0,7474.0
2025-07-24T06:13:56.170783,BTC-USDT,117621.7,117621.9,930.0,12724.0
2025-07-24T06:13:56.270766,ETH-USDT,3558.91,3558.95,4274.0,15640.0
2025-07-24T06:13:56.371066,ETH-USDT,3558.9,3558.92,4562.0,104.0
2025-07-24T06:13:56.574471,BTC-USDT,117621.7,117621.8,930.0,463.0
2025-07-24T06:13:56.574527,ETH-USDT,3558.91,3558.92,4274.0,104.0
2025-07-24T06:13:56.774133,ETH-USDT,3558.92,3558.95,1735.0,15640.0
2025-07-24T06:13:56.870782,BTC-USDT,117621.7,117621.8,930.0,440.0
2025-07-24T06:13:56.992448,ETH-USDT,3558.63,3558.67,12254.0,1827.0
2025-07-24T06:13:57.073103,ETH-USDT,3558.57,3558.61,7739.0,3742.0
2025-07-24T06:13:57.073482,BTC-USDT,117621.7,117621.8,930.0,423.0
2025-07-24T06:13:57.176909,BTC-USDT,117621.5,117621.6,1416.0,8562.0
2025-07-24T06:13:57.271446,ETH-USDT,3558.31,3558.32,1025.0,2148.0
2025-07-24T06:13:57.371243,BTC-USDT,117621.5,117621.6,1416.0,7711.0
2025-07-24T06:13:57.371294,ETH-USDT,3558.37,3558.4,4274.0,15643.0
2025-07-24T06:13:57.571002,BTC-USDT,117621.5,117621.6,1416.0,7711.0
2025-07-24T06:13:57.571259,ETH-USDT,3558.55,3558.56,4274.0,3742.0
2025-07-24T06:13:57.671024,ETH-USDT,3558.55,3558.57,2364.0,13390.0
2025-07-24T06:13:57.770434,BTC-USDT,117621.5,117621.6,1416.0,7699.0
2025-07-24T06:13:57.985284,ETH-USDT,3558.68,3558.78,4274.0,15680.0
2025-07-24T06:13:58.071085,ETH-USDT,3559.0,3559.05,1559.0,14766.0
2025-07-24T06:13:58.071283,BTC-USDT,117621.5,117621.7,1416.0,11938.0
2025-07-24T06:13:58.487590,ETH-USDT,3559.18,3559.19,3055.0,1687.0
2025-07-24T06:13:58.487635,BTC-USDT,117621.5,117621.6,1416.0,949.0
2025-07-24T06:13:58.594312,ETH-USDT,3558.49,3559.1,7968.0,8255.0
2025-07-24T06:13:58.594454,BTC-USDT,117621.5,117621.6,1416.0,949.0
2025-07-24T06:13:58.671057,ETH-USDT,3558.84,3559.03,7492.0,1395.0
2025-07-24T06:13:58.972299,ETH-USDT,3558.89,3558.9,3400.0,1959.0
2025-07-24T06:13:59.072704,ETH-USDT,3558.88,3558.9,9762.0,1959.0
2025-07-24T06:13:59.296982,ETH-USDT,3558.89,3558.9,240.0,1438.0
2025-07-24T06:13:59.297046,BTC-USDT,117621.5,117621.6,1416.0,940.0
2025-07-24T06:13:59.492522,ETH-USDT,3558.89,3558.96,240.0,12233.0
2025-07-24T06:13:59.492559,BTC-USDT,117621.5,117621.6,1416.0,931.0
2025-07-24T06:13:59.674783,ETH-USDT,3559.05,3559.08,4274.0,7057.0
2025-07-24T06:13:59.873838,BTC-USDT,117621.5,117621.6,1416.0,931.0
2025-07-24T06:13:59.989820,ETH-USDT,3559.05,3559.1,3884.0,11158.0
2025-07-24T06:13:59.989860,BTC-USDT,117621.6,117621.7,1765.0,11938.0
2025-07-24T06:14:00.105747,BTC-USDT,117625.2,117626.2,345.0,12667.0
2025-07-24T06:14:00.105836,ETH-USDT,3559.69,3559.72,1526.0,10409.0
2025-07-24T06:14:00.180443,ETH-USDT,3559.88,3560.14,2447.0,10181.0
2025-07-24T06:14:00.273052,BTC-USDT,117629.2,117629.5,343.0,13577.0
2025-07-24T06:14:00.273081,ETH-USDT,3560.14,3560.29,8675.0,12121.0
2025-07-24T06:14:00.371544,BTC-USDT,117629.4,117631.4,19234.0,11821.0
2025-07-24T06:14:00.371852,ETH-USDT,3559.73,3560.14,8707.0,6179.0
2025-07-24T06:14:00.474728,BTC-USDT,117631.3,117631.7,2062.0,13199.0
2025-07-24T06:14:00.579414,ETH-USDT,3560.02,3560.04,11.0,531.0
2025-07-24T06:14:00.579446,BTC-USDT,117631.3,117631.4,2062.0,1378.0
2025-07-24T06:14:00.779302,ETH-USDT,3559.99,3560.02,7464.0,3742.0
2025-07-24T06:14:00.779351,BTC-USDT,117631.4,117631.6,309.0,9578.0
2025-07-24T06:14:00.904223,ETH-USDT,3559.79,3559.81,11630.0,2863.0
2025-07-24T06:14:00.994033,BTC-USDT,117631.3,117631.4,2062.0,358.0
2025-07-24T06:14:00.994081,ETH-USDT,3559.8,3559.81,324.0,2863.0
2025-07-24T06:14:01.172292,BTC-USDT,117631.3,117631.4,2062.0,311.0
2025-07-24T06:14:01.172333,ETH-USDT,3559.8,3559.81,324.0,1066.0
2025-07-24T06:14:01.470819,BTC-USDT,117631.3,117631.5,2062.0,8052.0
2025-07-24T06:14:01.598135,ETH-USDT,3559.8,3559.81,324.0,957.0
2025-07-24T06:14:01.598178,BTC-USDT,117631.7,117631.9,837.0,9657.0
2025-07-24T06:14:01.671176,BTC-USDT,117637.9,117638.3,213.0,15069.0
2025-07-24T06:14:01.872594,ETH-USDT,3559.8,3559.89,324.0,14715.0
2025-07-24T06:14:01.872640,BTC-USDT,117640.5,117640.6,405.0,1333.0
2025-07-24T06:14:01.978507,ETH-USDT,3560.02,3560.08,2597.0,12648.0
2025-07-24T06:14:01.979156,BTC-USDT,117640.5,117640.6,401.0,1333.0
2025-07-24T06:14:02.290491,ETH-USDT,3560.12,3560.16,5859.0,10695.0
2025-07-24T06:14:02.290554,BTC-USDT,117640.5,117640.6,401.0,1235.0
2025-07-24T06:14:02.475005,ETH-USDT,3560.11,3560.13,1550.0,6557.0
2025-07-24T06:14:02.475070,BTC-USDT,117640.5,117640.7,401.0,9528.0
2025-07-24T06:14:02.598931,ETH-USDT,3560.11,3560.16,1550.0,10695.0
2025-07-24T06:14:02.598966,BTC-USDT,117640.5,117640.6,401.0,54.0
2025-07-24T06:14:02.775182,ETH-USDT,3560.33,3560.36,10653.0,14170.0
2025-07-24T06:14:02.872538,ETH-USDT,3560.34,3560.35,1015.0,87.0
2025-07-24T06:14:02.872640,BTC-USDT,117640.5,117640.6,401.0,54.0
2025-07-24T06:14:02.974468,BTC-USDT,117640.5,117640.7,401.0,9528.0
2025-07-24T06:14:03.172444,ETH-USDT,3560.5,3560.51,4047.0,550.0
2025-07-24T06:14:03.287236,BTC-USDT,117640.5,117640.6,401.0,1136.0
2025-07-24T06:14:03.370224,ETH-USDT,3560.5,3560.52,4047.0,6567.0
2025-07-24T06:14:03.474530,ETH-USDT,3560.71,3560.75,6599.0,42.0
2025-07-24T06:14:03.593360,ETH-USDT,3560.16,3560.75,6954.0,42.0
2025-07-24T06:14:03.593389,BTC-USDT,117640.5,117640.6,401.0,1136.0
2025-07-24T06:14:03.975490,ETH-USDT,3560.21,3560.3,3764.0,7645.0
2025-07-24T06:14:03.975546,BTC-USDT,117640.5,117640.7,401.0,9528.0
2025-07-24T06:14:04.072477,ETH-USDT,3560.38,3561.15,37.0,4245.0
2025-07-24T06:14:04.073324,BTC-USDT,117640.8,117641.2,31620.0,11020.0
2025-07-24T06:14:04.173212,ETH-USDT,3560.52,3560.61,196.0,13450.0
2025-07-24T06:14:04.276466,ETH-USDT,3560.62,3560.66,1887.0,7320.0
2025-07-24T06:14:04.371158,ETH-USDT,3560.62,3560.75,1887.0,10674.0
2025-07-24T06:14:04.476555,ETH-USDT,3560.72,3560.77,2774.0,14623.0
2025-07-24T06:14:04.478562,BTC-USDT,117649.3,117649.4,2582.0,438.0
2025-07-24T06:14:04.579699,ETH-USDT,3560.75,3560.76,4274.0,20.0
2025-07-24T06:14:04.579757,BTC-USDT,117649.3,117649.4,2582.0,438.0
2025-07-24T06:14:04.688329,ETH-USDT,3560.75,3560.76,4274.0,2196.0
2025-07-24T06:14:04.688357,BTC-USDT,117649.3,117649.4,2582.0,435.0
2025-07-24T06:14:04.803693,ETH-USDT,3560.75,3560.76,4274.0,1654.0
2025-07-24T06:14:04.872148,ETH-USDT,3560.17,3560.57,6136.0,11560.0
2025-07-24T06:14:04.872186,BTC-USDT,117649.3,117649.4,2582.0,435.0
2025-07-24T06:14:04.976917,BTC-USDT,117649.3,117649.4,2582.0,404.0
2025-07-24T06:14:04.976957,ETH-USDT,3560.11,3560.54,12904.0,3742.0
2025-07-24T06:14:05.186530,ETH-USDT,3560.11,3560.13,1350.0,14530.0
2025-07-24T06:14:05.271292,ETH-USDT,3560.34,3560.36,4274.0,11543.0
2025-07-24T06:14:05.272158,BTC-USDT,117649.3,117649.4,2582.0,281.0
2025-07-24T06:14:05.473944,ETH-USDT,3560.34,3560.35,4274.0,854.0
2025-07-24T06:14:05.570607,ETH-USDT,3560.34,3560.35,4274.0,854.0
2025-07-24T06:14:05.571182,BTC-USDT,117649.3,117649.4,2582.0,281.0
2025-07-24T06:14:05.674428,ETH-USDT,3560.34,3560.36,4274.0,11543.0
2025-07-24T06:14:05.778316,ETH-USDT,3560.89,3561.87,4006.0,10548.0
2025-07-24T06:14:05.779949,BTC-USDT,117649.3,117649.4,125.0,168.0
2025-07-24T06:14:05.875285,ETH-USDT,3561.59,3561.64,4274.0,13755.0
2025-07-24T06:14:05.972519,ETH-USDT,3561.89,3561.93,4274.0,13423.0
2025-07-24T06:14:06.072646,ETH-USDT,3562.13,3562.16,4274.0,14621.0
2025-07-24T06:14:06.072715,BTC-USDT,117649.3,117649.4,125.0,126.0
2025-07-24T06:14:06.171318,ETH-USDT,3562.13,3562.14,4274.0,118.0
2025-07-24T06:14:06.172944,BTC-USDT,117649.3,117649.5,125.0,13653.0
2025-07-24T06:14:06.276858,BTC-USDT,117649.3,117649.4,125.0,18072.0
2025-07-24T06:14:06.475221,ETH-USDT,3562.17,3562.18,3091.0,950.0
2025-07-24T06:14:06.585997,BTC-USDT,117649.3,117649.4,125.0,520.0
2025-07-24T06:14:06.718931,BTC-USDT,117649.3,117649.4,125.0,383.0
2025-07-24T06:14:06.870831,ETH-USDT,3562.18,3562.2,517.0,6147.0
2025-07-24T06:14:06.871334,BTC-USDT,117649.3,117649.4,125.0,383.0
2025-07-24T06:14:07.070636,BTC-USDT,117649.3,117649.4,125.0,376.0
2025-07-24T06:14:07.184342,ETH-USDT,3562.16,3562.18,9625.0,3742.0
2025-07-24T06:14:07.373920,ETH-USDT,3562.18,3562.19,274.0,11796.0
2025-07-24T06:14:07.479213,ETH-USDT,3562.17,3562.18,1105.0,2539.0
2025-07-24T06:14:07.585561,BTC-USDT,117649.3,117649.4,125.0,376.0
2025-07-24T06:14:07.585588,ETH-USDT,3562.17,3562.2,1105.0,6147.0
2025-07-24T06:14:07.888539,BTC-USDT,117649.3,117649.4,125.0,363.0
2025-07-24T06:14:07.888591,ETH-USDT,3562.17,3562.18,1105.0,886.0
2025-07-24T06:14:07.976922,BTC-USDT,117649.3,117649.4,125.0,699.0
2025-07-24T06:14:07.976977,ETH-USDT,3562.17,3562.18,1105.0,886.0
2025-07-24T06:14:08.172166,ETH-USDT,3562.18,3562.2,3259.0,6147.0
2025-07-24T06:14:08.273960,BTC-USDT,117649.3,117649.4,125.0,695.0
2025-07-24T06:14:08.471729,ETH-USDT,3562.17,3562.18,1105.0,2369.0
2025-07-24T06:14:08.580404,ETH-USDT,3562.17,3562.18,1105.0,2369.0
2025-07-24T06:14:08.582942,BTC-USDT,117649.3,117649.4,125.0,695.0
2025-07-24T06:14:08.684473,BTC-USDT,117649.3,117649.5,125.0,13653.0
2025-07-24T06:14:08.684543,ETH-USDT,3562.17,3562.2,1105.0,6147.0
2025-07-24T06:14:08.799144,BTC-USDT,117649.3,117649.4,125.0,125.0
2025-07-24T06:14:08.804086,ETH-USDT,3562.29,3562.32,4274.0,14911.0
2025-07-24T06:14:08.974790,ETH-USDT,3562.47,3562.48,1008.0,991.0
2025-07-24T06:14:09.174177,ETH-USDT,3562.47,3562.48,1008.0,5726.0
2025-07-24T06:14:09.174254,BTC-USDT,117649.4,117649.5,202.0,13653.0
2025-07-24T06:14:09.282995,BTC-USDT,117649.3,117649.4,16033.0,4358.0
2025-07-24T06:14:09.383907,BTC-USDT,117649.3,117649.4,16033.0,4347.0
2025-07-24T06:14:09.475800,ETH-USDT,3562.48,3562.5,4274.0,13359.0
2025-07-24T06:14:09.578318,ETH-USDT,3562.48,3562.51,4274.0,15983.0
2025-07-24T06:14:09.578486,BTC-USDT,117649.3,117649.4,16033.0,4347.0
2025-07-24T06:14:09.684985,ETH-USDT,3562.49,3562.51,4274.0,15983.0
2025-07-24T06:14:09.774274,ETH-USDT,3562.7,3562.75,4274.0,11739.0
2025-07-24T06:14:09.774342,BTC-USDT,117649.2,117649.4,9947.0,4347.0
2025-07-24T06:14:09.871411,ETH-USDT,3562.81,3562.88,4274.0,6919.0
2025-07-24T06:14:09.978324,ETH-USDT,3563.03,3563.04,4274.0,328.0
2025-07-24T06:14:10.171265,ETH-USDT,3563.04,3563.07,4274.0,12694.0
2025-07-24T06:14:10.371027,ETH-USDT,3563.21,3563.24,4274.0,14128.0
2025-07-24T06:14:10.371257,BTC-USDT,117649.3,117649.4,103.0,4112.0
2025-07-24T06:14:10.481793,BTC-USDT,117649.3,117649.4,103.0,3751.0
2025-07-24T06:14:10.573280,ETH-USDT,3563.21,3563.22,3528.0,1099.0
2025-07-24T06:14:10.771505,ETH-USDT,3563.21,3563.22,3528.0,767.0
2025-07-24T06:14:10.771548,BTC-USDT,117649.3,117649.4,103.0,3483.0
2025-07-24T06:14:10.973745,ETH-USDT,3563.21,3563.22,3528.0,767.0
2025-07-24T06:14:11.090547,BTC-USDT,117649.3,117649.4,103.0,3472.0
2025-07-24T06:14:11.270526,ETH-USDT,3563.21,3563.22,3528.0,699.0
2025-07-24T06:14:11.371527,BTC-USDT,117649.3,117649.4,103.0,3433.0
2025-07-24T06:14:11.470727,ETH-USDT,3563.21,3563.22,3528.0,233.0
2025-07-24T06:14:11.572574,BTC-USDT,117649.3,117649.4,103.0,3433.0
2025-07-24T06:14:11.685586,BTC-USDT,117649.3,117649.4,103.0,3402.0
2025-07-24T06:14:11.770927,ETH-USDT,3563.22,3563.23,4297.0,7522.0
2025-07-24T06:14:11.871926,ETH-USDT,3563.21,3563.22,3528.0,1279.0
2025-07-24T06:14:11.872001,BTC-USDT,117649.3,117649.4,103.0,3402.0
2025-07-24T06:14:11.970981,ETH-USDT,3563.21,3563.22,3528.0,201.0
2025-07-24T06:14:11.971022,BTC-USDT,117649.3,117649.4,103.0,3401.0
2025-07-24T06:14:12.071059,ETH-USDT,3563.21,3563.22,3528.0,158.0
2025-07-24T06:14:12.272695,ETH-USDT,3563.21,3563.24,3528.0,14128.0
2025-07-24T06:14:12.272753,BTC-USDT,117649.3,117649.4,103.0,3383.0
2025-07-24T06:14:12.380264,ETH-USDT,3563.47,3563.5,4274.0,8679.0
2025-07-24T06:14:12.573617,BTC-USDT,117649.3,117649.4,103.0,3383.0
2025-07-24T06:14:12.575975,ETH-USDT,3563.63,3563.64,1200.0,11.0
2025-07-24T06:14:12.700696,ETH-USDT,3563.77,3563.81,10271.0,1197.0
2025-07-24T06:14:12.796779,ETH-USDT,3563.79,3563.84,9495.0,15365.0
2025-07-24T06:14:12.876803,BTC-USDT,117649.3,117649.4,103.0,3215.0
2025-07-24T06:14:12.971402,ETH-USDT,3563.92,3563.93,1888.0,14.0
2025-07-24T06:14:13.170858,BTC-USDT,117649.3,117649.4,103.0,3206.0
2025-07-24T06:14:13.273797,ETH-USDT,3563.99,3564.0,3522.0,335.0
2025-07-24T06:14:13.571306,ETH-USDT,3564.1,3564.11,918.0,907.0
2025-07-24T06:14:13.571393,BTC-USDT,117649.3,117649.4,103.0,2426.0
2025-07-24T06:14:13.675813,ETH-USDT,3564.28,3564.34,4274.0,13134.0
2025-07-24T06:14:13.771558,ETH-USDT,3564.4,3564.43,1919.0,6557.0
2025-07-24T06:14:13.870224,BTC-USDT,117649.3,117649.4,103.0,313.0
2025-07-24T06:14:13.870365,ETH-USDT,3564.54,3564.56,2304.0,7238.0
2025-07-24T06:14:13.971198,ETH-USDT,3564.74,3564.75,4274.0,17.0
2025-07-24T06:14:14.178057,ETH-USDT,3564.74,3564.75,3535.0,17.0
2025-07-24T06:14:14.278716,BTC-USDT,117649.3,117649.4,103.0,266.0
2025-07-24T06:14:14.378234,ETH-USDT,3564.73,3564.75,8328.0,2790.0
2025-07-24T06:14:14.471021,ETH-USDT,3564.54,3564.56,15281.0,565.0
2025-07-24T06:14:14.471280,BTC-USDT,117649.3,117649.4,103.0,180.0
2025-07-24T06:14:14.686242,ETH-USDT,3564.4,3564.43,7878.0,3324.0
2025-07-24T06:14:14.870772,BTC-USDT,117649.3,117649.4,103.0,180.0
2025-07-24T06:14:14.971357,BTC-USDT,117649.3,117649.4,103.0,1476.0
2025-07-24T06:14:14.971401,ETH-USDT,3564.17,3564.18,2612.0,1746.0
2025-07-24T06:14:15.278671,BTC-USDT,117649.3,117649.4,103.0,1328.0
2025-07-24T06:14:15.372274,ETH-USDT,3564.17,3564.18,2612.0,1523.0
2025-07-24T06:14:15.591579,ETH-USDT,3564.17,3564.18,2612.0,1523.0
2025-07-24T06:14:15.591653,BTC-USDT,117649.3,117649.4,103.0,1328.0
2025-07-24T06:14:15.778048,ETH-USDT,3564.17,3564.18,2612.0,1020.0
2025-07-24T06:14:15.975474,ETH-USDT,3564.17,3564.18,2612.0,1020.0
2025-07-24T06:14:16.074433,BTC-USDT,117649.3,117649.4,103.0,627.0
2025-07-24T06:14:16.176279,ETH-USDT,3564.17,3564.18,2612.0,943.0
2025-07-24T06:14:16.281973,BTC-USDT,117649.3,117649.4,103.0,623.0
2025-07-24T06:14:16.371484,ETH-USDT,3564.17,3564.18,2612.0,649.0
2025-07-24T06:14:16.570813,ETH-USDT,3564.17,3564.18,2612.0,649.0
2025-07-24T06:14:16.571109,BTC-USDT,117649.3,117649.4,103.0,623.0
2025-07-24T06:14:16.796652,ETH-USDT,3564.18,3564.19,7519.0,6808.0
2025-07-24T06:14:16.972201,ETH-USDT,3564.17,3564.18,2612.0,3742.0
2025-07-24T06:14:17.271270,BTC-USDT,117649.3,117649.4,103.0,491.0
2025-07-24T06:14:17.471002,BTC-USDT,117649.3,117649.4,103.0,489.0
2025-07-24T06:14:17.471070,ETH-USDT,3564.17,3564.18,2612.0,1617.0
2025-07-24T06:14:17.870939,BTC-USDT,117649.3,117649.4,103.0,489.0
2025-07-24T06:14:17.971744,ETH-USDT,3564.17,3564.18,2612.0,848.0
2025-07-24T06:14:18.074252,BTC-USDT,117649.3,117649.4,103.0,485.0
2025-07-24T06:14:18.373784,ETH-USDT,3564.16,3564.18,6979.0,848.0
2025-07-24T06:14:18.373836,BTC-USDT,117649.3,117649.4,103.0,476.0
2025-07-24T06:14:18.477071,ETH-USDT,3564.16,3564.17,6979.0,3742.0
2025-07-24T06:14:18.578009,BTC-USDT,117649.3,117649.4,103.0,476.0
2025-07-24T06:14:18.771337,ETH-USDT,3564.16,3564.18,6979.0,848.0
2025-07-24T06:14:18.871637,ETH-USDT,3564.35,3564.43,2058.0,13466.0
2025-07-24T06:14:18.972643,BTC-USDT,117649.3,117649.4,103.0,449.0
2025-07-24T06:14:18.972703,ETH-USDT,3564.36,3564.43,5352.0,13466.0
2025-07-24T06:14:19.173467,ETH-USDT,3564.4,3564.43,15657.0,156.0
2025-07-24T06:14:19.273764,ETH-USDT,3564.38,3564.43,14638.0,156.0
2025-07-24T06:14:19.377718,ETH-USDT,3564.25,3564.27,11222.0,3742.0
2025-07-24T06:14:19.377784,BTC-USDT,117649.3,117649.4,103.0,110.0
2025-07-24T06:14:19.570200,ETH-USDT,3564.26,3564.27,884.0,3742.0
2025-07-24T06:14:19.570383,BTC-USDT,117649.3,117649.4,103.0,110.0
2025-07-24T06:14:19.672173,ETH-USDT,3564.25,3564.27,11222.0,3509.0
2025-07-24T06:14:19.672215,BTC-USDT,117649.3,117649.4,103.0,101.0
2025-07-24T06:14:19.775755,BTC-USDT,117638.7,117649.4,6290.0,101.0
2025-07-24T06:14:19.775807,ETH-USDT,3564.06,3564.08,11914.0,3742.0
2025-07-24T06:14:19.871557,BTC-USDT,117636.6,117643.5,12577.0,1132.0
2025-07-24T06:14:19.871991,ETH-USDT,3564.0,3564.03,15096.0,302.0
2025-07-24T06:14:19.970739,BTC-USDT,117635.4,117636.6,7508.0,10279.0
2025-07-24T06:14:19.971435,ETH-USDT,3563.51,3563.54,9206.0,3054.0
2025-07-24T06:14:22.137723,ETH-USDT,3563.53,3563.55,4274.0,12293.0
2025-07-24T06:14:22.137768,BTC-USDT,117634.2,117635.3,8109.0,10512.0
2025-07-24T06:14:22.137814,ETH-USDT,3563.77,3563.85,834.0,14181.0
2025-07-24T06:14:22.137861,BTC-USDT,117632.8,117633.2,6420.0,10001.0
2025-07-24T06:14:23.253831,ETH-USDT,3564.35,3564.44,1230.0,14150.0
2025-07-24T06:14:23.253916,ETH-USDT,3564.82,3564.88,609.0,15378.0
2025-07-24T06:14:23.253957,BTC-USDT,117632.8,117632.9,6420.0,183.0
2025-07-24T06:14:23.253996,BTC-USDT,117632.8,117632.9,6420.0,127.0
2025-07-24T06:14:23.254035,ETH-USDT,3564.86,3564.88,3329.0,15378.0
2025-07-24T06:14:23.254074,ETH-USDT,3565.11,3565.12,4274.0,3742.0
2025-07-24T06:14:23.254105,BTC-USDT,117632.8,117632.9,6420.0,127.0
2025-07-24T06:14:23.254135,BTC-USDT,117632.8,117632.9,6420.0,103.0
2025-07-24T06:14:23.254171,ETH-USDT,3565.12,3565.16,3297.0,13443.0
2025-07-24T06:14:23.254214,BTC-USDT,117632.8,117632.9,6420.0,103.0
2025-07-24T06:14:23.254251,ETH-USDT,3565.11,3565.12,4274.0,257.0
2025-07-24T06:14:23.254287,BTC-USDT,117632.9,117633.0,126.0,12841.0
2025-07-24T06:14:23.254317,ETH-USDT,3565.08,3565.12,12102.0,257.0
2025-07-24T06:14:23.254346,BTC-USDT,117632.8,117632.9,6420.0,176.0
2025-07-24T06:14:23.254381,ETH-USDT,3565.11,3565.12,1222.0,257.0
2025-07-24T06:14:23.284963,BTC-USDT,117634.0,117635.3,7380.0,10512.0
2025-07-24T06:14:23.285034,BTC-USDT,117634.0,117635.4,6818.0,11447.0
2025-07-24T06:14:23.285068,ETH-USDT,3565.38,3565.47,4274.0,8586.0
2025-07-24T06:14:23.285099,BTC-USDT,117636.6,117637.6,6301.0,9597.0
2025-07-24T06:14:23.285126,ETH-USDT,3565.55,3565.64,8425.0,13108.0
2025-07-24T06:14:23.285152,ETH-USDT,3565.77,3565.81,4274.0,11885.0
2025-07-24T06:14:23.285178,ETH-USDT,3565.77,3565.85,4274.0,8314.0
2025-07-24T06:14:23.285202,BTC-USDT,117636.7,117636.8,1744.0,113.0
2025-07-24T06:14:23.285227,ETH-USDT,3565.95,3566.04,7717.0,8074.0
2025-07-24T06:14:23.285251,BTC-USDT,117638.0,117638.7,12854.0,12392.0
2025-07-24T06:14:23.285277,ETH-USDT,3566.02,3566.1,947.0,6906.0
2025-07-24T06:14:23.285302,BTC-USDT,117641.1,117642.0,390.0,9781.0
2025-07-24T06:14:23.285326,ETH-USDT,3566.11,3566.12,3327.0,681.0
2025-07-24T06:14:23.285349,BTC-USDT,117648.6,117648.7,1101.0,142.0
2025-07-24T06:14:23.285372,ETH-USDT,3566.11,3566.12,3327.0,681.0
2025-07-24T06:14:23.285397,BTC-USDT,117649.5,117649.9,852.0,8404.0
2025-07-24T06:14:23.330452,ETH-USDT,3566.12,3566.13,780.0,6538.0
2025-07-24T06:14:23.330486,BTC-USDT,117649.5,117649.6,852.0,147.0
2025-07-24T06:14:23.373037,ETH-USDT,3566.11,3566.12,3327.0,3715.0
2025-07-24T06:14:23.374622,BTC-USDT,117649.5,117649.6,852.0,102.0
2025-07-24T06:14:24.030218,ETH-USDT,3566.11,3566.12,3327.0,2718.0
2025-07-24T06:14:24.030239,BTC-USDT,117649.5,117649.6,852.0,102.0
2025-07-24T06:14:24.030259,ETH-USDT,3566.11,3566.12,3327.0,2718.0
2025-07-24T06:14:24.030276,BTC-USDT,117649.5,117649.6,852.0,82.0
2025-07-24T06:14:24.030296,ETH-USDT,3566.11,3566.14,3327.0,15280.0
2025-07-24T06:14:24.030318,ETH-USDT,3566.21,3566.25,1424.0,7814.0
2025-07-24T06:14:24.030342,BTC-USDT,117649.5,117649.6,852.0,15142.0
2025-07-24T06:14:24.030365,ETH-USDT,3566.39,3566.44,4274.0,13775.0
2025-07-24T06:14:24.083220,ETH-USDT,3566.59,3566.66,42.0,12188.0
2025-07-24T06:14:24.172778,ETH-USDT,3566.59,3566.84,42.0,14298.0
2025-07-24T06:14:24.270120,BTC-USDT,117649.5,117649.7,852.0,8071.0
2025-07-24T06:14:24.270496,ETH-USDT,3566.82,3566.84,4274.0,14298.0
2025-07-24T06:14:24.370082,BTC-USDT,117649.5,117649.6,852.0,18586.0
2025-07-24T06:14:24.470811,BTC-USDT,117649.5,117649.7,852.0,8071.0
2025-07-24T06:14:24.470992,ETH-USDT,3566.82,3566.86,4274.0,13092.0
2025-07-24T06:14:24.570188,BTC-USDT,117665.4,117666.8,3199.0,14835.0
2025-07-24T06:14:24.570235,ETH-USDT,3567.13,3567.2,37.0,8349.0
2025-07-24T06:14:24.670768,BTC-USDT,117669.6,117674.6,252.0,8214.0
2025-07-24T06:14:24.670826,ETH-USDT,3567.14,3567.2,10000.0,1403.0
2025-07-24T06:14:25.322815,BTC-USDT,117680.8,117682.0,726.0,7474.0
2025-07-24T06:14:25.322842,ETH-USDT,3567.19,3567.2,3170.0,1403.0
2025-07-24T06:14:25.322864,BTC-USDT,117680.8,117681.0,726.0,11744.0
2025-07-24T06:14:25.323171,ETH-USDT,3567.19,3567.2,3170.0,1403.0
2025-07-24T06:14:25.323299,BTC-USDT,117680.8,117680.9,726.0,786.0
2025-07-24T06:14:25.323417,BTC-USDT,117680.8,117680.9,726.0,772.0
2025-07-24T06:14:25.323536,ETH-USDT,3567.2,3567.24,235.0,8447.0
2025-07-24T06:14:25.471119,ETH-USDT,3567.24,3567.27,4274.0,10948.0
2025-07-24T06:14:25.471160,BTC-USDT,117680.8,117680.9,726.0,734.0
2025-07-24T06:14:25.571143,ETH-USDT,3567.3,3567.33,13132.0,11060.0
2025-07-24T06:14:25.770171,BTC-USDT,117681.3,117681.4,1785.0,10139.0
2025-07-24T06:14:25.882276,ETH-USDT,3567.27,3567.32,13262.0,2255.0
2025-07-24T06:14:25.882352,BTC-USDT,117681.3,117681.5,1785.0,13142.0
2025-07-24T06:14:25.971179,ETH-USDT,3567.31,3567.32,306.0,3742.0
2025-07-24T06:14:26.078514,BTC-USDT,117682.3,117682.5,987.0,12887.0
2025-07-24T06:14:26.170665,ETH-USDT,3567.31,3567.32,306.0,1723.0
2025-07-24T06:14:26.170703,BTC-USDT,117685.8,117685.9,824.0,834.0
2025-07-24T06:14:26.309118,ETH-USDT,3567.31,3567.32,306.0,3742.0
2025-07-24T06:14:26.370776,BTC-USDT,117685.8,117686.0,824.0,10407.0
2025-07-24T06:14:26.572930,ETH-USDT,3567.31,3567.32,306.0,2682.0
2025-07-24T06:14:26.573134,BTC-USDT,117687.1,117687.2,1034.0,357.0
2025-07-24T06:14:26.674183,BTC-USDT,117687.1,117687.2,861.0,357.0
2025-07-24T06:14:26.774222,ETH-USDT,3567.31,3567.32,306.0,1881.0
2025-07-24T06:14:26.872093,BTC-USDT,117687.1,117687.2,861.0,357.0
2025-07-24T06:14:26.994728,BTC-USDT,117687.1,117687.2,861.0,336.0
2025-07-24T06:14:26.994994,ETH-USDT,3567.31,3567.32,306.0,1881.0
2025-07-24T06:14:27.173669,ETH-USDT,3567.31,3567.32,306.0,1504.0
2025-07-24T06:14:27.371191,BTC-USDT,117687.3,117687.4,1452.0,11411.0
2025-07-24T06:14:27.577889,ETH-USDT,3567.31,3567.32,306.0,1504.0
2025-07-24T06:14:27.577986,BTC-USDT,117687.3,117687.4,1452.0,11411.0
2025-07-24T06:14:27.677495,BTC-USDT,117687.3,117687.4,1097.0,11411.0
2025-07-24T06:14:27.677576,ETH-USDT,3567.32,3567.33,552.0,11060.0
2025-07-24T06:14:27.770265,BTC-USDT,117691.1,117691.5,1163.0,7402.0
2025-07-24T06:14:27.770828,ETH-USDT,3567.31,3567.32,306.0,3532.0
2025-07-24T06:14:28.071530,ETH-USDT,3567.31,3567.32,306.0,3548.0
2025-07-24T06:14:28.170918,BTC-USDT,117691.1,117691.2,1163.0,120.0
2025-07-24T06:14:28.275056,BTC-USDT,117691.1,117691.2,1163.0,933.0
2025-07-24T06:14:28.372261,ETH-USDT,3567.31,3567.32,306.0,3255.0
2025-07-24T06:14:28.570976,BTC-USDT,117691.1,117691.2,1163.0,925.0
2025-07-24T06:14:28.571462,ETH-USDT,3567.31,3567.32,306.0,3255.0
2025-07-24T06:14:28.692513,BTC-USDT,117691.1,117691.3,1163.0,7438.0
2025-07-24T06:14:28.798613,ETH-USDT,3567.31,3567.32,306.0,2835.0
2025-07-24T06:14:28.871445,BTC-USDT,117691.1,117691.2,1163.0,273.0
2025-07-24T06:14:28.971142,ETH-USDT,3567.31,3567.32,306.0,2769.0
2025-07-24T06:14:28.971501,BTC-USDT,117691.1,117691.2,1163.0,256.0
2025-07-24T06:14:29.201712,ETH-USDT,3567.31,3567.32,306.0,3742.0
2025-07-24T06:14:29.201771,BTC-USDT,117691.1,117691.2,1163.0,226.0
2025-07-24T06:14:29.270535,ETH-USDT,3567.24,3567.26,83.0,7572.0
2025-07-24T06:14:29.270582,BTC-USDT,117691.1,117691.2,1163.0,337.0
2025-07-24T06:14:29.570284,ETH-USDT,3567.24,3567.25,83.0,2409.0
2025-07-24T06:14:29.970716,ETH-USDT,3567.24,3567.25,83.0,448.0
2025-07-24T06:14:29.970858,BTC-USDT,117691.1,117691.2,1163.0,262.0
2025-07-24T06:14:30.270978,BTC-USDT,117691.1,117691.2,1163.0,236.0
2025-07-24T06:14:30.271134,ETH-USDT,3567.25,3567.26,1730.0,7572.0
2025-07-24T06:14:30.571465,ETH-USDT,3567.24,3567.25,83.0,3742.0
2025-07-24T06:14:30.571658,BTC-USDT,117691.1,117691.2,1163.0,236.0
2025-07-24T06:14:30.773555,ETH-USDT,3567.24,3567.25,83.0,2802.0
2025-07-24T06:14:30.773598,BTC-USDT,117691.2,117691.3,7.0,7438.0
2025-07-24T06:14:30.870654,BTC-USDT,117691.1,117691.2,1163.0,261.0
2025-07-24T06:14:30.971226,BTC-USDT,117691.2,117691.5,15001.0,7402.0
2025-07-24T06:14:30.971264,ETH-USDT,3567.24,3567.25,83.0,2802.0
2025-07-24T06:14:31.071615,BTC-USDT,117691.4,117693.2,19.0,10887.0
2025-07-24T06:14:31.183177,BTC-USDT,117694.7,117695.0,700.0,11017.0
2025-07-24T06:14:31.183225,ETH-USDT,3567.3,3567.32,3107.0,565.0
2025-07-24T06:14:31.270567,BTC-USDT,117694.7,117708.8,248.0,9768.0
2025-07-24T06:14:31.371504,BTC-USDT,117699.8,117700.0,701.0,6867.0
2025-07-24T06:14:31.571159,ETH-USDT,3567.31,3567.32,4274.0,565.0
2025-07-24T06:14:31.571201,BTC-USDT,117699.8,117699.9,701.0,894.0
2025-07-24T06:14:31.676047,ETH-USDT,3567.31,3567.32,774.0,565.0
2025-07-24T06:14:31.785479,ETH-USDT,3567.31,3567.32,4274.0,565.0
2025-07-24T06:14:31.875956,BTC-USDT,117699.8,117699.9,701.0,732.0
2025-07-24T06:14:32.071132,ETH-USDT,3567.74,3567.78,1116.0,117.0
2025-07-24T06:14:32.196014,BTC-USDT,117699.8,117700.0,701.0,6867.0
2025-07-24T06:14:32.271958,ETH-USDT,3567.63,3567.96,5933.0,11797.0
2025-07-24T06:14:32.272002,BTC-USDT,117741.3,117746.2,3170.0,175.0
2025-07-24T06:14:32.373382,ETH-USDT,3567.94,3567.95,2123.0,1096.0
2025-07-24T06:14:32.470492,BTC-USDT,117746.5,117755.5,14427.0,15161.0
2025-07-24T06:14:32.575925,ETH-USDT,3567.94,3567.95,1077.0,874.0
2025-07-24T06:14:32.575967,BTC-USDT,117751.6,117752.2,1786.0,671.0
2025-07-24T06:14:32.670050,ETH-USDT,3567.94,3567.95,390.0,874.0
2025-07-24T06:14:32.670091,BTC-USDT,117751.6,117752.2,1786.0,671.0
2025-07-24T06:14:32.776259,ETH-USDT,3567.94,3567.96,390.0,11797.0
2025-07-24T06:14:32.875513,ETH-USDT,3567.99,3568.03,470.0,8748.0
2025-07-24T06:14:32.875622,BTC-USDT,117751.9,117752.1,1488.0,661.0
2025-07-24T06:14:32.971969,BTC-USDT,117752.0,117752.1,305.0,661.0
2025-07-24T06:14:32.972036,ETH-USDT,3567.99,3569.13,470.0,11676.0
2025-07-24T06:14:33.074539,ETH-USDT,3568.59,3568.71,4231.0,321.0
2025-07-24T06:14:33.172329,ETH-USDT,3568.68,3568.69,3079.0,2694.0
2025-07-24T06:14:33.271263,ETH-USDT,3568.68,3568.69,4.0,2185.0
2025-07-24T06:14:33.374245,BTC-USDT,117752.1,117752.2,994.0,15405.0
2025-07-24T06:14:33.374291,ETH-USDT,3568.53,3568.69,7356.0,2185.0
2025-07-24T06:14:33.479503,ETH-USDT,3568.57,3568.69,12477.0,2185.0
2025-07-24T06:14:33.479570,BTC-USDT,117752.0,117752.1,305.0,681.0
2025-07-24T06:14:33.570396,ETH-USDT,3568.66,3568.69,6558.0,2185.0
2025-07-24T06:14:33.678111,BTC-USDT,117752.0,117752.1,305.0,593.0
2025-07-24T06:14:33.882135,ETH-USDT,3568.53,3568.66,4274.0,12744.0
2025-07-24T06:14:34.005524,ETH-USDT,3568.67,3568.69,6435.0,2185.0
2025-07-24T06:14:34.005585,BTC-USDT,117752.0,117752.1,305.0,552.0
2025-07-24T06:14:34.076780,ETH-USDT,3568.55,3568.56,2573.0,1577.0
2025-07-24T06:14:34.171160,ETH-USDT,3568.79,3569.09,9829.0,5824.0
2025-07-24T06:14:34.473367,BTC-USDT,117752.0,117752.1,305.0,463.0
2025-07-24T06:14:34.473419,ETH-USDT,3568.83,3568.86,5684.0,3044.0
2025-07-24T06:14:34.570932,ETH-USDT,3569.32,3569.35,676.0,11415.0
2025-07-24T06:14:34.571285,BTC-USDT,117752.0,117752.1,305.0,463.0
2025-07-24T06:14:34.679387,BTC-USDT,117752.0,117752.1,305.0,372.0
2025-07-24T06:14:34.785285,ETH-USDT,3569.42,3569.46,4274.0,10901.0
2025-07-24T06:14:34.785335,BTC-USDT,117752.0,117752.1,305.0,327.0
2025-07-24T06:14:34.870459,ETH-USDT,3569.43,3569.48,6395.0,14061.0
2025-07-24T06:14:34.971564,BTC-USDT,117752.0,117752.2,305.0,15405.0
2025-07-24T06:14:34.971622,ETH-USDT,3569.45,3569.48,4623.0,310.0
2025-07-24T06:14:35.073626,ETH-USDT,3569.47,3569.54,2426.0,11855.0
2025-07-24T06:14:35.073674,BTC-USDT,117752.1,117753.2,3135.0,1248.0
2025-07-24T06:14:35.171412,ETH-USDT,3569.51,3569.54,4274.0,11855.0
2025-07-24T06:14:35.171456,BTC-USDT,117754.9,117756.1,878.0,11493.0
2025-07-24T06:14:35.290126,BTC-USDT,117755.0,117756.5,4910.0,13611.0
2025-07-24T06:14:35.371341,ETH-USDT,3569.46,3569.52,14697.0,3551.0
2025-07-24T06:14:35.484068,ETH-USDT,3569.47,3569.48,1381.0,263.0
2025-07-24T06:14:35.571155,BTC-USDT,117755.0,117755.1,4910.0,26.0
2025-07-24T06:14:35.571205,ETH-USDT,3569.47,3569.48,1381.0,263.0
2025-07-24T06:14:35.770199,ETH-USDT,3569.48,3569.5,1600.0,10217.0
2025-07-24T06:14:35.871566,BTC-USDT,117755.0,117755.1,8301.0,26.0
2025-07-24T06:14:35.983051,BTC-USDT,117758.1,117758.4,7209.0,6839.0
2025-07-24T06:14:35.983129,ETH-USDT,3569.47,3569.48,1381.0,370.0
2025-07-24T06:14:36.171430,ETH-USDT,3569.34,3569.36,1441.0,1327.0
2025-07-24T06:14:36.299860,BTC-USDT,117755.0,117755.1,793.0,5369.0
2025-07-24T06:14:36.470456,ETH-USDT,3569.34,3569.36,1441.0,1327.0
2025-07-24T06:14:36.570945,ETH-USDT,3569.47,3569.48,4274.0,1147.0
2025-07-24T06:14:36.570984,BTC-USDT,117755.0,117755.1,793.0,5369.0
2025-07-24T06:14:36.674366,BTC-USDT,117755.0,117755.1,793.0,5334.0
2025-07-24T06:14:36.771274,ETH-USDT,3569.44,3569.48,12134.0,1147.0
2025-07-24T06:14:36.871280,BTC-USDT,117755.0,117755.1,793.0,5334.0
2025-07-24T06:14:36.993225,ETH-USDT,3569.34,3569.35,41.0,3742.0
2025-07-24T06:14:37.070161,BTC-USDT,117755.0,117755.1,793.0,4038.0
2025-07-24T06:14:37.274862,BTC-USDT,117755.0,117755.1,793.0,3012.0
2025-07-24T06:14:37.371212,ETH-USDT,3568.72,3569.35,9433.0,1761.0
2025-07-24T06:14:37.371321,BTC-USDT,117755.0,117755.1,268.0,3012.0
2025-07-24T06:14:37.470838,ETH-USDT,3569.15,3569.16,2536.0,940.0
2025-07-24T06:14:37.605438,BTC-USDT,117754.9,117755.0,6094.0,1367.0
2025-07-24T06:14:37.770461,ETH-USDT,3569.15,3569.16,2536.0,879.0
2025-07-24T06:14:37.874644,BTC-USDT,117755.0,117755.1,1201.0,2803.0
2025-07-24T06:14:37.972513,ETH-USDT,3569.15,3569.17,2536.0,12910.0
2025-07-24T06:14:38.076707,BTC-USDT,117755.0,117755.1,1201.0,1577.0
2025-07-24T06:14:38.076752,ETH-USDT,3570.91,3571.03,2.0,13921.0
2025-07-24T06:14:38.177555,ETH-USDT,3571.01,3571.09,6502.0,10630.0
2025-07-24T06:14:38.270359,ETH-USDT,3571.03,3571.06,4133.0,3742.0
2025-07-24T06:14:38.370763,BTC-USDT,117755.0,117755.1,1201.0,1568.0
2025-07-24T06:14:38.470489,ETH-USDT,3571.02,3571.03,248.0,3742.0
2025-07-24T06:14:38.585611,BTC-USDT,117755.0,117755.1,1201.0,182.0
2025-07-24T06:14:38.676121,ETH-USDT,3571.01,3571.03,8129.0,3742.0
2025-07-24T06:14:38.676164,BTC-USDT,117755.0,117755.1,1201.0,139.0
2025-07-24T06:14:38.779629,ETH-USDT,3571.0,3571.03,22000.0,8013.0
2025-07-24T06:14:38.869927,ETH-USDT,3571.0,3571.02,22000.0,12206.0
2025-07-24T06:14:38.970949,ETH-USDT,3570.99,3571.02,11000.0,12206.0
2025-07-24T06:14:39.073714,BTC-USDT,117755.1,117755.2,3618.0,7372.0
2025-07-24T06:14:39.073764,ETH-USDT,3570.48,3570.67,8102.0,474.0
2025-07-24T06:14:39.171166,ETH-USDT,3570.42,3570.44,207.0,6259.0
2025-07-24T06:14:39.171387,BTC-USDT,117755.0,117755.1,1201.0,1686.0
2025-07-24T06:14:39.271194,ETH-USDT,3570.42,3570.44,207.0,1.0
2025-07-24T06:14:39.505918,BTC-USDT,117755.0,117755.1,1201.0,1660.0
2025-07-24T06:14:39.570822,ETH-USDT,3570.42,3570.43,207.0,3742.0
2025-07-24T06:14:39.671111,ETH-USDT,3570.42,3570.43,207.0,2738.0
2025-07-24T06:14:39.770964,BTC-USDT,117755.0,117755.1,1201.0,1500.0
2025-07-24T06:14:39.871442,ETH-USDT,3570.43,3570.47,217.0,15434.0
2025-07-24T06:14:39.970465,ETH-USDT,3570.47,3570.55,6236.0,15767.0
2025-07-24T06:14:40.072508,BTC-USDT,117755.0,117755.1,1201.0,1323.0
2025-07-24T06:14:40.171352,ETH-USDT,3571.0,3571.03,3818.0,14398.0
2025-07-24T06:14:40.272851,ETH-USDT,3571.0,3571.28,3818.0,7132.0
2025-07-24T06:14:40.371062,BTC-USDT,117755.0,117755.1,1201.0,126.0
2025-07-24T06:14:40.371198,ETH-USDT,3571.18,3571.19,4274.0,47.0
2025-07-24T06:14:40.479927,ETH-USDT,3571.37,3571.74,14279.0,4553.0
2025-07-24T06:14:40.576379,BTC-USDT,117755.0,117755.1,1201.0,126.0
2025-07-24T06:14:40.576427,ETH-USDT,3571.42,3571.45,3901.0,677.0
2025-07-24T06:14:40.770634,BTC-USDT,117755.1,117755.2,340.0,7372.0
2025-07-24T06:14:40.770682,ETH-USDT,3571.43,3571.45,11857.0,677.0
2025-07-24T06:14:40.875718,BTC-USDT,117755.0,117755.1,1201.0,1414.0
2025-07-24T06:14:40.875764,ETH-USDT,3570.74,3571.0,9673.0,7223.0
2025-07-24T06:14:40.971375,ETH-USDT,3570.95,3570.96,4274.0,43.0
2025-07-24T06:14:40.971512,BTC-USDT,117754.9,117755.1,6094.0,1414.0
2025-07-24T06:14:41.070278,ETH-USDT,3571.18,3571.23,4274.0,15217.0
2025-07-24T06:14:41.070321,BTC-USDT,117754.3,117754.5,14014.0,5641.0
2025-07-24T06:14:41.175609,BTC-USDT,117747.4,117748.7,14265.0,1745.0
2025-07-24T06:14:41.272121,ETH-USDT,3571.18,3571.23,4274.0,15217.0
2025-07-24T06:14:41.272165,BTC-USDT,117745.4,117745.9,6328.0,6417.0
2025-07-24T06:14:41.370557,ETH-USDT,3571.27,3571.29,4274.0,8420.0
2025-07-24T06:14:41.495736,ETH-USDT,3571.27,3571.28,4274.0,538.0
2025-07-24T06:14:41.495793,BTC-USDT,117740.0,117740.1,879.0,3310.0
2025-07-24T06:14:41.870233,BTC-USDT,117740.0,117740.1,218.0,3310.0
2025-07-24T06:14:41.870461,ETH-USDT,3571.28,3571.29,480.0,8420.0
2025-07-24T06:14:41.983354,BTC-USDT,117740.0,117740.1,218.0,3257.0
2025-07-24T06:14:41.983406,ETH-USDT,3571.27,3571.28,4274.0,2328.0
2025-07-24T06:14:42.270533,ETH-USDT,3571.28,3571.29,1692.0,8420.0
2025-07-24T06:14:42.371438,BTC-USDT,117740.0,117740.1,218.0,3240.0
2025-07-24T06:14:42.576448,ETH-USDT,3571.27,3571.28,4274.0,1050.0
2025-07-24T06:14:42.576495,BTC-USDT,117740.0,117740.1,218.0,3240.0
2025-07-24T06:14:42.670013,ETH-USDT,3571.28,3571.29,718.0,8420.0
2025-07-24T06:14:42.870795,BTC-USDT,117740.0,117740.1,218.0,3122.0
2025-07-24T06:14:42.970264,ETH-USDT,3571.27,3571.28,4274.0,1179.0
2025-07-24T06:14:43.071134,BTC-USDT,117740.0,117740.1,218.0,3121.0
2025-07-24T06:14:43.382281,ETH-USDT,3571.25,3571.28,15927.0,486.0
2025-07-24T06:14:43.470759,ETH-USDT,3571.05,3571.09,216.0,9684.0
2025-07-24T06:14:43.569912,BTC-USDT,117740.0,117740.1,218.0,3044.0
2025-07-24T06:14:43.570068,ETH-USDT,3571.05,3571.06,216.0,3742.0
2025-07-24T06:14:43.669906,ETH-USDT,3571.0,3571.06,9759.0,3742.0
2025-07-24T06:14:43.670175,BTC-USDT,117739.9,117740.1,10408.0,3044.0
2025-07-24T06:14:43.778330,ETH-USDT,3570.81,3570.85,13596.0,3530.0
2025-07-24T06:14:43.778373,BTC-USDT,117737.1,117740.1,6624.0,3530.0
2025-07-24T06:14:43.870347,ETH-USDT,3570.64,3570.67,2172.0,4337.0
2025-07-24T06:14:43.870473,BTC-USDT,117736.9,117737.2,15956.0,9457.0
2025-07-24T06:14:43.970792,ETH-USDT,3570.58,3570.66,14917.0,11029.0
2025-07-24T06:14:43.970851,BTC-USDT,117731.2,117734.2,11572.0,7388.0
2025-07-24T06:14:44.084361,ETH-USDT,3570.5,3570.55,10521.0,3742.0
2025-07-24T06:14:44.084415,BTC-USDT,117729.5,117729.7,12002.0,6343.0
2025-07-24T06:14:44.170197,ETH-USDT,3569.81,3570.3,5764.0,1367.0
2025-07-24T06:14:44.170439,BTC-USDT,117723.5,117723.6,3298.0,7240.0
2025-07-24T06:14:44.370065,ETH-USDT,3570.08,3570.13,536.0,6469.0
2025-07-24T06:14:44.470441,ETH-USDT,3570.32,3570.33,692.0,3189.0
2025-07-24T06:14:44.571108,BTC-USDT,117723.5,117723.6,3298.0,7240.0
2025-07-24T06:14:44.673051,ETH-USDT,3570.27,3570.28,7654.0,9308.0
2025-07-24T06:14:44.870307,BTC-USDT,117723.5,117723.6,3298.0,6824.0
2025-07-24T06:14:44.969888,ETH-USDT,3570.32,3570.33,875.0,3189.0
2025-07-24T06:14:45.070466,BTC-USDT,117723.5,117723.6,3298.0,6355.0
2025-07-24T06:14:45.186463,ETH-USDT,3570.32,3570.33,107.0,2632.0
2025-07-24T06:14:45.270142,ETH-USDT,3570.32,3570.33,2152.0,2632.0
2025-07-24T06:14:45.270541,BTC-USDT,117723.5,117723.6,3298.0,6342.0
2025-07-24T06:14:45.570908,ETH-USDT,3570.31,3570.32,289.0,3742.0
2025-07-24T06:14:45.570958,BTC-USDT,117723.5,117723.6,3298.0,6342.0
2025-07-24T06:14:45.770750,ETH-USDT,3570.31,3570.32,289.0,2707.0
2025-07-24T06:14:45.770806,BTC-USDT,117723.5,117723.6,3298.0,6135.0
2025-07-24T06:14:45.870459,ETH-USDT,3570.31,3570.32,289.0,3122.0
2025-07-24T06:14:45.870743,BTC-USDT,117723.5,117723.6,3298.0,6135.0
2025-07-24T06:14:45.970294,ETH-USDT,3570.31,3570.32,289.0,1446.0
2025-07-24T06:14:45.970526,BTC-USDT,117723.5,117723.6,3298.0,6121.0
2025-07-24T06:14:46.270571,ETH-USDT,3570.31,3570.32,236.0,1446.0
2025-07-24T06:14:46.270798,BTC-USDT,117723.5,117723.6,3298.0,6097.0
2025-07-24T06:14:46.370778,ETH-USDT,3570.32,3570.33,2796.0,2632.0
2025-07-24T06:14:46.573503,ETH-USDT,3570.31,3570.32,236.0,2705.0
2025-07-24T06:14:46.575698,BTC-USDT,117723.5,117723.6,3298.0,6097.0
2025-07-24T06:14:46.673646,ETH-USDT,3570.32,3570.33,253.0,2632.0
2025-07-24T06:14:46.673693,BTC-USDT,117723.5,117723.6,3298.0,5978.0
2025-07-24T06:14:46.771008,ETH-USDT,3570.3,3570.32,11184.0,3742.0
2025-07-24T06:14:46.901048,ETH-USDT,3569.64,3570.32,5294.0,3742.0
2025-07-24T06:14:46.970201,BTC-USDT,117723.5,117723.6,3298.0,5977.0
2025-07-24T06:14:46.970245,ETH-USDT,3570.04,3570.05,1274.0,891.0
2025-07-24T06:14:47.072082,ETH-USDT,3570.48,3570.49,4274.0,2519.0
2025-07-24T06:14:47.174387,ETH-USDT,3571.0,3571.01,2222.0,3032.0
2025-07-24T06:14:47.274199,ETH-USDT,3570.78,3570.83,10555.0,9452.0
2025-07-24T06:14:47.475180,BTC-USDT,117723.5,117723.6,3298.0,1112.0
2025-07-24T06:14:47.575794,BTC-USDT,117723.5,117723.6,3298.0,1112.0
2025-07-24T06:14:47.575834,ETH-USDT,3570.79,3570.8,1815.0,3742.0
2025-07-24T06:14:47.772683,BTC-USDT,117723.5,117723.6,3298.0,1090.0
2025-07-24T06:14:47.870075,ETH-USDT,3570.24,3570.8,4370.0,2920.0
2025-07-24T06:14:47.971726,ETH-USDT,3570.43,3570.49,10479.0,1685.0
2025-07-24T06:14:48.070963,ETH-USDT,3570.47,3570.48,266.0,3742.0
2025-07-24T06:14:48.171229,BTC-USDT,117723.5,117723.6,3298.0,2799.0
2025-07-24T06:14:48.270643,ETH-USDT,3570.43,3570.48,10479.0,3742.0
2025-07-24T06:14:48.378840,ETH-USDT,3569.87,3569.88,4068.0,2563.0
2025-07-24T06:14:48.576190,BTC-USDT,117723.5,117723.6,3298.0,2799.0
2025-07-24T06:14:48.576228,ETH-USDT,3569.83,3569.88,9216.0,2563.0
2025-07-24T06:14:48.676365,BTC-USDT,117723.5,117723.6,3298.0,2744.0
2025-07-24T06:14:48.676415,ETH-USDT,3569.87,3569.88,650.0,1562.0
2025-07-24T06:14:48.870478,BTC-USDT,117723.5,117723.6,3298.0,2413.0
2025-07-24T06:14:48.870844,ETH-USDT,3569.88,3569.92,126.0,6250.0
2025-07-24T06:14:49.071583,ETH-USDT,3569.83,3569.88,9216.0,2787.0
2025-07-24T06:14:49.170453,BTC-USDT,117723.5,117723.6,3298.0,1474.0
2025-07-24T06:14:49.372053,ETH-USDT,3569.85,3569.87,12227.0,2445.0
2025-07-24T06:14:49.469782,ETH-USDT,3569.87,3569.88,783.0,2787.0
2025-07-24T06:14:49.591587,ETH-USDT,3569.87,3569.88,783.0,2263.0
2025-07-24T06:14:49.591633,BTC-USDT,117723.5,117723.6,3298.0,1474.0
2025-07-24T06:14:49.688176,BTC-USDT,117723.4,117723.6,13874.0,1385.0
2025-07-24T06:14:49.773093,ETH-USDT,3569.63,3569.69,9248.0,1874.0
2025-07-24T06:14:49.773134,BTC-USDT,117716.8,117717.0,11757.0,3305.0
2025-07-24T06:14:49.871058,ETH-USDT,3569.53,3569.57,6818.0,3742.0
2025-07-24T06:14:49.878041,BTC-USDT,117714.0,117716.8,7180.0,12639.0
2025-07-24T06:14:49.976475,ETH-USDT,3568.74,3569.21,8668.0,13108.0
2025-07-24T06:14:49.976513,BTC-USDT,117710.3,117711.0,9636.0,2134.0
2025-07-24T06:14:50.171279,ETH-USDT,3569.14,3569.16,14658.0,3742.0
2025-07-24T06:14:50.294143,ETH-USDT,3569.03,3569.06,13349.0,3742.0
2025-07-24T06:14:50.294194,BTC-USDT,117707.0,117707.2,4875.0,9186.0
2025-07-24T06:14:50.378442,ETH-USDT,3568.96,3569.0,23.0,11830.0
2025-07-24T06:14:50.470648,BTC-USDT,117699.8,117699.9,2163.0,7396.0
2025-07-24T06:14:50.594623,ETH-USDT,3568.88,3568.93,9750.0,3742.0
2025-07-24T06:14:50.670227,ETH-USDT,3568.73,3568.75,6509.0,3742.0
2025-07-24T06:14:50.870644,BTC-USDT,117699.8,117699.9,2163.0,7396.0
2025-07-24T06:14:50.870797,ETH-USDT,3568.65,3568.69,12211.0,827.0
2025-07-24T06:14:50.970834,BTC-USDT,117699.8,117699.9,2163.0,6095.0
2025-07-24T06:14:50.970909,ETH-USDT,3568.68,3568.69,39.0,827.0
2025-07-24T06:14:51.370408,BTC-USDT,117699.8,117699.9,2163.0,6064.0
2025-07-24T06:14:51.471284,ETH-USDT,3568.43,3568.46,9470.0,3742.0
2025-07-24T06:14:51.579172,ETH-USDT,3568.2,3568.25,7857.0,3742.0
2025-07-24T06:14:51.579230,BTC-USDT,117699.8,117699.9,2163.0,6064.0
2025-07-24T06:14:51.781407,BTC-USDT,117699.8,117699.9,2163.0,6026.0
2025-07-24T06:14:51.781470,ETH-USDT,3568.2,3568.23,513.0,9982.0
2025-07-24T06:14:51.871300,BTC-USDT,117699.8,117699.9,2163.0,6026.0
2025-07-24T06:14:51.970908,ETH-USDT,3568.2,3568.21,513.0,3742.0
2025-07-24T06:14:52.170280,BTC-USDT,117699.8,117699.9,2163.0,6001.0
2025-07-24T06:14:52.170526,ETH-USDT,3568.2,3568.21,513.0,2939.0
2025-07-24T06:14:52.372800,ETH-USDT,3568.2,3568.23,513.0,9982.0
2025-07-24T06:14:52.477420,ETH-USDT,3568.53,3568.61,11106.0,12738.0
2025-07-24T06:14:52.570950,BTC-USDT,117699.8,117699.9,2163.0,5014.0
2025-07-24T06:14:52.570997,ETH-USDT,3568.58,3568.59,4274.0,501.0
2025-07-24T06:14:52.771860,ETH-USDT,3568.58,3568.59,4154.0,501.0
2025-07-24T06:14:52.870930,BTC-USDT,117699.8,117699.9,2163.0,4688.0
2025-07-24T06:14:52.970767,ETH-USDT,3568.56,3568.59,12567.0,501.0
2025-07-24T06:14:52.971908,BTC-USDT,117699.8,117699.9,2163.0,4628.0
2025-07-24T06:14:53.088300,ETH-USDT,3568.53,3568.59,11106.0,501.0
2025-07-24T06:14:53.171045,BTC-USDT,117699.8,117699.9,2163.0,3743.0
2025-07-24T06:14:53.171082,ETH-USDT,3568.3,3568.32,12263.0,3742.0
2025-07-24T06:14:53.270078,ETH-USDT,3568.26,3568.31,12612.0,104.0
2025-07-24T06:14:53.396968,BTC-USDT,117699.8,117699.9,2163.0,3709.0
2025-07-24T06:14:53.570981,ETH-USDT,3568.31,3568.32,4274.0,3742.0
2025-07-24T06:14:53.572834,BTC-USDT,117699.8,117699.9,2163.0,3709.0
2025-07-24T06:14:53.871321,BTC-USDT,117699.8,117699.9,2163.0,3458.0
2025-07-24T06:14:53.971278,ETH-USDT,3568.31,3568.32,3843.0,3742.0
2025-07-24T06:14:54.071886,BTC-USDT,117699.8,117699.9,2163.0,3453.0
2025-07-24T06:14:54.171261,ETH-USDT,3568.31,3568.32,3843.0,2583.0
2025-07-24T06:14:54.372778,BTC-USDT,117699.8,117699.9,2163.0,3444.0
2025-07-24T06:14:54.486085,ETH-USDT,3568.32,3568.33,7043.0,6203.0
2025-07-24T06:14:54.578180,ETH-USDT,3568.31,3568.32,3843.0,2568.0
2025-07-24T06:14:54.578228,BTC-USDT,117699.8,117699.9,2163.0,3444.0
2025-07-24T06:14:54.680013,BTC-USDT,117699.8,117699.9,2163.0,3444.0
2025-07-24T06:14:54.871373,BTC-USDT,117699.8,117699.9,2163.0,3332.0
2025-07-24T06:14:54.871451,ETH-USDT,3568.31,3568.32,685.0,2146.0
2025-07-24T06:14:55.171615,ETH-USDT,3568.29,3568.32,13940.0,2146.0
2025-07-24T06:14:55.372609,ETH-USDT,3568.14,3568.16,2333.0,6667.0
2025-07-24T06:14:55.372689,BTC-USDT,117699.8,117699.9,2163.0,2774.0
2025-07-24T06:14:55.572396,ETH-USDT,3568.14,3568.15,2333.0,3742.0
2025-07-24T06:14:55.572434,BTC-USDT,117699.8,117699.9,2163.0,2774.0
2025-07-24T06:14:55.670973,BTC-USDT,117699.8,117699.9,2163.0,45.0
2025-07-24T06:14:55.671027,ETH-USDT,3568.14,3568.15,2333.0,2076.0
2025-07-24T06:14:55.773361,ETH-USDT,3568.14,3568.15,2333.0,2934.0
2025-07-24T06:14:55.773426,BTC-USDT,117699.8,117699.9,2163.0,3877.0
2025-07-24T06:14:55.870839,BTC-USDT,117699.8,117699.9,2163.0,3780.0
2025-07-24T06:14:56.270262,BTC-USDT,117699.8,117699.9,2163.0,3720.0
2025-07-24T06:14:56.378762,ETH-USDT,3568.15,3568.16,597.0,6667.0
2025-07-24T06:14:56.570636,ETH-USDT,3568.14,3568.15,2333.0,2940.0
2025-07-24T06:14:56.570708,BTC-USDT,117699.8,117699.9,2163.0,3720.0
2025-07-24T06:14:56.676702,BTC-USDT,117699.8,117699.9,2163.0,3413.0
2025-07-24T06:14:56.676773,ETH-USDT,3568.14,3568.15,2333.0,2940.0
2025-07-24T06:14:56.770594,BTC-USDT,117699.8,117699.9,2163.0,3608.0
2025-07-24T06:14:56.870550,ETH-USDT,3568.14,3568.15,2333.0,2594.0
2025-07-24T06:14:56.975987,ETH-USDT,3568.14,3568.15,2333.0,2594.0
2025-07-24T06:14:57.070469,ETH-USDT,3568.14,3568.15,2333.0,2260.0
2025-07-24T06:14:57.177186,BTC-USDT,117699.8,117699.9,2163.0,3587.0
2025-07-24T06:14:57.370942,ETH-USDT,3568.14,3568.15,2333.0,1111.0
2025-07-24T06:14:57.595011,BTC-USDT,117699.8,117699.9,2163.0,3542.0
2025-07-24T06:14:57.595076,ETH-USDT,3568.14,3568.15,2333.0,1111.0
2025-07-24T06:14:57.671400,ETH-USDT,3568.14,3568.15,2333.0,624.0
2025-07-24T06:14:57.775515,BTC-USDT,117699.8,117699.9,2163.0,3516.0
2025-07-24T06:14:57.970162,ETH-USDT,3568.14,3568.15,2333.0,624.0
2025-07-24T06:14:58.070586,ETH-USDT,3568.3,3568.36,4274.0,10742.0
2025-07-24T06:14:58.170840,ETH-USDT,3568.3,3568.31,4274.0,3742.0
2025-07-24T06:14:58.171267,BTC-USDT,117699.8,117699.9,2163.0,2853.0
2025-07-24T06:14:58.370067,BTC-USDT,117699.8,117699.9,2163.0,3501.0
2025-07-24T06:14:58.573384,ETH-USDT,3568.3,3568.31,2747.0,3742.0
2025-07-24T06:14:58.573465,BTC-USDT,117699.8,117699.9,2163.0,3493.0
2025-07-24T06:14:58.871160,BTC-USDT,117699.8,117699.9,2163.0,3493.0
2025-07-24T06:14:58.970505,BTC-USDT,117699.8,117699.9,2163.0,3409.0
2025-07-24T06:14:58.970650,ETH-USDT,3568.3,3568.31,2747.0,3742.0
2025-07-24T06:14:59.370947,BTC-USDT,117699.8,117699.9,2163.0,2638.0
2025-07-24T06:14:59.473980,ETH-USDT,3568.3,3568.31,2747.0,1192.0
2025-07-24T06:14:59.474030,BTC-USDT,117699.8,117699.9,2163.0,3212.0
2025-07-24T06:14:59.570770,ETH-USDT,3568.3,3568.31,2747.0,1192.0
2025-07-24T06:14:59.570835,BTC-USDT,117699.8,117699.9,2163.0,3212.0
2025-07-24T06:14:59.770619,ETH-USDT,3568.3,3568.32,2747.0,15165.0
2025-07-24T06:14:59.880361,ETH-USDT,3568.43,3568.48,15079.0,1458.0
2025-07-24T06:14:59.880416,BTC-USDT,117699.8,117699.9,2163.0,3194.0
2025-07-24T06:14:59.970492,ETH-USDT,3568.47,3568.48,4274.0,1458.0
2025-07-24T06:15:00.170346,BTC-USDT,117699.8,117699.9,2163.0,3177.0
2025-07-24T06:15:00.291335,ETH-USDT,3568.34,3568.36,3486.0,13756.0
2025-07-24T06:15:00.376422,ETH-USDT,3568.34,3568.35,3486.0,367.0
2025-07-24T06:15:00.471063,ETH-USDT,3568.38,3568.42,4274.0,13095.0
2025-07-24T06:15:00.583305,ETH-USDT,3568.62,3568.87,3779.0,8271.0
2025-07-24T06:15:00.583346,BTC-USDT,117699.8,117699.9,2163.0,3177.0
2025-07-24T06:15:00.771352,BTC-USDT,117703.2,117703.7,12684.0,11701.0
2025-07-24T06:15:00.771404,ETH-USDT,3568.79,3568.85,6596.0,49.0
2025-07-24T06:15:00.871312,ETH-USDT,3568.61,3568.68,12105.0,800.0
2025-07-24T06:15:00.871424,BTC-USDT,117703.3,117703.7,672.0,11701.0
2025-07-24T06:15:00.972322,ETH-USDT,3568.44,3568.51,2890.0,9809.0
2025-07-24T06:15:00.972365,BTC-USDT,117714.8,117714.9,10009.0,284.0
2025-07-24T06:15:01.074851,ETH-USDT,3568.62,3568.67,576.0,4629.0
2025-07-24T06:15:01.170566,ETH-USDT,3568.64,3568.68,6302.0,14227.0
2025-07-24T06:15:01.171015,BTC-USDT,117714.8,117714.9,9.0,284.0
2025-07-24T06:15:01.273402,ETH-USDT,3568.61,3568.68,6331.0,14227.0
2025-07-24T06:15:01.479819,ETH-USDT,3568.44,3568.45,2891.0,2515.0
2025-07-24T06:15:01.569850,BTC-USDT,117714.8,117714.9,7191.0,284.0
2025-07-24T06:15:01.570650,ETH-USDT,3568.42,3568.45,14398.0,2515.0
2025-07-24T06:15:01.671113,ETH-USDT,3568.29,3568.33,6067.0,1057.0
2025-07-24T06:15:01.780603,BTC-USDT,117714.8,117714.9,7191.0,252.0
2025-07-24T06:15:01.882315,ETH-USDT,3568.17,3568.21,6449.0,3742.0
2025-07-24T06:15:01.882373,BTC-USDT,117714.8,117714.9,7191.0,1735.0
2025-07-24T06:15:01.972852,ETH-USDT,3568.0,3568.04,12664.0,226.0
2025-07-24T06:15:02.071071,BTC-USDT,117714.8,117714.9,7191.0,1733.0
2025-07-24T06:15:02.171218,ETH-USDT,3568.0,3568.01,1380.0,715.0
2025-07-24T06:15:02.394389,ETH-USDT,3567.98,3568.01,15255.0,715.0
2025-07-24T06:15:02.394463,BTC-USDT,117714.7,117714.9,12229.0,1733.0
2025-07-24T06:15:02.471432,ETH-USDT,3567.83,3567.91,12537.0,9236.0
2025-07-24T06:15:02.471484,BTC-USDT,117714.7,117714.9,12229.0,403.0
2025-07-24T06:15:02.579451,ETH-USDT,3567.71,3567.75,10881.0,3742.0
2025-07-24T06:15:02.579502,BTC-USDT,117710.0,117712.9,12512.0,374.0
2025-07-24T06:15:02.682446,ETH-USDT,3567.67,3567.7,14910.0,628.0
2025-07-24T06:15:02.770064,BTC-USDT,117710.0,117710.1,345.0,2251.0
2025-07-24T06:15:02.871244,BTC-USDT,117710.1,117710.2,469.0,9275.0
2025-07-24T06:15:02.982320,ETH-USDT,3567.68,3567.72,434.0,809.0
2025-07-24T06:15:02.982385,BTC-USDT,117709.9,117710.2,14571.0,9275.0
2025-07-24T06:15:03.186602,ETH-USDT,3567.68,3567.7,434.0,6212.0
2025-07-24T06:15:03.270279,BTC-USDT,117707.0,117707.1,1765.0,710.0
2025-07-24T06:15:03.473566,ETH-USDT,3567.69,3567.7,815.0,6212.0
2025-07-24T06:15:03.572255,BTC-USDT,117707.0,117707.1,1765.0,710.0
2025-07-24T06:15:03.572312,ETH-USDT,3567.68,3567.69,434.0,2298.0
2025-07-24T06:15:03.671141,ETH-USDT,3567.67,3567.69,14910.0,2298.0
2025-07-24T06:15:03.779162,BTC-USDT,117707.0,117707.1,1765.0,2768.0
2025-07-24T06:15:03.779214,ETH-USDT,3567.67,3567.69,509.0,582.0
2025-07-24T06:15:03.971533,ETH-USDT,3567.67,3567.68,509.0,3742.0
2025-07-24T06:15:04.075133,BTC-USDT,117707.0,117707.1,1765.0,2651.0
2025-07-24T06:15:04.075281,ETH-USDT,3567.67,3567.68,509.0,3742.0
2025-07-24T06:15:04.276956,ETH-USDT,3567.67,3567.68,509.0,3723.0
2025-07-24T06:15:04.473900,BTC-USDT,117707.0,117707.1,1765.0,2527.0
2025-07-24T06:15:04.473947,ETH-USDT,3567.67,3567.69,509.0,582.0
2025-07-24T06:15:04.574234,BTC-USDT,117707.0,117707.1,1765.0,2527.0
2025-07-24T06:15:04.574898,ETH-USDT,3567.67,3567.69,509.0,582.0
2025-07-24T06:15:04.695220,ETH-USDT,3567.67,3567.68,509.0,1063.0
2025-07-24T06:15:04.695266,BTC-USDT,117707.0,117707.1,1765.0,2396.0
2025-07-24T06:15:04.886742,BTC-USDT,117707.0,117707.1,1765.0,2303.0
2025-07-24T06:15:04.970619,BTC-USDT,117707.0,117707.1,1765.0,2290.0
2025-07-24T06:15:04.970700,ETH-USDT,3567.67,3567.68,509.0,413.0
2025-07-24T06:15:05.072994,ETH-USDT,3567.68,3567.69,100.0,582.0
2025-07-24T06:15:05.192564,ETH-USDT,3567.67,3567.72,509.0,8964.0
2025-07-24T06:15:05.288959,BTC-USDT,117707.0,117707.2,1765.0,11436.0
2025-07-24T06:15:05.369896,ETH-USDT,3567.82,3567.84,8998.0,1.0
2025-07-24T06:15:05.485252,ETH-USDT,3568.03,3568.12,1689.0,13668.0
2025-07-24T06:15:05.485291,BTC-USDT,117710.5,117711.0,7514.0,14641.0
2025-07-24T06:15:05.585783,ETH-USDT,3568.22,3568.26,14631.0,12020.0
2025-07-24T06:15:05.585850,BTC-USDT,117714.5,117714.9,4669.0,9021.0
2025-07-24T06:15:05.670750,ETH-USDT,3568.34,3568.84,2481.0,10154.0
2025-07-24T06:15:05.671019,BTC-USDT,117714.7,117714.9,14702.0,9021.0
2025-07-24T06:15:05.770414,ETH-USDT,3568.32,3568.39,7933.0,6767.0
2025-07-24T06:15:05.770458,BTC-USDT,117715.6,117715.7,8258.0,13307.0
2025-07-24T06:15:05.870380,ETH-USDT,3568.63,3569.08,12270.0,9571.0
2025-07-24T06:15:05.990577,ETH-USDT,3568.71,3568.88,12726.0,8833.0
2025-07-24T06:15:05.990621,BTC-USDT,117716.3,117716.4,7415.0,12773.0
2025-07-24T06:15:06.170664,ETH-USDT,3568.84,3568.85,2970.0,746.0
2025-07-24T06:15:06.370933,ETH-USDT,3568.84,3568.85,2708.0,746.0
2025-07-24T06:15:06.370976,BTC-USDT,117716.3,117716.6,7217.0,8267.0
2025-07-24T06:15:06.571981,BTC-USDT,117721.9,117722.0,7030.0,830.0
2025-07-24T06:15:06.572046,ETH-USDT,3568.84,3568.85,2708.0,746.0
2025-07-24T06:15:06.770636,ETH-USDT,3568.81,3568.84,7059.0,1477.0
2025-07-24T06:15:06.870046,ETH-USDT,3568.84,3568.85,459.0,746.0
2025-07-24T06:15:06.970968,ETH-USDT,3568.84,3568.85,459.0,746.0
2025-07-24T06:15:07.370389,ETH-USDT,3568.74,3568.75,8577.0,186.0
2025-07-24T06:15:07.370593,BTC-USDT,117721.9,117722.0,6516.0,533.0
2025-07-24T06:15:07.570641,BTC-USDT,117721.9,117722.0,6516.0,533.0
2025-07-24T06:15:07.570958,ETH-USDT,3568.74,3568.75,8577.0,186.0
2025-07-24T06:15:07.677835,ETH-USDT,3568.75,3568.8,66.0,12071.0
2025-07-24T06:15:07.971921,ETH-USDT,3568.83,3568.85,4274.0,746.0
2025-07-24T06:15:08.075350,ETH-USDT,3569.09,3569.1,4274.0,59.0
2025-07-24T06:15:08.171972,BTC-USDT,117721.9,117722.0,6516.0,419.0
2025-07-24T06:15:08.270256,ETH-USDT,3569.09,3569.1,3322.0,59.0
2025-07-24T06:15:08.371488,BTC-USDT,117722.0,117722.1,1116.0,8186.0
2025-07-24T06:15:08.489120,BTC-USDT,117721.9,117722.0,6516.0,515.0
2025-07-24T06:15:08.570335,ETH-USDT,3569.09,3569.1,3322.0,59.0
2025-07-24T06:15:08.670778,ETH-USDT,3569.09,3569.11,3322.0,6007.0
2025-07-24T06:15:08.770697,BTC-USDT,117721.9,117722.0,6516.0,278.0
2025-07-24T06:15:08.770738,ETH-USDT,3569.09,3569.1,3322.0,832.0
2025-07-24T06:15:08.871665,BTC-USDT,117721.9,117722.0,6516.0,278.0
2025-07-24T06:15:09.171085,ETH-USDT,3569.09,3569.1,3322.0,233.0
2025-07-24T06:15:09.171319,BTC-USDT,117721.9,117722.0,6516.0,142.0
2025-07-24T06:15:09.372316,BTC-USDT,117721.9,117722.0,6516.0,255.0
2025-07-24T06:15:09.372414,ETH-USDT,3569.09,3569.53,3322.0,6150.0
2025-07-24T06:15:09.504963,ETH-USDT,3569.26,3569.28,1245.0,6539.0
2025-07-24T06:15:09.570670,BTC-USDT,117721.9,117722.0,6516.0,105.0
2025-07-24T06:15:09.570715,ETH-USDT,3569.31,3569.34,4274.0,7949.0
2025-07-24T06:15:09.669980,BTC-USDT,117721.9,117722.1,6516.0,8186.0
2025-07-24T06:15:09.671125,ETH-USDT,3569.61,3569.94,2603.0,9999.0
2025-07-24T06:15:09.870954,BTC-USDT,117726.7,117726.8,7471.0,111.0
2025-07-24T06:15:09.971052,ETH-USDT,3569.87,3569.88,2189.0,178.0
2025-07-24T06:15:10.172499,ETH-USDT,3569.63,3569.66,4076.0,7528.0
2025-07-24T06:15:10.270013,BTC-USDT,117726.7,117726.9,6890.0,8724.0
2025-07-24T06:15:10.377431,BTC-USDT,117726.7,117726.8,6890.0,1888.0
2025-07-24T06:15:10.472343,ETH-USDT,3569.67,3569.68,416.0,12521.0
2025-07-24T06:15:10.570324,ETH-USDT,3569.63,3569.64,4076.0,2084.0
2025-07-24T06:15:10.570371,BTC-USDT,117739.6,117739.7,2865.0,1698.0
2025-07-24T06:15:10.674399,BTC-USDT,117739.6,117739.7,2776.0,1698.0
2025-07-24T06:15:10.788734,ETH-USDT,3569.63,3569.64,4076.0,1957.0
2025-07-24T06:15:10.870321,BTC-USDT,117739.6,117739.7,2776.0,1698.0
2025-07-24T06:15:10.870367,ETH-USDT,3569.63,3569.64,4076.0,808.0
2025-07-24T06:15:10.970347,BTC-USDT,117739.6,117739.7,2776.0,1588.0
2025-07-24T06:15:11.470452,ETH-USDT,3569.64,3569.68,4768.0,12521.0
2025-07-24T06:15:11.470844,BTC-USDT,117739.6,117739.7,2776.0,967.0
2025-07-24T06:15:11.578386,BTC-USDT,117739.6,117739.7,2776.0,967.0
2025-07-24T06:15:11.670405,BTC-USDT,117739.6,117739.7,2776.0,954.0
2025-07-24T06:15:11.870437,ETH-USDT,3569.86,3569.88,4274.0,13480.0
2025-07-24T06:15:11.870922,BTC-USDT,117739.6,117739.7,2776.0,954.0
2025-07-24T06:15:11.978955,ETH-USDT,3570.14,3570.16,4274.0,7871.0
2025-07-24T06:15:12.070016,ETH-USDT,3570.22,3570.25,4274.0,10366.0
2025-07-24T06:15:12.070882,BTC-USDT,117739.6,117739.7,2776.0,946.0
2025-07-24T06:15:12.170264,ETH-USDT,3570.43,3570.46,685.0,9496.0
2025-07-24T06:15:12.270363,ETH-USDT,3570.48,3570.49,906.0,288.0
2025-07-24T06:15:12.270799,BTC-USDT,117739.6,117739.7,2776.0,942.0
2025-07-24T06:15:12.576061,BTC-USDT,117739.6,117739.7,2776.0,942.0
2025-07-24T06:15:12.576092,ETH-USDT,3570.48,3570.49,906.0,288.0
2025-07-24T06:15:12.670012,ETH-USDT,3570.48,3570.5,906.0,15017.0
2025-07-24T06:15:12.670210,BTC-USDT,117739.6,117739.7,2776.0,917.0
2025-07-24T06:15:12.772071,BTC-USDT,117739.6,117739.8,2776.0,6491.0
2025-07-24T06:15:12.872089,ETH-USDT,3570.48,3570.49,906.0,307.0
2025-07-24T06:15:12.993445,ETH-USDT,3570.48,3570.49,906.0,307.0
2025-07-24T06:15:12.993504,BTC-USDT,117744.6,117744.7,11646.0,269.0
2025-07-24T06:15:13.071269,ETH-USDT,3570.48,3570.5,906.0,15017.0
2025-07-24T06:15:13.271141,ETH-USDT,3570.48,3570.53,906.0,8884.0
2025-07-24T06:15:13.370374,ETH-USDT,3570.99,3571.01,11283.0,27.0
2025-07-24T06:15:13.370768,BTC-USDT,117744.6,117744.7,11646.0,258.0
2025-07-24T06:15:13.475210,ETH-USDT,3571.0,3571.01,3366.0,27.0
2025-07-24T06:15:13.584147,BTC-USDT,117744.6,117744.7,11646.0,258.0
2025-07-24T06:15:13.670667,BTC-USDT,117744.7,117744.8,7882.0,10718.0
2025-07-24T06:15:13.775323,ETH-USDT,3571.0,3571.02,3366.0,9126.0
2025-07-24T06:15:13.775365,BTC-USDT,117744.6,117745.4,11646.0,12867.0
2025-07-24T06:15:13.874420,ETH-USDT,3571.03,3571.06,12359.0,27.0
2025-07-24T06:15:13.970242,BTC-USDT,117746.8,117746.9,6606.0,148.0
2025-07-24T06:15:13.970295,ETH-USDT,3571.05,3571.06,4274.0,27.0
2025-07-24T06:15:14.069932,ETH-USDT,3571.03,3571.05,12359.0,5071.0
2025-07-24T06:15:14.283502,ETH-USDT,3571.05,3571.06,4274.0,3259.0
2025-07-24T06:15:14.283571,BTC-USDT,117746.8,117747.0,6606.0,13102.0
2025-07-24T06:15:14.370632,ETH-USDT,3571.05,3571.06,2841.0,3259.0
2025-07-24T06:15:14.370829,BTC-USDT,117746.8,117746.9,6606.0,17341.0
2025-07-24T06:15:14.481575,BTC-USDT,117746.8,117747.0,6606.0,13102.0
2025-07-24T06:15:14.571003,ETH-USDT,3571.01,3571.02,423.0,3742.0
2025-07-24T06:15:14.571702,BTC-USDT,117755.0,117763.0,6319.0,9394.0
2025-07-24T06:15:14.670053,ETH-USDT,3570.8,3570.85,4274.0,11323.0
2025-07-24T06:15:14.870515,BTC-USDT,117755.0,117755.1,6061.0,230.0
2025-07-24T06:15:14.870922,ETH-USDT,3570.8,3570.85,4274.0,11323.0
2025-07-24T06:15:14.971137,ETH-USDT,3570.89,3570.95,2729.0,13498.0
2025-07-24T06:15:15.171279,BTC-USDT,117755.0,117755.1,6061.0,221.0
2025-07-24T06:15:15.270313,ETH-USDT,3570.89,3570.9,2257.0,640.0
2025-07-24T06:15:15.373047,BTC-USDT,117755.1,117755.2,1317.0,15432.0
2025-07-24T06:15:15.495864,ETH-USDT,3570.89,3570.95,2257.0,13498.0
2025-07-24T06:15:15.570465,BTC-USDT,117755.0,117755.1,6061.0,766.0
2025-07-24T06:15:15.571282,ETH-USDT,3570.96,3570.99,8208.0,2727.0
2025-07-24T06:15:15.670991,ETH-USDT,3570.98,3570.99,3879.0,2727.0
2025-07-24T06:15:15.671467,BTC-USDT,117755.0,117755.1,6061.0,671.0
2025-07-24T06:15:15.871330,ETH-USDT,3570.97,3570.99,9246.0,2727.0
2025-07-24T06:15:15.871495,BTC-USDT,117755.0,117755.1,6061.0,671.0
2025-07-24T06:15:15.970621,ETH-USDT,3570.68,3570.83,9620.0,4215.0
2025-07-24T06:15:15.972388,BTC-USDT,117754.9,117755.1,11503.0,671.0
2025-07-24T06:15:16.275720,ETH-USDT,3570.66,3570.67,995.0,1889.0
2025-07-24T06:15:16.383610,BTC-USDT,117755.1,117755.2,1327.0,15432.0
2025-07-24T06:15:16.479627,ETH-USDT,3570.66,3570.68,995.0,6832.0
2025-07-24T06:15:16.605532,ETH-USDT,3570.96,3570.97,3127.0,531.0
2025-07-24T06:15:16.605585,BTC-USDT,117755.0,117755.1,213.0,3322.0
2025-07-24T06:15:16.769858,BTC-USDT,117755.0,117755.1,213.0,3092.0
2025-07-24T06:15:17.289248,BTC-USDT,117755.0,117755.1,213.0,2988.0
2025-07-24T06:15:17.289293,ETH-USDT,3570.93,3570.97,10434.0,531.0
2025-07-24T06:15:17.370575,BTC-USDT,117755.0,117755.1,213.0,3804.0
2025-07-24T06:15:17.471165,ETH-USDT,3570.75,3570.83,7342.0,1902.0
2025-07-24T06:15:17.771523,BTC-USDT,117755.0,117755.1,213.0,2769.0
2025-07-24T06:15:17.771565,ETH-USDT,3570.58,3570.65,3093.0,15032.0
2025-07-24T06:15:17.869977,BTC-USDT,117755.0,117755.1,213.0,2769.0
2025-07-24T06:15:17.969775,ETH-USDT,3570.58,3571.22,3093.0,4895.0
2025-07-24T06:15:18.071186,ETH-USDT,3570.8,3570.81,4274.0,2273.0
2025-07-24T06:15:18.169658,ETH-USDT,3570.8,3570.83,4274.0,7098.0
2025-07-24T06:15:18.170140,BTC-USDT,117755.1,117755.2,278.0,15432.0
2025-07-24T06:15:18.370753,BTC-USDT,117755.0,117755.1,213.0,2558.0
2025-07-24T06:15:18.470362,ETH-USDT,3570.78,3570.81,1096.0,419.0
2025-07-24T06:15:18.570360,ETH-USDT,3570.68,3570.73,14887.0,3742.0
2025-07-24T06:15:18.572016,BTC-USDT,117755.0,117755.1,213.0,2541.0
2025-07-24T06:15:18.780475,ETH-USDT,3570.49,3570.5,76.0,1803.0
2025-07-24T06:15:18.872238,BTC-USDT,117754.8,117755.1,9877.0,2541.0
2025-07-24T06:15:18.970379,ETH-USDT,3570.48,3570.5,6197.0,1803.0
2025-07-24T06:15:18.970563,BTC-USDT,117754.7,117754.9,15579.0,5349.0
2025-07-24T06:15:19.069998,ETH-USDT,3570.31,3570.33,9444.0,3742.0
2025-07-24T06:15:19.070147,BTC-USDT,117746.3,117746.9,10934.0,4034.0
2025-07-24T06:15:19.189414,ETH-USDT,3570.12,3570.15,8371.0,1605.0
2025-07-24T06:15:19.189494,BTC-USDT,117744.6,117746.9,13957.0,4034.0
2025-07-24T06:15:19.370139,ETH-USDT,3570.11,3570.15,14320.0,1605.0
2025-07-24T06:15:19.370328,BTC-USDT,117744.5,117744.7,15732.0,4714.0
2025-07-24T06:15:19.471127,ETH-USDT,3569.92,3569.94,1806.0,8650.0
2025-07-24T06:15:19.471208,BTC-USDT,117742.8,117743.5,15962.0,9781.0
2025-07-24T06:15:19.571223,BTC-USDT,117740.9,117741.0,206.0,6818.0
2025-07-24T06:15:19.675680,BTC-USDT,117739.6,117740.5,15959.0,10345.0
2025-07-24T06:15:19.871959,BTC-USDT,117739.9,117740.0,169.0,7098.0
2025-07-24T06:15:19.872017,ETH-USDT,3569.93,3569.94,122.0,8650.0
2025-07-24T06:15:20.070793,ETH-USDT,3569.31,3569.89,8213.0,3742.0
2025-07-24T06:15:20.070847,BTC-USDT,117739.8,117740.0,13121.0,7098.0
2025-07-24T06:15:20.270810,ETH-USDT,3569.65,3569.68,2612.0,11768.0
2025-07-24T06:15:20.372914,BTC-USDT,117729.1,117729.2,1803.0,4047.0
2025-07-24T06:15:20.571137,ETH-USDT,3569.68,3569.69,2572.0,240.0
2025-07-24T06:15:20.571181,BTC-USDT,117729.1,117729.2,1803.0,4047.0
2025-07-24T06:15:20.772377,BTC-USDT,117729.1,117729.2,1803.0,4038.0
2025-07-24T06:15:20.870411,ETH-USDT,3569.68,3569.73,2278.0,14989.0
2025-07-24T06:15:21.074331,ETH-USDT,3569.9,3569.93,10944.0,3306.0
2025-07-24T06:15:21.074377,BTC-USDT,117729.1,117729.2,1803.0,3926.0
2025-07-24T06:15:21.170953,ETH-USDT,3569.86,3569.9,78.0,12844.0
2025-07-24T06:15:21.392016,BTC-USDT,117729.1,117729.3,1803.0,12097.0
2025-07-24T06:15:21.392066,ETH-USDT,3570.58,3570.6,94.0,237.0
2025-07-24T06:15:21.470806,ETH-USDT,3570.27,3570.32,6329.0,1760.0
2025-07-24T06:15:21.570797,BTC-USDT,117729.1,117729.2,1803.0,909.0
2025-07-24T06:15:21.671233,ETH-USDT,3570.06,3570.07,3104.0,3742.0
2025-07-24T06:15:21.671276,BTC-USDT,117729.1,117729.2,1803.0,688.0
2025-07-24T06:15:21.870384,BTC-USDT,117729.1,117729.2,1803.0,688.0
2025-07-24T06:15:21.870565,ETH-USDT,3570.06,3570.07,3104.0,1664.0
2025-07-24T06:15:21.973793,ETH-USDT,3570.06,3570.07,735.0,1664.0
2025-07-24T06:15:22.092574,BTC-USDT,117729.2,117729.3,71.0,12097.0
2025-07-24T06:15:22.170858,ETH-USDT,3570.07,3570.08,582.0,9042.0
2025-07-24T06:15:22.171035,BTC-USDT,117729.1,117729.2,1803.0,771.0
2025-07-24T06:15:22.371471,BTC-USDT,117729.1,117729.2,1803.0,754.0
2025-07-24T06:15:22.471293,ETH-USDT,3569.94,3569.96,4274.0,3941.0
2025-07-24T06:15:22.570791,BTC-USDT,117729.1,117729.2,1803.0,754.0
2025-07-24T06:15:22.970826,ETH-USDT,3569.95,3569.96,866.0,3941.0
2025-07-24T06:15:22.972695,BTC-USDT,117729.1,117729.3,1803.0,12097.0
2025-07-24T06:15:23.076856,ETH-USDT,3570.75,3570.79,4274.0,15993.0
2025-07-24T06:15:23.076922,BTC-USDT,117729.2,117729.3,141.0,12097.0
2025-07-24T06:15:23.181542,BTC-USDT,117729.1,117729.2,1803.0,117.0
2025-07-24T06:15:23.181583,ETH-USDT,3570.76,3570.78,1284.0,459.0
2025-07-24T06:15:23.479586,BTC-USDT,117729.1,117729.2,1803.0,80.0
2025-07-24T06:15:23.570740,ETH-USDT,3570.77,3570.78,4274.0,459.0
2025-07-24T06:15:23.570785,BTC-USDT,117729.1,117729.2,1803.0,80.0
2025-07-24T06:15:23.688337,ETH-USDT,3570.76,3570.78,1284.0,459.0
2025-07-24T06:15:23.772208,BTC-USDT,117729.2,117729.3,856.0,12097.0
2025-07-24T06:15:23.870138,BTC-USDT,117740.0,117741.0,9692.0,1665.0
2025-07-24T06:15:23.871031,ETH-USDT,3570.77,3570.81,4274.0,9343.0
2025-07-24T06:15:23.970107,ETH-USDT,3570.79,3571.43,6057.0,7502.0
2025-07-24T06:15:24.082811,BTC-USDT,117740.9,117741.1,6878.0,12186.0
2025-07-24T06:15:24.196936,BTC-USDT,117746.2,117746.9,7361.0,12099.0
2025-07-24T06:15:24.196981,ETH-USDT,3571.14,3571.15,4000.0,762.0
2025-07-24T06:15:24.370590,ETH-USDT,3571.14,3571.16,4000.0,8774.0
2025-07-24T06:15:24.570681,ETH-USDT,3571.33,3571.34,1240.0,571.0
2025-07-24T06:15:24.570954,BTC-USDT,117750.0,117750.1,5253.0,11377.0
2025-07-24T06:15:24.672410,BTC-USDT,117750.0,117750.1,5154.0,11377.0
2025-07-24T06:15:24.777084,ETH-USDT,3571.3,3571.34,11021.0,571.0
2025-07-24T06:15:24.885449,BTC-USDT,117750.0,117750.1,5154.0,11377.0
2025-07-24T06:15:24.969619,ETH-USDT,3571.33,3571.34,4274.0,571.0
2025-07-24T06:15:25.170831,BTC-USDT,117750.0,117750.1,5154.0,11036.0
2025-07-24T06:15:25.270721,ETH-USDT,3571.33,3571.35,4274.0,14039.0
2025-07-24T06:15:25.377351,ETH-USDT,3571.75,3571.76,1811.0,3742.0
2025-07-24T06:15:25.483483,ETH-USDT,3571.75,3571.76,122.0,3742.0
2025-07-24T06:15:25.483526,BTC-USDT,117753.1,117753.3,9194.0,15681.0
2025-07-24T06:15:25.572661,ETH-USDT,3571.75,3571.76,1773.0,3742.0
2025-07-24T06:15:25.572712,BTC-USDT,117753.1,117753.2,9194.0,131.0
2025-07-24T06:15:25.901214,BTC-USDT,117753.1,117753.2,9194.0,18815.0
2025-07-24T06:15:25.901255,ETH-USDT,3571.71,3571.76,5292.0,3742.0
2025-07-24T06:15:25.973173,ETH-USDT,3571.39,3571.41,4172.0,14715.0
2025-07-24T06:15:26.071274,ETH-USDT,3571.33,3571.41,8118.0,14715.0
2025-07-24T06:15:26.071320,BTC-USDT,117753.1,117753.2,9194.0,18592.0
2025-07-24T06:15:26.171208,BTC-USDT,117753.1,117753.2,9194.0,324.0
2025-07-24T06:15:26.270748,ETH-USDT,3571.34,3571.36,1518.0,11675.0
2025-07-24T06:15:26.382171,ETH-USDT,3571.34,3571.38,1518.0,7748.0
2025-07-24T06:15:26.382212,BTC-USDT,117753.1,117753.2,9194.0,95.0
2025-07-24T06:15:26.580609,BTC-USDT,117753.1,117753.3,9194.0,15681.0
2025-07-24T06:15:26.580658,ETH-USDT,3571.39,3571.4,4274.0,1457.0
2025-07-24T06:15:26.670713,BTC-USDT,117753.1,117753.2,9194.0,109.0
2025-07-24T06:15:26.670835,ETH-USDT,3571.39,3571.4,3908.0,1457.0
2025-07-24T06:15:26.970133,ETH-USDT,3571.33,3571.35,8118.0,3742.0
2025-07-24T06:15:26.971009,BTC-USDT,117753.0,117753.3,11010.0,15681.0
2025-07-24T06:15:27.069733,ETH-USDT,3570.69,3570.78,6543.0,823.0
2025-07-24T06:15:27.370387,ETH-USDT,3570.7,3570.74,1091.0,11469.0
2025-07-24T06:15:27.574685,ETH-USDT,3570.69,3570.7,6543.0,2733.0
2025-07-24T06:15:27.574742,BTC-USDT,117753.1,117753.2,3822.0,2500.0
2025-07-24T06:15:27.674738,ETH-USDT,3570.69,3570.7,6543.0,927.0
2025-07-24T06:15:27.789150,BTC-USDT,117753.1,117753.2,3822.0,1912.0
2025-07-24T06:15:27.977093,ETH-USDT,3570.69,3570.7,6543.0,927.0
2025-07-24T06:15:28.179938,BTC-USDT,117753.1,117753.2,3822.0,1910.0
2025-07-24T06:15:28.269722,ETH-USDT,3570.7,3570.71,142.0,13218.0
2025-07-24T06:15:28.375064,ETH-USDT,3570.69,3570.7,6543.0,3001.0
2025-07-24T06:15:28.575265,ETH-USDT,3570.69,3570.7,6543.0,832.0
2025-07-24T06:15:28.575310,BTC-USDT,117753.1,117753.2,3822.0,1910.0
2025-07-24T06:15:28.697678,ETH-USDT,3570.47,3570.5,9668.0,350.0
2025-07-24T06:15:28.770960,ETH-USDT,3570.32,3570.33,75.0,3742.0
2025-07-24T06:15:28.876864,ETH-USDT,3569.98,3570.33,15073.0,3742.0
2025-07-24T06:15:28.876932,BTC-USDT,117753.1,117753.2,3822.0,1834.0
2025-07-24T06:15:28.970089,ETH-USDT,3569.59,3570.03,6373.0,15401.0
2025-07-24T06:15:29.070118,BTC-USDT,117753.1,117753.2,3822.0,1628.0
2025-07-24T06:15:29.070335,ETH-USDT,3569.93,3569.94,842.0,604.0
2025-07-24T06:15:29.270197,BTC-USDT,117753.1,117753.2,3822.0,1583.0
2025-07-24T06:15:29.478532,ETH-USDT,3569.94,3569.98,2195.0,11921.0
2025-07-24T06:15:29.575480,BTC-USDT,117753.1,117753.3,3822.0,15681.0
2025-07-24T06:15:29.575526,ETH-USDT,3569.93,3569.96,842.0,6691.0
2025-07-24T06:15:29.670451,BTC-USDT,117769.8,117770.0,5701.0,13681.0
2025-07-24T06:15:29.770524,BTC-USDT,117769.7,117769.9,7457.0,990.0
2025-07-24T06:15:29.870733,ETH-USDT,3569.93,3569.94,842.0,1052.0
2025-07-24T06:15:29.870809,BTC-USDT,117769.8,117769.9,1713.0,990.0
2025-07-24T06:15:29.995771,ETH-USDT,3569.93,3569.94,842.0,1052.0
2025-07-24T06:15:30.174026,BTC-USDT,117769.8,117769.9,1713.0,73.0
2025-07-24T06:15:30.269966,ETH-USDT,3569.93,3569.94,842.0,322.0
2025-07-24T06:15:30.470346,BTC-USDT,117769.8,117769.9,1713.0,71.0
2025-07-24T06:15:30.572460,ETH-USDT,3569.94,3569.95,980.0,14889.0
2025-07-24T06:15:30.572504,BTC-USDT,117769.8,117769.9,1713.0,71.0
2025-07-24T06:15:30.771079,BTC-USDT,117769.8,117769.9,1713.0,50.0
2025-07-24T06:15:30.771123,ETH-USDT,3569.93,3569.94,842.0,880.0
2025-07-24T06:15:30.879570,ETH-USDT,3569.85,3569.94,14552.0,880.0
2025-07-24T06:15:30.971168,BTC-USDT,117769.8,117769.9,1713.0,1224.0
2025-07-24T06:15:30.971219,ETH-USDT,3569.84,3569.85,176.0,2727.0
2025-07-24T06:15:31.070107,BTC-USDT,117769.8,117769.9,1713.0,1141.0
2025-07-24T06:15:31.192829,ETH-USDT,3569.8,3569.85,10177.0,2727.0
2025-07-24T06:15:31.587267,BTC-USDT,117769.8,117769.9,1713.0,1039.0
2025-07-24T06:15:31.587322,ETH-USDT,3569.68,3569.69,555.0,1874.0
2025-07-24T06:15:31.784349,ETH-USDT,3569.68,3569.69,555.0,323.0
2025-07-24T06:15:31.784492,BTC-USDT,117769.8,117769.9,1713.0,755.0
2025-07-24T06:15:31.969957,ETH-USDT,3569.68,3569.69,555.0,323.0
2025-07-24T06:15:32.070796,BTC-USDT,117769.8,117769.9,1713.0,572.0
2025-07-24T06:15:32.170971,ETH-USDT,3569.65,3569.69,9264.0,323.0
2025-07-24T06:15:32.273322,ETH-USDT,3569.55,3569.62,9319.0,5370.0
2025-07-24T06:15:32.375539,ETH-USDT,3569.28,3569.35,11427.0,2286.0
2025-07-24T06:15:32.470530,ETH-USDT,3569.24,3569.29,6181.0,6.0
2025-07-24T06:15:32.472021,BTC-USDT,117769.8,117769.9,1713.0,468.0
2025-07-24T06:15:32.570524,ETH-USDT,3569.15,3569.16,1814.0,3096.0
2025-07-24T06:15:32.671092,ETH-USDT,3569.15,3569.17,1814.0,106.0
2025-07-24T06:15:32.871201,BTC-USDT,117769.8,117769.9,1713.0,468.0
2025-07-24T06:15:32.971294,ETH-USDT,3569.15,3569.16,1814.0,2317.0
2025-07-24T06:15:32.971376,BTC-USDT,117769.8,117770.0,1713.0,13681.0
2025-07-24T06:15:33.277577,BTC-USDT,117769.8,117769.9,1713.0,304.0
2025-07-24T06:15:33.369552,ETH-USDT,3569.15,3569.16,1814.0,1575.0
2025-07-24T06:15:33.570721,BTC-USDT,117769.8,117769.9,1713.0,304.0
2025-07-24T06:15:33.570793,ETH-USDT,3569.15,3569.16,1814.0,1575.0
2025-07-24T06:15:33.770796,ETH-USDT,3569.15,3569.16,1814.0,547.0
2025-07-24T06:15:33.874288,BTC-USDT,117769.8,117769.9,1713.0,210.0
2025-07-24T06:15:33.970506,ETH-USDT,3569.15,3569.16,1814.0,547.0
2025-07-24T06:15:34.172610,ETH-USDT,3569.16,3569.19,693.0,15041.0
2025-07-24T06:15:34.270700,BTC-USDT,117769.9,117770.0,159.0,13681.0
2025-07-24T06:15:34.270755,ETH-USDT,3569.15,3569.16,1814.0,1992.0
2025-07-24T06:15:34.371114,BTC-USDT,117769.8,117769.9,1713.0,221.0
2025-07-24T06:15:34.475458,ETH-USDT,3569.15,3569.16,1814.0,1537.0
2025-07-24T06:15:34.670160,BTC-USDT,117769.9,117770.0,16.0,13681.0
2025-07-24T06:15:34.779837,BTC-USDT,117769.8,117769.9,1713.0,308.0
2025-07-24T06:15:34.881973,ETH-USDT,3569.15,3569.16,1814.0,1041.0
2025-07-24T06:15:34.974919,ETH-USDT,3569.15,3569.16,1814.0,1041.0
2025-07-24T06:15:35.170582,BTC-USDT,117769.8,117769.9,1713.0,119.0
2025-07-24T06:15:35.170753,ETH-USDT,3569.15,3569.16,1814.0,160.0
2025-07-24T06:15:35.269895,ETH-USDT,3569.15,3569.16,1814.0,3168.0
2025-07-24T06:15:35.470616,ETH-USDT,3569.15,3569.19,1814.0,15041.0
2025-07-24T06:15:35.470794,BTC-USDT,117769.8,117769.9,1713.0,112.0
2025-07-24T06:15:35.671264,ETH-USDT,3569.38,3569.41,4274.0,8985.0
2025-07-24T06:15:35.781393,ETH-USDT,3569.42,3569.44,4274.0,15244.0
2025-07-24T06:15:35.870415,BTC-USDT,117769.8,117769.9,1713.0,112.0
2025-07-24T06:15:35.870641,ETH-USDT,3569.5,3569.51,4274.0,342.0
2025-07-24T06:15:36.298447,ETH-USDT,3569.5,3569.51,4232.0,342.0
2025-07-24T06:15:36.369619,BTC-USDT,117769.9,117770.0,497.0,13681.0
2025-07-24T06:15:36.571256,BTC-USDT,117769.8,117769.9,1713.0,717.0
2025-07-24T06:15:36.571297,ETH-USDT,3569.5,3569.51,4232.0,342.0
2025-07-24T06:15:36.670650,BTC-USDT,117767.0,117769.9,12674.0,717.0
2025-07-24T06:15:36.770428,ETH-USDT,3569.48,3569.52,10920.0,10219.0
2025-07-24T06:15:36.771513,BTC-USDT,117763.9,117764.1,9451.0,2780.0
2025-07-24T06:15:36.910736,ETH-USDT,3569.35,3569.41,14512.0,460.0
2025-07-24T06:15:36.910778,BTC-USDT,117759.0,117759.4,12574.0,7823.0
2025-07-24T06:15:36.970668,ETH-USDT,3569.0,3569.11,9038.0,1023.0
2025-07-24T06:15:36.971379,BTC-USDT,117753.4,117757.4,9636.0,1511.0
2025-07-24T06:15:37.070422,ETH-USDT,3568.88,3568.95,10266.0,1974.0
2025-07-24T06:15:37.172940,BTC-USDT,117753.1,117753.8,783.0,10179.0
2025-07-24T06:15:37.270674,ETH-USDT,3568.86,3568.88,784.0,7760.0
2025-07-24T06:15:37.371215,ETH-USDT,3568.86,3568.87,784.0,1057.0
2025-07-24T06:15:37.570779,ETH-USDT,3569.16,3569.23,4274.0,8646.0
2025-07-24T06:15:37.571061,BTC-USDT,117753.1,117753.2,783.0,1275.0
2025-07-24T06:15:37.677355,ETH-USDT,3569.41,3569.46,12995.0,1378.0
2025-07-24T06:15:37.770771,ETH-USDT,3569.22,3569.27,11403.0,2527.0
2025-07-24T06:15:37.770955,BTC-USDT,117753.1,117753.2,783.0,686.0
2025-07-24T06:15:37.878378,ETH-USDT,3569.22,3569.34,11403.0,12616.0
2025-07-24T06:15:37.970144,ETH-USDT,3569.22,3569.23,2904.0,3742.0
2025-07-24T06:15:38.071124,BTC-USDT,117753.1,117753.2,783.0,428.0
2025-07-24T06:15:38.171549,ETH-USDT,3569.22,3569.23,282.0,471.0
2025-07-24T06:15:38.471667,BTC-USDT,117753.2,117753.3,100.0,12582.0
2025-07-24T06:15:38.471719,ETH-USDT,3569.2,3569.23,10447.0,471.0
2025-07-24T06:15:38.575076,ETH-USDT,3568.57,3569.23,7934.0,471.0
2025-07-24T06:15:38.575145,BTC-USDT,117753.1,117753.3,783.0,12582.0
2025-07-24T06:15:38.693309,ETH-USDT,3568.99,3569.01,10294.0,3742.0
2025-07-24T06:15:38.870465,BTC-USDT,117753.2,117753.3,328.0,12582.0
2025-07-24T06:15:38.870624,ETH-USDT,3569.0,3569.01,32.0,3742.0
2025-07-24T06:15:38.973373,ETH-USDT,3568.99,3569.0,10294.0,246.0
2025-07-24T06:15:38.973450,BTC-USDT,117753.1,117753.2,783.0,843.0
2025-07-24T06:15:39.269786,BTC-USDT,117753.1,117753.2,783.0,818.0
2025-07-24T06:15:39.371023,ETH-USDT,3569.0,3569.01,32.0,2413.0
2025-07-24T06:15:39.471113,ETH-USDT,3568.99,3569.01,10294.0,2413.0
2025-07-24T06:15:39.571109,BTC-USDT,117753.1,117753.2,783.0,818.0
2025-07-24T06:15:39.670574,ETH-USDT,3568.86,3568.87,561.0,2884.0
2025-07-24T06:15:39.670761,BTC-USDT,117753.1,117753.2,783.0,787.0
2025-07-24T06:15:39.770815,ETH-USDT,3568.83,3568.87,13282.0,2884.0
2025-07-24T06:15:39.872180,BTC-USDT,117753.1,117753.2,783.0,787.0
2025-07-24T06:15:39.969732,ETH-USDT,3568.75,3568.76,161.0,2667.0
2025-07-24T06:15:40.170940,BTC-USDT,117753.1,117753.2,783.0,700.0
2025-07-24T06:15:40.272404,ETH-USDT,3568.75,3568.76,161.0,2173.0
2025-07-24T06:15:40.401103,BTC-USDT,117753.1,117753.2,783.0,615.0
2025-07-24T06:15:40.571901,ETH-USDT,3568.76,3568.77,1594.0,13544.0
2025-07-24T06:15:40.571969,BTC-USDT,117753.1,117753.2,783.0,615.0
2025-07-24T06:15:40.678169,ETH-USDT,3568.75,3568.76,161.0,3742.0
2025-07-24T06:15:40.773458,ETH-USDT,3568.75,3568.76,161.0,3742.0
2025-07-24T06:15:40.870297,BTC-USDT,117753.1,117753.2,783.0,605.0
2025-07-24T06:15:40.972959,ETH-USDT,3568.75,3568.76,161.0,875.0
2025-07-24T06:15:41.170276,BTC-USDT,117753.1,117753.2,783.0,332.0
2025-07-24T06:15:41.370197,ETH-USDT,3568.75,3568.76,161.0,271.0
2025-07-24T06:15:41.370556,BTC-USDT,117753.2,117753.3,144.0,11104.0
2025-07-24T06:15:41.591727,BTC-USDT,117753.1,117753.2,783.0,888.0
2025-07-24T06:15:41.591787,ETH-USDT,3568.75,3568.76,161.0,271.0
2025-07-24T06:15:41.681526,ETH-USDT,3568.75,3568.76,55.0,271.0
2025-07-24T06:15:41.870456,ETH-USDT,3568.62,3568.67,11454.0,386.0
2025-07-24T06:15:41.870503,BTC-USDT,117753.1,117753.2,783.0,806.0
2025-07-24T06:15:42.071278,BTC-USDT,117753.1,117753.2,783.0,806.0
2025-07-24T06:15:42.175252,ETH-USDT,3568.62,3568.63,408.0,2436.0
2025-07-24T06:15:42.377381,ETH-USDT,3568.61,3568.63,13832.0,2436.0
2025-07-24T06:15:42.471382,ETH-USDT,3568.5,3568.54,22000.0,2499.0
2025-07-24T06:15:42.471461,BTC-USDT,117753.1,117753.2,783.0,502.0
2025-07-24T06:15:42.674352,BTC-USDT,117753.1,117753.2,783.0,495.0
2025-07-24T06:15:42.885002,ETH-USDT,3568.5,3568.51,22000.0,2623.0
2025-07-24T06:15:42.885052,BTC-USDT,117753.1,117753.2,783.0,495.0
2025-07-24T06:15:42.973425,ETH-USDT,3568.5,3568.51,22000.0,2623.0
2025-07-24T06:15:43.070341,ETH-USDT,3568.5,3568.51,22000.0,2176.0
2025-07-24T06:15:43.197663,BTC-USDT,117753.1,117753.2,783.0,449.0
2025-07-24T06:15:43.270346,BTC-USDT,117753.1,117753.2,783.0,843.0
2025-07-24T06:15:43.377597,ETH-USDT,3568.49,3568.51,12552.0,2176.0
2025-07-24T06:15:43.470954,ETH-USDT,3568.25,3568.31,15864.0,3106.0
2025-07-24T06:15:43.471003,BTC-USDT,117753.1,117753.2,783.0,736.0
2025-07-24T06:15:43.570415,ETH-USDT,3568.0,3568.02,14307.0,3742.0
2025-07-24T06:15:43.571315,BTC-USDT,117753.1,117753.2,783.0,736.0
2025-07-24T06:15:43.769926,ETH-USDT,3568.0,3568.01,988.0,2682.0
2025-07-24T06:15:43.971907,ETH-USDT,3568.0,3568.01,988.0,2641.0
2025-07-24T06:15:44.169986,ETH-USDT,3567.92,3568.01,7198.0,2641.0
2025-07-24T06:15:44.271133,BTC-USDT,117753.1,117753.2,783.0,579.0
2025-07-24T06:15:44.371303,ETH-USDT,3567.74,3567.75,519.0,1563.0
2025-07-24T06:15:44.571688,ETH-USDT,3567.71,3567.75,15402.0,1563.0
2025-07-24T06:15:44.571769,BTC-USDT,117753.1,117753.2,783.0,579.0
2025-07-24T06:15:44.771525,BTC-USDT,117753.2,117753.3,392.0,11104.0
2025-07-24T06:15:44.869968,BTC-USDT,117753.1,117753.3,783.0,11104.0
2025-07-24T06:15:44.969899,ETH-USDT,3567.71,3567.75,15402.0,1277.0
2025-07-24T06:15:44.969951,BTC-USDT,117753.0,117753.2,14624.0,1158.0
2025-07-24T06:15:45.084512,ETH-USDT,3567.34,3567.37,12993.0,566.0
2025-07-24T06:15:45.084554,BTC-USDT,117742.7,117743.7,12767.0,10086.0
2025-07-24T06:15:45.170026,ETH-USDT,3567.34,3567.36,12993.0,2407.0
2025-07-24T06:15:45.170216,BTC-USDT,117741.3,117743.6,14610.0,2279.0
2025-07-24T06:15:45.469695,BTC-USDT,117736.6,117736.8,1247.0,11217.0
2025-07-24T06:15:45.469738,ETH-USDT,3567.35,3567.38,4274.0,3396.0
2025-07-24T06:15:45.570519,ETH-USDT,3567.35,3567.36,4274.0,3742.0
2025-07-24T06:15:45.570550,BTC-USDT,117736.6,117736.7,1247.0,1449.0
2025-07-24T06:15:45.791071,ETH-USDT,3567.35,3567.36,4274.0,1543.0
2025-07-24T06:15:45.791116,BTC-USDT,117736.7,117736.8,226.0,11217.0
2025-07-24T06:15:45.969960,ETH-USDT,3567.35,3567.36,4274.0,1543.0
2025-07-24T06:15:46.171134,ETH-USDT,3567.35,3567.36,4274.0,1115.0
2025-07-24T06:15:46.289501,BTC-USDT,117736.6,117736.7,1247.0,911.0
2025-07-24T06:15:46.570450,ETH-USDT,3567.35,3567.36,4274.0,1115.0
2025-07-24T06:15:46.570559,BTC-USDT,117736.6,117736.7,1247.0,911.0
2025-07-24T06:15:46.674404,ETH-USDT,3567.35,3567.36,4274.0,211.0
2025-07-24T06:15:46.770265,BTC-USDT,117736.6,117736.7,1247.0,802.0
2025-07-24T06:15:46.871318,BTC-USDT,117736.6,117736.7,1247.0,802.0
2025-07-24T06:15:46.974181,ETH-USDT,3567.35,3567.36,635.0,211.0
2025-07-24T06:15:47.071620,ETH-USDT,3567.35,3567.36,318.0,211.0
2025-07-24T06:15:47.175716,BTC-USDT,117736.6,117736.7,1247.0,800.0
2025-07-24T06:15:47.578759,ETH-USDT,3567.36,3567.37,5902.0,14044.0
2025-07-24T06:15:47.578815,BTC-USDT,117736.6,117736.7,1247.0,945.0
2025-07-24T06:15:47.681166,BTC-USDT,117736.6,117736.7,1247.0,897.0
2025-07-24T06:15:47.870286,BTC-USDT,117736.6,117736.7,1247.0,939.0
2025-07-24T06:15:47.972570,BTC-USDT,117736.6,117736.7,1247.0,12.0
2025-07-24T06:15:47.972613,ETH-USDT,3567.35,3567.36,318.0,2137.0
2025-07-24T06:15:48.070224,BTC-USDT,117736.6,117736.7,1247.0,178.0
2025-07-24T06:15:48.070277,ETH-USDT,3567.9,3567.94,4274.0,13904.0
2025-07-24T06:15:48.171498,BTC-USDT,117736.7,117736.8,1369.0,11217.0
2025-07-24T06:15:48.171550,ETH-USDT,3568.08,3568.12,4274.0,12283.0
2025-07-24T06:15:48.270243,BTC-USDT,117741.3,117745.7,11853.0,158.0
2025-07-24T06:15:48.270915,ETH-USDT,3568.44,3568.46,4274.0,14258.0
2025-07-24T06:15:48.479276,ETH-USDT,3568.62,3568.65,4274.0,12328.0
2025-07-24T06:15:48.479317,BTC-USDT,117745.6,117745.7,1678.0,158.0
2025-07-24T06:15:48.570012,ETH-USDT,3568.62,3568.68,4274.0,9321.0
2025-07-24T06:15:48.670819,BTC-USDT,117745.6,117745.7,1678.0,90.0
2025-07-24T06:15:48.670863,ETH-USDT,3568.58,3568.59,6044.0,969.0
2025-07-24T06:15:48.875555,ETH-USDT,3568.58,3568.63,6044.0,202.0
2025-07-24T06:15:48.875612,BTC-USDT,117745.6,117745.7,1678.0,90.0
2025-07-24T06:15:48.980222,ETH-USDT,3568.58,3568.59,6044.0,710.0
2025-07-24T06:15:49.092144,BTC-USDT,117745.6,117745.7,1678.0,85.0
2025-07-24T06:15:49.370245,ETH-USDT,3568.62,3568.64,2274.0,6181.0
2025-07-24T06:15:49.484094,ETH-USDT,3568.62,3568.67,2274.0,15863.0
2025-07-24T06:15:49.484144,BTC-USDT,117745.6,117745.8,1678.0,10596.0
2025-07-24T06:15:49.579015,ETH-USDT,3568.62,3568.63,2274.0,47.0
2025-07-24T06:15:49.679268,ETH-USDT,3568.62,3568.77,2274.0,14840.0
2025-07-24T06:15:49.870247,BTC-USDT,117745.7,117745.8,104.0,10596.0
2025-07-24T06:15:49.970367,ETH-USDT,3568.74,3568.75,3909.0,421.0
2025-07-24T06:15:49.970571,BTC-USDT,117745.6,117745.7,1678.0,209.0
2025-07-24T06:15:50.170606,ETH-USDT,3568.74,3568.76,3852.0,11825.0
2025-07-24T06:15:50.170833,BTC-USDT,117745.6,117745.8,1678.0,10596.0
2025-07-24T06:15:50.295157,ETH-USDT,3568.98,3569.0,181.0,13621.0
2025-07-24T06:15:50.295281,BTC-USDT,117747.6,117748.8,242.0,8705.0
2025-07-24T06:15:50.379581,ETH-USDT,3569.21,3569.62,13546.0,10213.0
2025-07-24T06:15:50.381480,BTC-USDT,117752.0,117752.2,10214.0,16326.0
2025-07-24T06:15:50.483980,ETH-USDT,3569.21,3569.23,7820.0,102.0
2025-07-24T06:15:50.484023,BTC-USDT,117752.1,117752.7,4216.0,7000.0
2025-07-24T06:15:50.670197,ETH-USDT,3569.18,3569.23,11339.0,102.0
2025-07-24T06:15:50.771626,ETH-USDT,3569.23,3569.24,1030.0,11425.0
2025-07-24T06:15:50.771658,BTC-USDT,117752.1,117752.2,4181.0,108.0
2025-07-24T06:15:50.971120,ETH-USDT,3568.84,3568.85,912.0,3742.0
2025-07-24T06:15:51.170014,BTC-USDT,117752.1,117752.2,4181.0,106.0
2025-07-24T06:15:51.474619,ETH-USDT,3568.8,3568.85,6376.0,2820.0
2025-07-24T06:15:51.474662,BTC-USDT,117752.2,117752.3,888.0,10184.0
2025-07-24T06:15:51.570588,ETH-USDT,3568.8,3568.85,5428.0,2820.0
2025-07-24T06:15:51.682703,ETH-USDT,3568.7,3568.73,13763.0,3742.0
2025-07-24T06:15:51.769909,BTC-USDT,117752.1,117752.2,4181.0,102.0
2025-07-24T06:15:51.770040,ETH-USDT,3568.56,3568.59,3253.0,11684.0
2025-07-24T06:15:51.878936,BTC-USDT,117752.1,117752.2,4181.0,102.0
2025-07-24T06:15:51.878976,ETH-USDT,3568.54,3568.57,12799.0,1016.0
2025-07-24T06:15:51.970951,ETH-USDT,3568.54,3568.59,12799.0,10466.0
