timestamp,symbol,bid,ask,bid_vol,ask_vol
2025-07-24T15:28:39.148938,BTC-USDT,119005.0,119005.01,0.00011,0.505984
2025-07-24T15:28:39.149088,ETH-USDT,3740.48,3740.49,3.1734,0.0384
2025-07-24T15:28:39.149127,SOL-USDT,189.384,189.3952,1.588,1.497
2025-07-24T15:28:39.149164,LTC-USDT,114.44,114.48,3.0927,21.47
2025-07-24T15:28:39.149202,LTC-USDT,114.44,114.47,3.0927,12.0
2025-07-24T15:28:39.167493,XRP-USDT,3.23716,3.2374,351.0,351.0
2025-07-24T15:28:39.230763,XRP-USDT,3.23716,3.23741,351.0,278.18
2025-07-24T15:28:39.331384,ETH-USDT,3740.47,3740.48,0.3988,0.0393
2025-07-24T15:28:39.331435,XRP-USDT,3.237,3.23735,2324.86,351.0
2025-07-24T15:28:39.334976,SOL-USDT,189.3836,189.3943,44.892,4.86
2025-07-24T15:28:39.335211,LTC-USDT,114.44,114.47,0.1227,12.0
2025-07-24T15:28:39.429836,ETH-USDT,3740.46,3740.47,0.3988,0.5384
2025-07-24T15:28:39.430042,XRP-USDT,3.237,3.23734,2324.86,257.0
2025-07-24T15:28:39.432805,SOL-USDT,189.3836,189.3904,44.892,1.503
2025-07-24T15:28:39.529131,ETH-USDT,3740.3,3740.31,3.3735,0.0395
2025-07-24T15:28:39.529175,XRP-USDT,3.237,3.23711,2324.86,351.0
2025-07-24T15:28:39.629922,XRP-USDT,3.237,3.23701,2324.86,351.0
2025-07-24T15:28:39.631223,SOL-USDT,189.3421,189.3903,86.536,4.86
2025-07-24T15:28:39.631699,LTC-USDT,114.44,114.47,0.1227,12.0
2025-07-24T15:28:39.730231,ETH-USDT,3740.3,3740.31,0.7,0.5395
2025-07-24T15:28:39.731589,LTC-USDT,114.42,114.47,7.2927,12.0
2025-07-24T15:28:39.829591,SOL-USDT,189.3422,189.3903,0.062,4.86
2025-07-24T15:28:39.829657,LTC-USDT,114.42,114.46,7.2927,2.97
2025-07-24T15:28:39.928954,ETH-USDT,3740.3,3740.31,0.7,1.952
2025-07-24T15:28:39.929283,XRP-USDT,3.237,3.23701,2324.86,1006.86
2025-07-24T15:28:39.930054,SOL-USDT,189.3422,189.3489,0.062,1.581
2025-07-24T15:28:39.930104,LTC-USDT,114.42,114.46,0.1227,2.97
2025-07-24T15:28:40.030160,SOL-USDT,189.3067,189.3373,1.5,1.456
2025-07-24T15:28:40.030346,LTC-USDT,114.41,114.46,2.97,25.67
2025-07-24T15:28:40.133394,ETH-USDT,3740.3,3740.31,0.7,2.1345
2025-07-24T15:28:40.133447,SOL-USDT,189.2954,189.3373,5.251,1.456
2025-07-24T15:28:40.133475,LTC-USDT,114.41,114.46,3.0927,25.67
2025-07-24T15:28:40.228952,ETH-USDT,3740.3,3740.31,0.7,1.9125
2025-07-24T15:28:40.229124,XRP-USDT,3.237,3.23701,2324.86,1263.86
2025-07-24T15:28:40.231976,SOL-USDT,189.3304,189.3373,1.483,1.456
2025-07-24T15:28:40.232068,LTC-USDT,114.42,114.46,2.97,25.67
2025-07-24T15:28:40.328828,XRP-USDT,3.237,3.23701,3058.36,1263.86
2025-07-24T15:28:40.329728,SOL-USDT,189.3304,189.3962,1.483,4.86
2025-07-24T15:28:40.330036,LTC-USDT,114.42,114.46,2.97,25.67
2025-07-24T15:28:40.428776,ETH-USDT,3740.3,3740.31,0.7,1.9488
2025-07-24T15:28:40.428817,XRP-USDT,3.237,3.23701,3058.36,1006.86
2025-07-24T15:28:40.429296,SOL-USDT,189.3304,189.3929,1.483,4.86
2025-07-24T15:28:40.529028,XRP-USDT,3.237,3.23701,3058.36,1263.86
2025-07-24T15:28:40.530120,SOL-USDT,189.3304,189.392,1.483,4.86
2025-07-24T15:28:40.530276,LTC-USDT,114.41,114.46,3.0927,25.67
2025-07-24T15:28:40.629052,ETH-USDT,3740.3,3740.31,1.2,1.9488
2025-07-24T15:28:40.631087,SOL-USDT,189.3304,189.3402,1.483,1.472
2025-07-24T15:28:40.631222,LTC-USDT,114.42,114.46,2.97,25.67
2025-07-24T15:28:40.731250,XRP-USDT,3.237,3.23701,3806.62,1263.86
2025-07-24T15:28:40.731444,LTC-USDT,114.42,114.46,2.97,25.67
2025-07-24T15:28:40.928843,ETH-USDT,3740.3,3740.31,0.7234,1.9488
2025-07-24T15:28:40.929076,XRP-USDT,3.237,3.23701,2165.35,1678.17
2025-07-24T15:28:41.035211,ETH-USDT,3739.04,3739.99,0.0135,0.5
2025-07-24T15:28:41.035478,XRP-USDT,3.23572,3.23634,351.0,351.0
2025-07-24T15:28:41.037013,LTC-USDT,114.41,114.46,3.0927,25.67
2025-07-24T15:28:41.131129,ETH-USDT,3739.24,3739.96,0.0042,0.5
2025-07-24T15:28:41.132516,LTC-USDT,114.41,114.46,0.1227,25.67
2025-07-24T15:28:41.227918,ETH-USDT,3739.89,3740.02,0.0361,0.5
2025-07-24T15:28:41.228811,LTC-USDT,114.41,114.46,3.0927,25.67
2025-07-24T15:28:41.328728,ETH-USDT,3739.89,3740.02,0.0361,1.8979
2025-07-24T15:28:41.329076,LTC-USDT,114.42,114.46,2.97,25.67
2025-07-24T15:28:41.428582,ETH-USDT,3740.01,3740.02,0.3988,1.8979
2025-07-24T15:28:41.428647,XRP-USDT,3.23572,3.23618,351.0,351.0
2025-07-24T15:28:41.528261,XRP-USDT,3.2356,3.23593,154.0,351.0
2025-07-24T15:28:41.632750,ETH-USDT,3739.98,3739.99,0.3988,4.344
2025-07-24T15:28:41.632790,XRP-USDT,3.2357,3.23601,351.0,351.0
2025-07-24T15:28:41.632814,LTC-USDT,114.41,114.46,3.0927,25.67
2025-07-24T15:28:41.730404,ETH-USDT,3739.89,3739.98,0.0361,1.3979
2025-07-24T15:28:41.730659,XRP-USDT,3.23479,3.23568,351.0,351.0
2025-07-24T15:28:41.732954,SOL-USDT,189.3069,189.3465,0.062,8.5
2025-07-24T15:28:41.829113,ETH-USDT,3739.89,3739.98,0.0361,1.8979
2025-07-24T15:28:41.829263,XRP-USDT,3.23506,3.236,351.0,414.31
2025-07-24T15:28:41.831067,SOL-USDT,189.3042,189.3463,3.0,8.5
2025-07-24T15:28:41.929970,XRP-USDT,3.2348,3.23579,257.0,257.0
2025-07-24T15:28:41.930272,SOL-USDT,189.3146,189.3308,44.873,1.539
2025-07-24T15:28:42.030205,ETH-USDT,3739.56,3739.65,2.6739,0.8979
2025-07-24T15:28:42.030247,XRP-USDT,3.23531,3.23559,351.0,351.0
2025-07-24T15:28:42.030980,SOL-USDT,189.3211,189.3308,1.59,1.539
2025-07-24T15:28:42.031021,LTC-USDT,114.41,114.46,0.1227,25.67
2025-07-24T15:28:42.129291,ETH-USDT,3739.43,3739.74,0.0076,0.0362
2025-07-24T15:28:42.129467,XRP-USDT,3.23512,3.23534,351.0,351.0
2025-07-24T15:28:42.129924,SOL-USDT,189.3211,189.3307,1.59,5.552
2025-07-24T15:28:42.130295,LTC-USDT,114.41,114.46,3.0927,25.67
2025-07-24T15:28:42.228524,ETH-USDT,3739.53,3739.54,0.3988,1.8979
2025-07-24T15:28:42.228570,XRP-USDT,3.235,3.2353,351.0,351.0
2025-07-24T15:28:42.329580,XRP-USDT,3.235,3.23546,351.0,351.0
2025-07-24T15:28:42.331275,LTC-USDT,114.42,114.46,2.97,25.67
2025-07-24T15:28:42.430850,BTC-USDT,119005.0,119005.01,1e-05,1.015366
2025-07-24T15:28:42.431280,ETH-USDT,3739.53,3739.54,0.4255,1.8979
2025-07-24T15:28:42.431374,XRP-USDT,3.23502,3.23536,154.0,351.0
2025-07-24T15:28:42.431691,SOL-USDT,189.3146,189.3212,44.873,1.565
2025-07-24T15:28:42.431732,LTC-USDT,114.41,114.46,0.1227,25.67
2025-07-24T15:28:42.528568,BTC-USDT,119005.0,119005.01,1e-05,0.764731
2025-07-24T15:28:42.528777,ETH-USDT,3739.53,3739.54,0.0267,1.8979
2025-07-24T15:28:42.528817,XRP-USDT,3.2347,3.23567,154.0,351.0
2025-07-24T15:28:42.529342,LTC-USDT,114.41,114.45,3.0927,18.5
2025-07-24T15:28:42.628916,XRP-USDT,3.23485,3.23514,283.72,351.0
2025-07-24T15:28:42.630496,LTC-USDT,114.41,114.45,0.1227,18.5
2025-07-24T15:28:42.728212,ETH-USDT,3739.49,3739.64,0.0389,1.8979
2025-07-24T15:28:42.728262,XRP-USDT,3.23506,3.23514,298.9,351.0
2025-07-24T15:28:42.828931,BTC-USDT,119000.0,119000.01,0.000177,0.358569
2025-07-24T15:28:42.829109,XRP-USDT,3.23486,3.23514,351.0,351.0
2025-07-24T15:28:42.929111,ETH-USDT,3739.25,3739.26,3.1714,0.0365
2025-07-24T15:28:42.929310,XRP-USDT,3.23436,3.23492,351.0,351.0
2025-07-24T15:28:42.930364,LTC-USDT,114.41,114.44,3.0927,18.5
2025-07-24T15:28:43.030345,ETH-USDT,3739.35,3740.29,0.0042,1.3979
2025-07-24T15:28:43.030395,XRP-USDT,3.23514,3.23547,351.0,351.0
2025-07-24T15:28:43.031149,LTC-USDT,114.41,114.43,0.1227,11.97
2025-07-24T15:28:43.128682,ETH-USDT,3739.64,3739.65,0.3988,3.844
2025-07-24T15:28:43.128860,XRP-USDT,3.2346,3.23514,351.0,351.0
2025-07-24T15:28:43.229107,BTC-USDT,119000.0,119000.01,0.000177,0.503617
2025-07-24T15:28:43.229339,ETH-USDT,3739.35,3739.55,0.0041,0.0109
2025-07-24T15:28:43.229382,XRP-USDT,3.2346,3.23487,351.0,748.58
2025-07-24T15:28:43.230183,LTC-USDT,114.4,114.42,52.231,2.97
2025-07-24T15:28:43.331931,ETH-USDT,3738.45,3739.44,2.6745,0.0054
2025-07-24T15:28:43.332723,XRP-USDT,3.23435,3.23458,505.0,351.0
2025-07-24T15:28:43.332824,SOL-USDT,189.3042,189.3056,3.0,1.583
2025-07-24T15:28:43.428888,BTC-USDT,119000.0,119000.01,0.000177,0.763381
2025-07-24T15:28:43.429288,ETH-USDT,3738.51,3739.46,2.6745,0.5
2025-07-24T15:28:43.432163,XRP-USDT,3.23468,3.23608,257.0,257.0
2025-07-24T15:28:43.529061,ETH-USDT,3739.45,3739.46,0.3988,0.5
2025-07-24T15:28:43.529205,XRP-USDT,3.23533,3.23595,351.0,351.0
2025-07-24T15:28:43.530414,SOL-USDT,189.3042,189.3146,3.0,4.86
2025-07-24T15:28:43.630651,ETH-USDT,3739.37,3739.46,0.0361,0.5
2025-07-24T15:28:43.630700,XRP-USDT,3.235,3.23563,351.0,351.0
2025-07-24T15:28:43.631415,SOL-USDT,189.3042,189.3043,3.0,1.583
2025-07-24T15:28:43.729046,ETH-USDT,3739.16,3739.17,0.3988,0.1282
2025-07-24T15:28:43.729087,XRP-USDT,3.23545,3.23546,940.0,351.0
2025-07-24T15:28:43.729465,SOL-USDT,189.2254,189.3042,86.487,8.5
2025-07-24T15:28:43.829820,ETH-USDT,3738.89,3738.9,2.6744,0.038
2025-07-24T15:28:43.829861,XRP-USDT,3.23545,3.23553,940.0,275.32
2025-07-24T15:28:43.830333,SOL-USDT,189.2798,189.2947,44.867,1.449
2025-07-24T15:28:43.830369,LTC-USDT,114.4,114.42,52.231,2.97
2025-07-24T15:28:43.928833,ETH-USDT,3738.89,3738.9,3.1744,0.038
2025-07-24T15:28:43.928881,XRP-USDT,3.23546,3.23586,351.0,351.0
2025-07-24T15:28:43.929737,SOL-USDT,189.2865,189.2947,1.509,1.449
2025-07-24T15:28:43.929776,LTC-USDT,114.39,114.42,2.97,2.97
2025-07-24T15:28:44.028202,XRP-USDT,3.23568,3.23595,632.0,351.0
2025-07-24T15:28:44.128942,ETH-USDT,3739.64,3739.65,0.5,3.844
2025-07-24T15:28:44.129082,XRP-USDT,3.23574,3.23649,351.0,257.0
2025-07-24T15:28:44.130515,LTC-USDT,114.39,114.43,2.97,9.0
2025-07-24T15:28:44.229548,ETH-USDT,3738.93,3739.6,2.6741,0.0054
2025-07-24T15:28:44.229573,XRP-USDT,3.23581,3.23608,154.0,351.0
2025-07-24T15:28:44.229811,LTC-USDT,114.4,114.43,2.97,11.97
2025-07-24T15:28:44.328225,ETH-USDT,3738.93,3739.59,2.6741,1.5
2025-07-24T15:28:44.429447,ETH-USDT,3738.97,3738.98,3.1745,0.2372
2025-07-24T15:28:44.429689,XRP-USDT,3.23581,3.23582,154.0,351.0
2025-07-24T15:28:44.430926,LTC-USDT,114.39,114.43,3.0928,11.97
2025-07-24T15:28:44.530912,ETH-USDT,3738.67,3738.68,0.3988,0.0389
2025-07-24T15:28:44.531086,XRP-USDT,3.23545,3.23547,940.0,351.0
2025-07-24T15:28:44.532197,SOL-USDT,189.2322,189.2782,7.6,1.529
2025-07-24T15:28:44.532239,LTC-USDT,114.39,114.43,0.1228,11.97
2025-07-24T15:28:44.630757,BTC-USDT,119000.0,119000.01,0.000177,0.965187
2025-07-24T15:28:44.631444,ETH-USDT,3738.67,3738.68,0.3988,1.212
2025-07-24T15:28:44.631598,XRP-USDT,3.23489,3.23544,154.0,257.0
2025-07-24T15:28:44.633131,SOL-USDT,189.2255,189.2732,0.062,1.461
2025-07-24T15:28:44.729575,ETH-USDT,3738.67,3738.68,0.8988,1.218
2025-07-24T15:28:44.729787,XRP-USDT,3.23534,3.23553,294.38,351.0
2025-07-24T15:28:44.730472,SOL-USDT,189.2258,189.2732,7.6,1.461
2025-07-24T15:28:44.730509,LTC-USDT,114.4,114.43,2.97,11.97
2025-07-24T15:28:44.831176,ETH-USDT,3738.38,3738.68,0.0042,1.718
2025-07-24T15:28:44.831223,XRP-USDT,3.23475,3.23522,154.0,351.0
2025-07-24T15:28:44.831265,SOL-USDT,189.2255,189.2726,0.062,6.022
2025-07-24T15:28:44.831428,LTC-USDT,114.39,114.43,0.1228,11.97
2025-07-24T15:28:44.930302,ETH-USDT,3738.38,3738.59,0.0042,0.5
2025-07-24T15:28:44.930573,XRP-USDT,3.23475,3.23476,154.0,351.0
2025-07-24T15:28:44.932898,SOL-USDT,189.2255,189.2545,0.062,1.573
2025-07-24T15:28:44.933150,LTC-USDT,114.39,114.43,0.1228,11.97
2025-07-24T15:28:45.029202,ETH-USDT,3738.52,3738.59,0.3988,0.5
2025-07-24T15:28:45.029442,XRP-USDT,3.23482,3.23546,291.79,257.0
2025-07-24T15:28:45.128815,ETH-USDT,3738.58,3738.59,0.3988,0.5
2025-07-24T15:28:45.129082,XRP-USDT,3.23482,3.23483,291.79,351.0
2025-07-24T15:28:45.129927,SOL-USDT,189.2459,189.2545,1.514,1.573
2025-07-24T15:28:45.130161,LTC-USDT,114.39,114.41,3.0928,2.97
2025-07-24T15:28:45.230001,ETH-USDT,3738.45,3738.56,2.6748,0.5
2025-07-24T15:28:45.328846,ETH-USDT,3738.55,3738.56,0.3988,0.5061
2025-07-24T15:28:45.429782,ETH-USDT,3738.45,3738.55,2.6748,1.5
2025-07-24T15:28:45.430622,XRP-USDT,3.23431,3.23483,154.0,351.0
2025-07-24T15:28:45.431798,SOL-USDT,189.2317,189.2545,0.062,1.573
2025-07-24T15:28:45.431840,LTC-USDT,114.39,114.41,0.1228,2.97
2025-07-24T15:28:45.528886,ETH-USDT,3738.16,3738.17,0.3988,0.0386
2025-07-24T15:28:45.529027,XRP-USDT,3.23445,3.23483,351.0,351.0
2025-07-24T15:28:45.633955,ETH-USDT,3738.16,3738.17,0.5,0.0386
2025-07-24T15:28:45.633996,XRP-USDT,3.23463,3.23506,351.0,351.0
2025-07-24T15:28:45.729187,ETH-USDT,3738.16,3738.17,3.1751,0.0386
2025-07-24T15:28:45.729239,XRP-USDT,3.23447,3.23465,154.0,351.0
2025-07-24T15:28:45.730970,SOL-USDT,189.2392,189.2545,1.575,1.573
2025-07-24T15:28:45.731240,LTC-USDT,114.38,114.4,48.016,2.97
2025-07-24T15:28:45.831038,ETH-USDT,3738.02,3738.03,0.7,0.0379
2025-07-24T15:28:45.831185,XRP-USDT,3.2343,3.23463,154.0,257.0
2025-07-24T15:28:45.832510,SOL-USDT,189.223,189.2318,0.159,6.356
2025-07-24T15:28:45.832757,LTC-USDT,114.35,114.4,7.17,2.97
2025-07-24T15:28:45.931707,ETH-USDT,3738.02,3738.03,0.7,0.5067
2025-07-24T15:28:45.931751,XRP-USDT,3.23429,3.23431,100.0,351.0
2025-07-24T15:28:45.931972,SOL-USDT,189.2204,189.2205,1.5,1.52
2025-07-24T15:28:46.031130,LTC-USDT,114.36,114.4,2.97,7.17
2025-07-24T15:28:46.129654,ETH-USDT,3738.02,3738.03,0.7,0.5445
2025-07-24T15:28:46.129918,XRP-USDT,3.23429,3.2343,100.0,622.53
2025-07-24T15:28:46.131017,LTC-USDT,114.35,114.4,0.1228,7.17
2025-07-24T15:28:46.267557,BTC-USDT,119000.0,119000.01,7.7e-05,0.965187
2025-07-24T15:28:46.267882,ETH-USDT,3738.02,3738.03,0.7,1.3614
2025-07-24T15:28:46.268033,XRP-USDT,3.2336,3.23381,154.0,351.0
2025-07-24T15:28:46.269091,SOL-USDT,189.1968,189.2018,0.062,1.6
2025-07-24T15:28:46.269336,LTC-USDT,114.35,114.4,0.1228,25.67
2025-07-24T15:28:46.330853,XRP-USDT,3.23359,3.23396,351.0,351.0
2025-07-24T15:28:46.332774,SOL-USDT,189.1839,189.2184,0.159,4.86
2025-07-24T15:28:46.332823,LTC-USDT,114.35,114.39,0.1228,18.5
2025-07-24T15:28:46.430598,ETH-USDT,3738.02,3738.03,0.7,1.5011
2025-07-24T15:28:46.430666,XRP-USDT,3.23342,3.23396,351.0,351.0
2025-07-24T15:28:46.430891,SOL-USDT,189.1809,189.181,3.0,1.526
2025-07-24T15:28:46.430938,LTC-USDT,114.35,114.39,0.1228,22.7
2025-07-24T15:28:46.529084,XRP-USDT,3.23378,3.23396,293.63,351.0
2025-07-24T15:28:46.529751,SOL-USDT,189.1809,189.181,3.0,10.026
2025-07-24T15:28:46.633642,ETH-USDT,3738.02,3738.03,0.7,5.3431
2025-07-24T15:28:46.633685,XRP-USDT,3.23346,3.23396,154.0,351.0
2025-07-24T15:28:46.633717,SOL-USDT,189.1809,189.181,3.0,20.026
2025-07-24T15:28:46.728828,XRP-USDT,3.23365,3.23424,154.0,257.0
2025-07-24T15:28:46.828388,XRP-USDT,3.23287,3.23392,154.0,625.68
2025-07-24T15:28:46.929495,ETH-USDT,3738.02,3738.03,0.7232,5.3431
2025-07-24T15:28:46.929927,XRP-USDT,3.2343,3.23456,351.0,351.0
2025-07-24T15:28:46.930256,LTC-USDT,114.35,114.39,2.97,22.7
2025-07-24T15:28:47.032855,XRP-USDT,3.23364,3.23423,257.0,351.0
2025-07-24T15:28:47.034787,LTC-USDT,114.34,114.39,2.97,22.7
2025-07-24T15:28:47.128973,ETH-USDT,3737.55,3737.56,0.3988,0.7599
2025-07-24T15:28:47.129038,XRP-USDT,3.23422,3.23423,941.0,351.0
2025-07-24T15:28:47.228463,ETH-USDT,3737.55,3737.56,0.5,0.5379
2025-07-24T15:28:47.228509,XRP-USDT,3.23422,3.23423,1636.19,351.0
2025-07-24T15:28:47.229936,LTC-USDT,114.34,114.36,2.97,2.97
2025-07-24T15:28:47.332558,LTC-USDT,114.34,114.39,2.97,22.7
2025-07-24T15:28:47.428562,BTC-USDT,119000.0,119000.01,7.7e-05,0.9651870000982353
2025-07-24T15:28:47.428867,XRP-USDT,3.2343,3.23499,705.0,257.0
2025-07-24T15:28:47.528435,ETH-USDT,3737.55,3737.56,3.1755,0.5379
2025-07-24T15:28:47.528479,XRP-USDT,3.2343,3.23431,705.0,351.0
2025-07-24T15:28:47.529129,LTC-USDT,114.34,114.39,2.97,22.7
2025-07-24T15:28:47.828795,XRP-USDT,3.23432,3.23433,529.0,298.87
2025-07-24T15:28:47.829299,LTC-USDT,114.34,114.39,2.97,22.7
2025-07-24T15:28:47.929572,LTC-USDT,114.34,114.39,2.97,22.7
2025-07-24T15:28:48.030083,ETH-USDT,3737.51,3737.52,3.5743,0.0382
2025-07-24T15:28:48.030128,XRP-USDT,3.23433,3.23481,649.61,351.0
2025-07-24T15:28:48.127902,XRP-USDT,3.23433,3.23481,298.61,351.0
2025-07-24T15:28:48.228506,ETH-USDT,3737.51,3737.52,3.1755,0.0382
2025-07-24T15:28:48.228790,XRP-USDT,3.23433,3.23452,298.61,294.5
2025-07-24T15:28:48.328950,XRP-USDT,3.23433,3.23434,930.61,351.0
2025-07-24T15:28:48.427510,XRP-USDT,3.23433,3.23434,632.0,351.0
2025-07-24T15:28:48.428134,LTC-USDT,114.34,114.39,2.97,22.7
2025-07-24T15:28:48.528583,ETH-USDT,3737.51,3737.52,3.1755,0.2388
2025-07-24T15:28:48.528793,XRP-USDT,3.23433,3.23448,632.0,351.0
2025-07-24T15:28:48.628266,ETH-USDT,3737.51,3737.52,3.1755,4.0808
2025-07-24T15:28:48.628309,XRP-USDT,3.23448,3.23481,351.0,351.0
2025-07-24T15:28:48.630511,LTC-USDT,114.34,114.39,2.97,22.7
2025-07-24T15:28:48.728477,XRP-USDT,3.23468,3.23499,646.96,351.0
2025-07-24T15:28:48.835808,XRP-USDT,3.23468,3.23499,295.96,351.0
2025-07-24T15:28:48.835862,LTC-USDT,114.36,114.39,2.97,22.7
2025-07-24T15:28:48.929179,ETH-USDT,3737.5,3737.51,0.3988,1.8979
2025-07-24T15:28:48.929233,XRP-USDT,3.23391,3.23463,154.0,351.0
2025-07-24T15:28:48.929959,LTC-USDT,114.34,114.39,2.97,18.5
2025-07-24T15:28:49.028946,XRP-USDT,3.23432,3.23463,351.0,351.0
2025-07-24T15:28:49.127899,ETH-USDT,3737.37,3737.38,2.6756,0.0383
2025-07-24T15:28:49.127939,XRP-USDT,3.23453,3.23463,154.0,351.0
2025-07-24T15:28:49.228174,ETH-USDT,3737.37,3737.38,3.1756,0.0383
2025-07-24T15:28:49.327963,XRP-USDT,3.23475,3.23479,351.0,351.0
2025-07-24T15:28:49.428782,ETH-USDT,3737.49,3737.5,0.8988,0.0486
2025-07-24T15:28:49.429172,XRP-USDT,3.23475,3.23552,351.0,500.0
2025-07-24T15:28:49.430766,LTC-USDT,114.34,114.39,2.97,18.5
2025-07-24T15:28:49.529704,ETH-USDT,3737.49,3737.5,3.5743,0.2492
2025-07-24T15:28:49.529844,XRP-USDT,3.23539,3.23577,351.0,351.0
2025-07-24T15:28:49.532383,SOL-USDT,189.1809,189.181,3.0,10.0
2025-07-24T15:28:49.532427,LTC-USDT,114.38,114.4,4.9561,18.5
2025-07-24T15:28:49.628121,BTC-USDT,119000.0,119000.01,7.7e-05,0.7054230000982353
2025-07-24T15:28:49.628317,XRP-USDT,3.23529,3.23577,276.73,351.0
2025-07-24T15:28:49.629151,SOL-USDT,189.1809,189.181,3.0,18.5
2025-07-24T15:28:49.629299,LTC-USDT,114.37,114.4,51.0285,18.5
2025-07-24T15:28:49.729199,BTC-USDT,119000.0,119000.01,7.7e-05,0.9650390000982353
2025-07-24T15:28:49.729422,ETH-USDT,3737.49,3737.5,3.0744,0.3073
2025-07-24T15:28:49.729465,XRP-USDT,3.2351,3.23511,940.0,351.0
2025-07-24T15:28:49.828652,ETH-USDT,3737.49,3737.5,2.6756,0.3073
2025-07-24T15:28:49.828705,XRP-USDT,3.23511,3.23534,351.0,351.0
2025-07-24T15:28:49.829802,SOL-USDT,189.1809,189.181,3.0,20.068
2025-07-24T15:28:49.829844,LTC-USDT,114.37,114.4,46.8285,18.5
2025-07-24T15:28:49.928117,ETH-USDT,3737.49,3737.5,3.1756,0.3073
2025-07-24T15:28:49.928273,XRP-USDT,3.23519,3.23542,299.37,351.0
2025-07-24T15:28:50.028145,ETH-USDT,3737.49,3737.5,0.5,0.3073
2025-07-24T15:28:50.029693,LTC-USDT,114.37,114.4,46.8285,21.47
2025-07-24T15:28:50.128677,ETH-USDT,3737.49,3737.5,0.5,0.0486
2025-07-24T15:28:50.230368,ETH-USDT,3737.49,3737.5,3.1755,0.0486
2025-07-24T15:28:50.230593,XRP-USDT,3.23542,3.23576,351.0,257.0
2025-07-24T15:28:50.231550,LTC-USDT,114.38,114.4,2.97,21.47
2025-07-24T15:28:50.336589,ETH-USDT,3738.61,3738.62,0.8988,0.0086
2025-07-24T15:28:50.336644,XRP-USDT,3.2358,3.23636,351.0,351.0
2025-07-24T15:28:50.336678,SOL-USDT,189.1809,189.181,3.0,10.0
2025-07-24T15:28:50.336708,LTC-USDT,114.39,114.46,2.97,3.72
2025-07-24T15:28:50.430271,BTC-USDT,119000.0,119000.01,7.7e-05,0.5036170000982353
2025-07-24T15:28:50.430550,ETH-USDT,3738.62,3738.63,3.5735,5.209
2025-07-24T15:28:50.430717,XRP-USDT,3.23627,3.23668,351.0,351.0
2025-07-24T15:28:50.432770,SOL-USDT,189.2136,189.2605,1.582,19.252
2025-07-24T15:28:50.433166,LTC-USDT,114.41,114.46,2.97,2.97
2025-07-24T15:28:50.530141,BTC-USDT,119000.0,119000.01,7.7e-05,0.7632150000982353
2025-07-24T15:28:50.530189,ETH-USDT,3738.69,3738.7,3.5735,0.2375
2025-07-24T15:28:50.530330,XRP-USDT,3.23629,3.2363,154.0,276.52
2025-07-24T15:28:50.533028,SOL-USDT,189.2247,189.2605,1.48,8.5
2025-07-24T15:28:50.533075,LTC-USDT,114.42,114.46,4.2,50.974
2025-07-24T15:28:50.630478,XRP-USDT,3.23608,3.23658,351.0,351.0
2025-07-24T15:28:50.631402,SOL-USDT,189.2247,189.2333,1.48,1.514
2025-07-24T15:28:50.631689,LTC-USDT,114.42,114.46,2.97,50.974
2025-07-24T15:28:50.730081,ETH-USDT,3738.69,3738.7,3.5735,0.2006
2025-07-24T15:28:50.730123,XRP-USDT,3.23578,3.23658,154.0,351.0
2025-07-24T15:28:50.830254,XRP-USDT,3.23608,3.23626,154.0,351.0
2025-07-24T15:28:50.831130,LTC-USDT,114.42,114.46,2.97,2.97
2025-07-24T15:28:50.927939,BTC-USDT,119000.0,119000.01,7.7e-05,0.9650210000982353
2025-07-24T15:28:50.927995,XRP-USDT,3.2361,3.23627,351.0,282.91
2025-07-24T15:28:51.129588,ETH-USDT,3739.46,3739.47,0.5,0.0062
2025-07-24T15:28:51.129674,XRP-USDT,3.23646,3.23673,351.0,351.0
2025-07-24T15:28:51.131331,LTC-USDT,114.44,114.46,2.97,18.5
2025-07-24T15:28:51.233512,ETH-USDT,3739.47,3739.48,3.5729,5.211
2025-07-24T15:28:51.233556,XRP-USDT,3.23646,3.23703,351.0,100.0
2025-07-24T15:28:51.234058,SOL-USDT,189.2482,189.2605,1.543,8.5
2025-07-24T15:28:51.330176,BTC-USDT,119000.0,119000.01,0.23895,0.155787
2025-07-24T15:28:51.330874,ETH-USDT,3739.32,3739.89,0.0038,1.1081
2025-07-24T15:28:51.331418,XRP-USDT,3.23643,3.2367,351.0,351.0
2025-07-24T15:28:51.333148,SOL-USDT,189.2537,189.2606,1.452,6.02
2025-07-24T15:28:51.333591,LTC-USDT,114.44,114.47,7.17,18.5
2025-07-24T15:28:51.428940,BTC-USDT,119000.0,119000.01,0.239402,0.269887
2025-07-24T15:28:51.429293,ETH-USDT,3739.62,3739.63,3.5727,0.037
2025-07-24T15:28:51.429335,XRP-USDT,3.23643,3.23683,351.0,293.18
2025-07-24T15:28:51.430190,SOL-USDT,189.2605,189.2606,1.57,6.02
2025-07-24T15:28:51.430412,LTC-USDT,114.44,114.48,7.17,50.973
2025-07-24T15:28:51.530205,BTC-USDT,119000.0,119000.01,7.7e-05,0.270325
2025-07-24T15:28:51.530485,XRP-USDT,3.23692,3.23703,351.0,100.0
2025-07-24T15:28:51.531669,SOL-USDT,189.2926,189.3383,1.444,5.251
2025-07-24T15:28:51.531893,LTC-USDT,114.45,114.48,2.97,50.973
2025-07-24T15:28:51.636860,BTC-USDT,119000.0,119000.01,0.008931,0.008402
2025-07-24T15:28:51.636896,ETH-USDT,3739.88,3739.89,11.6106,0.8301
2025-07-24T15:28:51.636919,XRP-USDT,3.23694,3.23771,154.0,2.11
2025-07-24T15:28:51.636941,SOL-USDT,189.3211,189.3439,1.581,3.0
2025-07-24T15:28:51.636962,LTC-USDT,114.47,114.5,2.97,0.099
2025-07-24T15:28:51.731163,BTC-USDT,119006.75,119006.76,0.247625,0.001417
2025-07-24T15:28:51.732003,ETH-USDT,3740.56,3740.57,3.1733,0.0053
2025-07-24T15:28:51.732040,XRP-USDT,3.23747,3.23814,287.65,351.0
2025-07-24T15:28:51.734273,SOL-USDT,189.3312,189.3439,1.494,3.0
2025-07-24T15:28:51.830129,ETH-USDT,3740.86,3740.87,3.5719,0.7
2025-07-24T15:28:51.830374,XRP-USDT,3.23779,3.23846,351.0,351.0
2025-07-24T15:28:51.831504,SOL-USDT,189.3361,189.3439,1.525,3.0
2025-07-24T15:28:51.831862,LTC-USDT,114.48,114.5,4.2,0.099
2025-07-24T15:28:51.930766,BTC-USDT,119006.75,119006.76,0.499596,0.001417
2025-07-24T15:28:51.932367,ETH-USDT,3740.86,3740.87,3.5719,0.7376
2025-07-24T15:28:51.932416,XRP-USDT,3.23779,3.2384,351.0,351.0
2025-07-24T15:28:51.933026,SOL-USDT,189.3412,189.3439,1.539,3.0
2025-07-24T15:28:51.933814,LTC-USDT,114.49,114.5,2.97,0.099
2025-07-24T15:28:52.029598,BTC-USDT,119009.99,119010.0,0.598066,0.00011
2025-07-24T15:28:52.029766,XRP-USDT,3.23767,3.23849,154.0,351.0
2025-07-24T15:28:52.030532,LTC-USDT,114.49,114.5,28.07,0.099
2025-07-24T15:28:52.129788,BTC-USDT,119009.99,119010.0,0.635566,0.00011
2025-07-24T15:28:52.130581,XRP-USDT,3.23797,3.23875,351.0,257.0
2025-07-24T15:28:52.133036,LTC-USDT,114.49,114.5,32.7847,0.099
2025-07-24T15:28:52.230828,ETH-USDT,3740.86,3740.87,3.1731,0.7376
2025-07-24T15:28:52.230981,XRP-USDT,3.23801,3.23843,351.0,351.0
2025-07-24T15:28:52.329199,BTC-USDT,119009.99,119010.0,0.636406,0.00011
2025-07-24T15:28:52.329596,ETH-USDT,3740.86,3740.87,0.5,0.7376
2025-07-24T15:28:52.329670,XRP-USDT,3.23801,3.23802,351.0,289.32
2025-07-24T15:28:52.330018,SOL-USDT,189.3413,189.3439,44.853,3.0
2025-07-24T15:28:52.430435,BTC-USDT,119018.99,119019.0,0.532703,0.00015
2025-07-24T15:28:52.430759,ETH-USDT,3740.86,3740.87,3.1731,0.7376
2025-07-24T15:28:52.430903,XRP-USDT,3.23812,3.23912,351.0,6507.4
2025-07-24T15:28:52.530353,BTC-USDT,119020.99,119021.0,0.281844,0.00015
2025-07-24T15:28:52.531023,ETH-USDT,3740.86,3740.87,3.2822,0.7376
2025-07-24T15:28:52.531064,XRP-USDT,3.23812,3.23904,351.0,257.0
2025-07-24T15:28:52.629695,ETH-USDT,3740.86,3740.87,3.2822,1.2376
2025-07-24T15:28:52.629740,XRP-USDT,3.23831,3.23835,351.0,272.88
2025-07-24T15:28:52.733076,XRP-USDT,3.23869,3.2392,351.0,608.0
2025-07-24T15:28:52.733666,LTC-USDT,114.49,114.5,37.9378,0.099
2025-07-24T15:28:52.828954,XRP-USDT,3.23849,3.23876,351.0,351.0
2025-07-24T15:28:52.928757,ETH-USDT,3740.86,3740.87,3.2822,1.438
2025-07-24T15:28:52.930189,XRP-USDT,3.23863,3.23864,351.0,274.51
2025-07-24T15:28:53.128450,XRP-USDT,3.23863,3.23922,351.0,351.0
2025-07-24T15:28:53.228328,XRP-USDT,3.23863,3.23896,351.0,351.0
2025-07-24T15:28:53.229560,SOL-USDT,189.3438,189.3439,1.495,3.0
2025-07-24T15:28:53.229791,LTC-USDT,114.49,114.5,28.07,0.099
2025-07-24T15:28:53.327859,BTC-USDT,119020.99,119021.0,0.202299,0.00015
2025-07-24T15:28:53.328152,XRP-USDT,3.23855,3.23901,351.0,351.0
2025-07-24T15:28:53.329941,LTC-USDT,114.49,114.5,33.3091,0.099
2025-07-24T15:28:53.428003,XRP-USDT,3.23855,3.23879,351.0,270.3
2025-07-24T15:28:53.630126,ETH-USDT,3740.86,3740.87,0.1091,2.3536
2025-07-24T15:28:53.630182,XRP-USDT,3.23841,3.23853,154.0,351.0
2025-07-24T15:28:53.630484,LTC-USDT,114.49,114.5,35.7971,3.069
2025-07-24T15:28:53.730873,ETH-USDT,3740.57,3740.87,0.0043,1.4156
2025-07-24T15:28:53.731479,XRP-USDT,3.23776,3.23817,351.0,351.0
2025-07-24T15:28:53.732576,SOL-USDT,189.2957,189.3439,7.6,3.0
2025-07-24T15:28:53.829490,ETH-USDT,3740.25,3740.43,8.0,0.5109
2025-07-24T15:28:53.829727,XRP-USDT,3.2379,3.23822,154.0,351.0
2025-07-24T15:28:53.830623,SOL-USDT,189.2957,189.3357,7.6,1.453
2025-07-24T15:28:53.929920,ETH-USDT,3740.46,3740.47,0.3988,0.5
2025-07-24T15:28:53.930255,XRP-USDT,3.23803,3.23824,351.0,293.99
2025-07-24T15:28:53.932913,SOL-USDT,189.3222,189.3439,44.844,3.0
2025-07-24T15:28:54.028727,BTC-USDT,119020.99,119021.0,0.250129,0.00015
2025-07-24T15:28:54.029057,ETH-USDT,3740.38,3740.47,0.5,0.666
2025-07-24T15:28:54.029106,XRP-USDT,3.2381,3.23824,154.0,293.99
2025-07-24T15:28:54.030210,SOL-USDT,189.3274,189.3439,1.459,3.0
2025-07-24T15:28:54.030345,LTC-USDT,114.49,114.5,41.2414,3.069
2025-07-24T15:28:54.131371,ETH-USDT,3740.45,3740.46,0.3988,0.5
2025-07-24T15:28:54.131432,XRP-USDT,3.23811,3.23824,351.0,293.99
2025-07-24T15:28:54.227741,ETH-USDT,3740.45,3740.46,0.3988,0.125
2025-07-24T15:28:54.228676,SOL-USDT,189.3274,189.3364,1.459,1.472
2025-07-24T15:28:54.327836,XRP-USDT,3.2375,3.23822,351.0,351.0
2025-07-24T15:28:54.328975,LTC-USDT,114.49,114.5,46.2049,3.069
2025-07-24T15:28:54.428681,ETH-USDT,3740.44,3740.45,0.3988,1.902
2025-07-24T15:28:54.429062,XRP-USDT,3.23805,3.23824,351.0,293.99
2025-07-24T15:28:54.529163,ETH-USDT,3740.31,3740.44,2.6735,1.8979
2025-07-24T15:28:54.529644,XRP-USDT,3.23725,3.23816,257.0,351.0
2025-07-24T15:28:54.636731,ETH-USDT,3740.2,3740.21,0.3988,0.5385
2025-07-24T15:28:54.636772,XRP-USDT,3.23757,3.23784,154.0,351.0
2025-07-24T15:28:54.637801,LTC-USDT,114.49,114.5,50.9893,3.069
2025-07-24T15:28:54.729617,ETH-USDT,3739.91,3740.21,0.0039,0.1918
2025-07-24T15:28:54.729733,XRP-USDT,3.23761,3.23784,154.0,351.0
2025-07-24T15:28:54.829221,ETH-USDT,3740.19,3740.2,0.1328,1.9022
2025-07-24T15:28:54.829262,XRP-USDT,3.23763,3.23781,154.0,351.0
2025-07-24T15:28:54.829743,LTC-USDT,114.46,114.5,2.97,19.069
2025-07-24T15:28:54.929707,ETH-USDT,3739.91,3739.92,0.1328,0.3988
2025-07-24T15:28:54.929762,XRP-USDT,3.23763,3.23764,749.67,351.0
2025-07-24T15:28:54.930502,SOL-USDT,189.3222,189.3364,44.844,1.472
2025-07-24T15:28:54.930723,LTC-USDT,114.45,114.5,4.2,37.569
2025-07-24T15:28:55.029312,ETH-USDT,3739.73,3739.74,3.1739,0.0392
2025-07-24T15:28:55.029357,XRP-USDT,3.23763,3.23764,749.67,1378.3
2025-07-24T15:28:55.029805,SOL-USDT,189.2913,189.3124,86.541,1.555
2025-07-24T15:28:55.229046,SOL-USDT,189.3091,189.3124,44.832,1.555
2025-07-24T15:28:55.229187,LTC-USDT,114.45,114.49,7.17,18.5
2025-07-24T15:28:55.429071,XRP-USDT,3.23763,3.23764,749.67,2292.61
2025-07-24T15:28:55.430090,LTC-USDT,114.46,114.49,2.97,18.5
2025-07-24T15:28:55.566307,SOL-USDT,189.3065,189.3124,1.596,1.555
2025-07-24T15:28:55.566516,LTC-USDT,114.46,114.49,2.97,18.5
2025-07-24T15:28:55.631817,XRP-USDT,3.23763,3.23764,749.67,2292.61
2025-07-24T15:28:56.029835,ETH-USDT,3739.73,3739.74,3.1739,0.2397
2025-07-24T15:28:56.029883,XRP-USDT,3.23695,3.23708,154.0,298.9
2025-07-24T15:28:56.032023,SOL-USDT,189.2914,189.3124,44.829,1.555
2025-07-24T15:28:56.032072,LTC-USDT,114.46,114.49,2.97,18.5
2025-07-24T15:28:56.128152,XRP-USDT,3.23693,3.23695,100.0,351.0
2025-07-24T15:28:56.227795,XRP-USDT,3.23693,3.237,100.0,292.01
2025-07-24T15:28:56.328072,XRP-USDT,3.23694,3.23755,294.88,500.0
2025-07-24T15:28:56.328710,SOL-USDT,189.3006,189.3124,1.581,1.555
2025-07-24T15:28:56.428796,ETH-USDT,3739.73,3739.74,3.2118,0.2005
2025-07-24T15:28:56.429168,XRP-USDT,3.23726,3.2375,351.0,351.0
2025-07-24T15:28:56.531493,ETH-USDT,3740.31,3740.32,1.3594,0.903
2025-07-24T15:28:56.531534,XRP-USDT,3.23718,3.2375,351.0,351.0
2025-07-24T15:28:56.533020,LTC-USDT,114.46,114.49,2.97,18.5
2025-07-24T15:28:56.650719,XRP-USDT,3.23718,3.23744,351.0,295.83
2025-07-24T15:28:56.730219,ETH-USDT,3740.31,3740.32,1.3594,0.9426
2025-07-24T15:28:56.730274,XRP-USDT,3.23709,3.23729,351.0,287.23
2025-07-24T15:28:56.732030,LTC-USDT,114.45,114.49,2.97,18.5
2025-07-24T15:28:56.832065,XRP-USDT,3.23712,3.23738,154.0,351.0
2025-07-24T15:28:56.833574,SOL-USDT,189.2409,189.2825,7.6,1.512
2025-07-24T15:28:56.931235,SOL-USDT,189.2332,189.2825,0.062,1.512
2025-07-24T15:28:56.931422,LTC-USDT,114.45,114.47,2.97,2.97
2025-07-24T15:28:57.029525,ETH-USDT,3740.31,3740.32,1.3594,1.1431
2025-07-24T15:28:57.029581,XRP-USDT,3.23712,3.2372,154.0,296.66
2025-07-24T15:28:57.030231,SOL-USDT,189.2599,189.2825,44.822,1.512
2025-07-24T15:28:57.128857,XRP-USDT,3.23712,3.23719,154.0,351.0
2025-07-24T15:28:57.131177,SOL-USDT,189.2599,189.3115,44.822,10.0
2025-07-24T15:28:57.227844,XRP-USDT,3.23713,3.2372,154.0,296.66
2025-07-24T15:28:57.228742,SOL-USDT,189.26,189.2774,0.062,1.497
2025-07-24T15:28:57.228952,LTC-USDT,114.45,114.49,2.97,18.5
2025-07-24T15:28:57.328648,XRP-USDT,3.23713,3.23717,154.0,351.0
2025-07-24T15:28:57.329414,SOL-USDT,189.2599,189.2774,44.822,1.497
2025-07-24T15:28:57.429028,SOL-USDT,189.2684,189.2774,1.498,1.497
2025-07-24T15:28:57.528454,ETH-USDT,3740.31,3740.32,1.3867,1.1431
2025-07-24T15:28:57.529452,LTC-USDT,114.45,114.47,2.97,2.97
2025-07-24T15:28:57.728477,XRP-USDT,3.23713,3.2372,154.0,296.66
2025-07-24T15:28:57.828406,ETH-USDT,3740.31,3740.32,1.3867,4.9801
2025-07-24T15:28:57.828581,XRP-USDT,3.23713,3.2372,505.0,296.66
2025-07-24T15:28:57.829293,LTC-USDT,114.45,114.47,2.97,2.97
2025-07-24T15:28:57.930673,ETH-USDT,3740.68,3740.69,3.1733,0.3988
2025-07-24T15:28:57.930713,XRP-USDT,3.23738,3.23772,297.07,351.0
2025-07-24T15:28:57.931957,SOL-USDT,189.2732,189.3344,1.44,4.86
2025-07-24T15:28:57.931997,LTC-USDT,114.45,114.49,2.97,18.5
2025-07-24T15:28:58.029211,ETH-USDT,3740.68,3740.69,0.5,0.3988
2025-07-24T15:28:58.029255,XRP-USDT,3.23714,3.23772,351.0,351.0
2025-07-24T15:28:58.029980,SOL-USDT,189.2732,189.3327,1.44,4.86
2025-07-24T15:28:58.030089,LTC-USDT,114.45,114.48,2.97,12.0
2025-07-24T15:28:58.128781,ETH-USDT,3740.68,3740.69,0.5,0.438
2025-07-24T15:28:58.129027,XRP-USDT,3.23716,3.23748,351.0,351.0
2025-07-24T15:28:58.228766,ETH-USDT,3740.68,3740.69,0.5,0.9418
2025-07-24T15:28:58.228815,XRP-USDT,3.23747,3.23748,940.0,351.0
2025-07-24T15:28:58.229252,SOL-USDT,189.2732,189.2779,1.44,1.526
2025-07-24T15:28:58.328648,XRP-USDT,3.23747,3.23753,940.0,351.0
2025-07-24T15:28:58.433002,ETH-USDT,3740.68,3740.69,0.1021,0.9418
2025-07-24T15:28:58.528639,ETH-USDT,3740.39,3740.4,0.0041,0.3988
2025-07-24T15:28:58.629336,LTC-USDT,114.45,114.48,2.97,12.0
2025-07-24T15:28:58.728831,ETH-USDT,3740.39,3740.4,0.0041,0.4029
2025-07-24T15:28:58.728862,XRP-USDT,3.23747,3.23748,940.0,351.0
2025-07-24T15:28:58.828991,ETH-USDT,3740.39,3740.4,0.0419,0.0041
2025-07-24T15:28:58.829039,XRP-USDT,3.2375,3.23819,351.0,257.0
2025-07-24T15:28:58.829178,LTC-USDT,114.45,114.49,2.97,18.5
2025-07-24T15:28:58.927899,XRP-USDT,3.2376,3.23819,351.0,257.0
2025-07-24T15:28:59.028510,XRP-USDT,3.23771,3.23795,351.0,351.0
2025-07-24T15:28:59.128635,ETH-USDT,3740.48,3740.49,3.3062,0.0382
2025-07-24T15:28:59.129068,XRP-USDT,3.23778,3.23807,351.0,296.64
2025-07-24T15:28:59.130926,LTC-USDT,114.45,114.49,2.97,18.5
2025-07-24T15:28:59.227853,ETH-USDT,3740.48,3740.49,3.1734,0.0382
2025-07-24T15:28:59.227896,XRP-USDT,3.23778,3.23805,351.0,351.0
2025-07-24T15:28:59.339824,XRP-USDT,3.23778,3.23821,351.0,351.0
2025-07-24T15:28:59.429201,ETH-USDT,3740.48,3740.49,0.5,0.0422
2025-07-24T15:28:59.429312,XRP-USDT,3.23776,3.23821,292.89,351.0
2025-07-24T15:28:59.531711,LTC-USDT,114.45,114.49,2.97,18.5
2025-07-24T15:28:59.627825,XRP-USDT,3.23763,3.23787,154.0,351.0
2025-07-24T15:28:59.734865,BTC-USDT,119020.99,119021.0,0.202299,0.00015
2025-07-24T15:28:59.735105,ETH-USDT,3740.31,3740.32,1.3728,1.9526
2025-07-24T15:28:59.736093,SOL-USDT,189.2599,189.2778,44.822,5.933
2025-07-24T15:28:59.829172,BTC-USDT,119020.99,119021.0,0.250129,0.00015
2025-07-24T15:28:59.829532,XRP-USDT,3.2377,3.23788,285.22,274.64
2025-07-24T15:28:59.928652,BTC-USDT,119020.99,119021.0,0.202299,0.00015
2025-07-24T15:28:59.928995,ETH-USDT,3740.31,3740.32,1.3728,2.1186
2025-07-24T15:28:59.929255,XRP-USDT,3.23787,3.23788,705.0,274.64
2025-07-24T15:29:00.034872,BTC-USDT,119020.99,119021.0,0.250129,0.00015
2025-07-24T15:29:00.035095,ETH-USDT,3740.31,3740.32,1.3728,2.1186
2025-07-24T15:29:00.035219,XRP-USDT,3.23787,3.23788,705.0,625.64
2025-07-24T15:29:00.035744,SOL-USDT,189.2666,189.2778,1.516,5.933
2025-07-24T15:29:00.136245,ETH-USDT,3740.31,3740.32,0.6006,2.1186
2025-07-24T15:29:00.136484,XRP-USDT,3.23787,3.23788,705.0,625.64
2025-07-24T15:29:00.140085,SOL-USDT,189.2666,189.2778,1.516,5.933
2025-07-24T15:29:00.140128,LTC-USDT,114.45,114.49,2.97,18.5
2025-07-24T15:29:00.230761,BTC-USDT,119015.96,119015.97,0.000112,0.156456
2025-07-24T15:29:00.231027,ETH-USDT,3739.44,3739.85,0.0039,1.0
2025-07-24T15:29:00.231175,XRP-USDT,3.23693,3.23711,100.0,270.99
2025-07-24T15:29:00.232805,SOL-USDT,189.2333,189.258,0.159,4.86
2025-07-24T15:29:00.232845,LTC-USDT,114.44,114.47,7.2927,2.97
2025-07-24T15:29:00.330916,BTC-USDT,119015.96,119015.97,0.002049,0.408846
2025-07-24T15:29:00.330961,ETH-USDT,3739.47,3739.83,2.6739,0.5
2025-07-24T15:29:00.330990,XRP-USDT,3.23693,3.23696,100.0,351.0
2025-07-24T15:29:00.332319,SOL-USDT,189.188,189.2414,7.6,1.495
2025-07-24T15:29:00.332360,LTC-USDT,114.44,114.47,0.1227,21.47
2025-07-24T15:29:00.431454,BTC-USDT,119015.96,119015.97,0.003896,0.408846
2025-07-24T15:29:00.431791,ETH-USDT,3739.64,3739.65,0.0362,0.8988
2025-07-24T15:29:00.431833,XRP-USDT,3.23569,3.23659,257.0,257.0
2025-07-24T15:29:00.433438,SOL-USDT,189.1936,189.2228,3.0,4.86
2025-07-24T15:29:00.530274,ETH-USDT,3739.18,3739.19,0.1328,0.3988
2025-07-24T15:29:00.530326,XRP-USDT,3.23511,3.23519,154.0,351.0
2025-07-24T15:29:00.532166,SOL-USDT,189.1978,189.1979,11.974,14.934
2025-07-24T15:29:00.532314,LTC-USDT,114.46,114.47,25.1,2.97
2025-07-24T15:29:00.631518,ETH-USDT,3738.89,3738.9,0.0042,0.266
2025-07-24T15:29:00.631561,XRP-USDT,3.23512,3.23519,154.0,351.0
2025-07-24T15:29:00.632269,SOL-USDT,189.1809,189.1937,3.0,6.413
2025-07-24T15:29:00.632587,LTC-USDT,114.42,114.47,54.1212,2.97
2025-07-24T15:29:00.733737,ETH-USDT,3738.41,3738.42,0.5375,0.266
2025-07-24T15:29:00.733778,XRP-USDT,3.2351,3.23519,1162.25,351.0
2025-07-24T15:29:00.735281,SOL-USDT,189.1424,189.1503,1.55,4.86
2025-07-24T15:29:00.735440,LTC-USDT,114.42,114.47,4.3227,2.448
2025-07-24T15:29:00.831648,ETH-USDT,3738.62,3738.63,0.5394,0.3988
2025-07-24T15:29:00.831693,XRP-USDT,3.2351,3.23511,1162.25,1108.0
2025-07-24T15:29:00.832663,SOL-USDT,189.1223,189.1323,11.974,4.86
2025-07-24T15:29:00.832857,LTC-USDT,114.41,114.44,4.3227,5.3745
2025-07-24T15:29:00.930157,BTC-USDT,119015.96,119015.97,0.003896,0.553246
2025-07-24T15:29:00.930341,ETH-USDT,3738.62,3738.63,0.0394,0.8988
2025-07-24T15:29:00.930572,XRP-USDT,3.2351,3.23511,1138.38,1381.33
2025-07-24T15:29:00.931770,SOL-USDT,189.1046,189.1297,44.803,4.86
2025-07-24T15:29:00.931978,LTC-USDT,114.41,114.46,4.3227,26.5039
2025-07-24T15:29:01.029154,BTC-USDT,119015.96,119015.97,0.003896,0.755052
2025-07-24T15:29:01.029792,XRP-USDT,3.2351,3.23511,919.52,881.33
2025-07-24T15:29:01.030202,SOL-USDT,189.1046,189.1269,44.803,4.86
2025-07-24T15:29:01.030240,LTC-USDT,114.41,114.44,0.1227,2.97
2025-07-24T15:29:01.128915,XRP-USDT,3.2351,3.23511,1615.33,881.33
2025-07-24T15:29:01.129811,SOL-USDT,189.1142,189.1269,1.513,4.86
2025-07-24T15:29:01.229566,ETH-USDT,3738.62,3738.63,0.0394,0.5
2025-07-24T15:29:01.229749,XRP-USDT,3.2351,3.23511,1615.33,624.33
2025-07-24T15:29:01.230401,SOL-USDT,189.1189,189.1274,1.538,8.5
2025-07-24T15:29:01.331219,ETH-USDT,3738.83,3738.84,3.3074,0.037
2025-07-24T15:29:01.332055,SOL-USDT,189.1189,189.1274,1.149,8.5
2025-07-24T15:29:01.432179,ETH-USDT,3739.44,3739.97,0.5,0.0108
2025-07-24T15:29:01.432216,XRP-USDT,3.23515,3.23583,154.0,351.0
2025-07-24T15:29:01.432919,SOL-USDT,189.1104,189.181,21.204,4.86
2025-07-24T15:29:01.433062,LTC-USDT,114.43,114.46,18.8,21.47
2025-07-24T15:29:01.530302,BTC-USDT,119015.96,119015.97,0.003896,0.812587
2025-07-24T15:29:01.530854,ETH-USDT,3738.93,3740.0,2.6741,0.5
2025-07-24T15:29:01.530995,XRP-USDT,3.23526,3.23583,351.0,351.0
2025-07-24T15:29:01.532032,SOL-USDT,189.1515,189.2126,1.497,8.5
2025-07-24T15:29:01.532172,LTC-USDT,114.44,114.46,0.1227,2.97
2025-07-24T15:29:01.634695,ETH-USDT,3738.94,3739.07,0.029,0.0372
2025-07-24T15:29:01.634735,XRP-USDT,3.23529,3.23545,154.0,351.0
2025-07-24T15:29:01.634770,SOL-USDT,189.1515,189.1583,1.497,1.576
2025-07-24T15:29:01.634798,LTC-USDT,114.44,114.46,0.1227,21.47
2025-07-24T15:29:01.729200,BTC-USDT,119015.96,119015.97,0.003896,0.8396109761294219
2025-07-24T15:29:01.729245,ETH-USDT,3739.06,3739.07,3.3072,0.0372
2025-07-24T15:29:01.729439,XRP-USDT,3.23537,3.2355,505.0,277.17
2025-07-24T15:29:01.730478,LTC-USDT,114.44,114.46,0.1227,29.4739
2025-07-24T15:29:01.830670,ETH-USDT,3739.06,3739.07,3.1744,0.0372
2025-07-24T15:29:01.831086,XRP-USDT,3.23551,3.23583,351.0,351.0
2025-07-24T15:29:01.834803,SOL-USDT,189.1515,189.1999,1.497,4.86
2025-07-24T15:29:01.929439,BTC-USDT,119015.96,119015.97,0.003896,0.580269976129422
2025-07-24T15:29:01.929470,ETH-USDT,3739.06,3739.07,3.2011,0.0372
2025-07-24T15:29:01.930405,SOL-USDT,189.1566,189.1999,1.567,4.86
2025-07-24T15:29:02.028691,BTC-USDT,119015.96,119015.97,0.003896,0.839600976129422
2025-07-24T15:29:02.028959,XRP-USDT,3.23551,3.23562,351.0,277.46
2025-07-24T15:29:02.127957,BTC-USDT,119015.96,119015.97,0.003896,0.532439976129422
2025-07-24T15:29:02.128205,XRP-USDT,3.23551,3.23596,351.0,351.0
2025-07-24T15:29:02.231357,BTC-USDT,119015.96,119015.97,0.003896,0.7917669761294219
2025-07-24T15:29:02.231444,XRP-USDT,3.23551,3.23596,351.0,351.0
2025-07-24T15:29:02.231494,SOL-USDT,189.1567,189.166,44.798,1.592
2025-07-24T15:29:02.329029,BTC-USDT,119015.96,119015.97,0.003896,0.839596976129422
2025-07-24T15:29:02.329070,XRP-USDT,3.23541,3.23555,351.0,286.1
2025-07-24T15:29:02.330289,SOL-USDT,189.1636,189.1999,1.487,4.86
2025-07-24T15:29:02.429031,XRP-USDT,3.23554,3.23555,573.0,286.1
2025-07-24T15:29:02.429755,SOL-USDT,189.1636,189.1955,1.487,4.86
2025-07-24T15:29:02.534067,XRP-USDT,3.23579,3.23615,351.0,351.0
2025-07-24T15:29:02.534245,SOL-USDT,189.1573,189.2174,7.6,0.159
2025-07-24T15:29:02.630823,SOL-USDT,189.1883,189.2477,1.491,4.86
2025-07-24T15:29:02.630860,LTC-USDT,114.44,114.46,0.1227,29.4739
2025-07-24T15:29:02.732848,XRP-USDT,3.23569,3.23615,154.0,351.0
2025-07-24T15:29:02.831998,SOL-USDT,189.1883,189.1948,1.491,1.552
2025-07-24T15:29:02.928274,ETH-USDT,3739.06,3739.07,2.7933,0.0372
2025-07-24T15:29:02.928480,XRP-USDT,3.2358,3.23581,781.0,271.69
2025-07-24T15:29:03.029410,BTC-USDT,119015.96,119015.97,0.003896,1.041402976129422
2025-07-24T15:29:03.029886,ETH-USDT,3738.64,3738.65,0.0043,0.5
2025-07-24T15:29:03.029921,XRP-USDT,3.2358,3.23581,430.0,271.69
2025-07-24T15:29:03.031002,SOL-USDT,189.1792,189.1947,0.159,14.86
2025-07-24T15:29:03.031147,LTC-USDT,114.44,114.46,0.1227,29.4739
2025-07-24T15:29:03.130527,ETH-USDT,3738.64,3738.65,8.1328,0.5
2025-07-24T15:29:03.130569,XRP-USDT,3.23535,3.23552,351.0,277.25
2025-07-24T15:29:03.132062,SOL-USDT,189.1792,189.1947,0.159,10.0
2025-07-24T15:29:03.229015,ETH-USDT,3738.64,3738.65,8.0,0.5
2025-07-24T15:29:03.229317,XRP-USDT,3.23526,3.23549,351.0,351.0
2025-07-24T15:29:03.329561,ETH-USDT,3738.64,3738.65,8.0364,0.5
2025-07-24T15:29:03.329621,XRP-USDT,3.23534,3.23575,154.0,257.0
2025-07-24T15:29:03.331179,SOL-USDT,189.182,189.1947,1.557,10.0
2025-07-24T15:29:03.428149,ETH-USDT,3738.64,3738.65,10.7111,0.5
2025-07-24T15:29:03.428961,XRP-USDT,3.23535,3.23561,351.0,351.0
2025-07-24T15:29:03.529053,XRP-USDT,3.23521,3.23538,154.0,351.0
2025-07-24T15:29:03.628318,XRP-USDT,3.23521,3.23526,154.0,351.0
2025-07-24T15:29:03.728935,ETH-USDT,3738.64,3738.65,10.8381,0.5
2025-07-24T15:29:03.728983,XRP-USDT,3.23527,3.23572,154.0,257.0
2025-07-24T15:29:03.730810,SOL-USDT,189.182,189.1883,1.557,1.55
2025-07-24T15:29:03.829938,XRP-USDT,3.23532,3.23555,154.0,351.0
2025-07-24T15:29:03.830104,LTC-USDT,114.44,114.46,0.1227,33.6739
2025-07-24T15:29:03.930742,XRP-USDT,3.23532,3.23533,154.0,632.83
2025-07-24T15:29:04.028968,BTC-USDT,119015.96,119015.97,0.003896,0.7820759761294219
2025-07-24T15:29:04.029189,ETH-USDT,3738.64,3738.65,8.1634,0.5
2025-07-24T15:29:04.029399,XRP-USDT,3.23511,3.23608,154.0,257.0
2025-07-24T15:29:04.128222,BTC-USDT,119015.96,119015.97,0.003896,1.041404976129422
2025-07-24T15:29:04.128765,ETH-USDT,3738.64,3738.65,8.127,0.5
2025-07-24T15:29:04.128858,XRP-USDT,3.23512,3.23542,154.0,351.0
2025-07-24T15:29:04.130194,SOL-USDT,189.1792,189.1882,0.159,8.5
2025-07-24T15:29:04.227815,ETH-USDT,3738.33,3738.34,10.679,0.5
2025-07-24T15:29:04.227984,XRP-USDT,3.23512,3.23513,154.0,631.44
2025-07-24T15:29:04.328429,ETH-USDT,3738.33,3738.34,11.179,0.5
2025-07-24T15:29:04.428284,ETH-USDT,3738.33,3738.34,11.2123,0.5
2025-07-24T15:29:04.528062,ETH-USDT,3738.33,3738.34,12.0069,0.5
2025-07-24T15:29:04.628475,XRP-USDT,3.2351,3.23511,919.52,295.68
2025-07-24T15:29:04.629594,SOL-USDT,189.1792,189.187,0.159,4.86
2025-07-24T15:29:04.629651,LTC-USDT,114.39,114.45,2.97,29.4739
2025-07-24T15:29:04.729068,XRP-USDT,3.2351,3.23511,919.52,903.68
2025-07-24T15:29:04.729799,LTC-USDT,114.4,114.45,2.97,55.9739
2025-07-24T15:29:04.830279,XRP-USDT,3.2351,3.23511,1575.06,903.68
2025-07-24T15:29:04.831687,SOL-USDT,189.1532,189.187,0.062,4.86
2025-07-24T15:29:04.929044,XRP-USDT,3.2351,3.23511,1575.06,1317.99
2025-07-24T15:29:04.929762,SOL-USDT,189.1531,189.1587,44.793,8.5
2025-07-24T15:29:05.028518,ETH-USDT,3738.74,3738.75,0.1328,0.5
2025-07-24T15:29:05.028705,XRP-USDT,3.2351,3.23511,1575.06,1977.99
2025-07-24T15:29:05.129307,ETH-USDT,3738.64,3738.65,0.0375,0.766
2025-07-24T15:29:05.229484,ETH-USDT,3738.64,3738.65,0.0642,0.766
2025-07-24T15:29:05.529286,ETH-USDT,3738.64,3738.65,2.7389,0.5
2025-07-24T15:29:05.529328,XRP-USDT,3.2351,3.23511,2240.16,1977.99
2025-07-24T15:29:05.529682,LTC-USDT,114.4,114.44,2.97,3.0926
2025-07-24T15:29:05.628549,LTC-USDT,114.4,114.44,2.97,2.97
2025-07-24T15:29:05.728387,ETH-USDT,3738.64,3738.65,0.0642,0.5
2025-07-24T15:29:05.728711,XRP-USDT,3.2351,3.23511,2914.04,1977.99
2025-07-24T15:29:05.729473,LTC-USDT,114.4,114.44,2.97,3.0926
2025-07-24T15:29:05.829703,LTC-USDT,114.4,114.44,2.97,2.97
2025-07-24T15:29:05.928125,ETH-USDT,3738.64,3738.65,2.7389,0.5
2025-07-24T15:29:06.027903,ETH-USDT,3738.64,3738.65,0.0642,0.5
2025-07-24T15:29:06.127899,XRP-USDT,3.2351,3.23511,3583.69,1977.99
2025-07-24T15:29:06.229587,LTC-USDT,114.41,114.44,2.97,2.97
2025-07-24T15:29:06.531081,ETH-USDT,3738.64,3738.65,2.7389,0.5
2025-07-24T15:29:06.629083,XRP-USDT,3.2351,3.23511,3583.69,2477.99
2025-07-24T15:29:06.630407,LTC-USDT,114.41,114.44,2.97,3.0926
2025-07-24T15:29:06.830683,LTC-USDT,114.41,114.44,2.97,2.97
2025-07-24T15:29:07.227917,ETH-USDT,3738.64,3738.65,0.0642,0.5
2025-07-24T15:29:07.329213,SOL-USDT,189.1531,189.1587,42.504,8.5
2025-07-24T15:29:07.427288,ETH-USDT,3738.64,3738.65,2.7389,0.5
2025-07-24T15:29:07.528660,LTC-USDT,114.43,114.45,18.8,26.5039
2025-07-24T15:29:07.629449,LTC-USDT,114.43,114.44,18.8,2.97
2025-07-24T15:29:07.727495,XRP-USDT,3.2351,3.23511,4273.31,2477.99
2025-07-24T15:29:07.828304,ETH-USDT,3738.64,3738.65,0.0642,0.5
2025-07-24T15:29:08.129173,SOL-USDT,189.1531,189.1541,42.504,1.565
2025-07-24T15:29:08.528096,XRP-USDT,3.23487,3.23511,522.03,1574.31
2025-07-24T15:29:08.628050,ETH-USDT,3738.64,3738.65,0.0267,0.8871
2025-07-24T15:29:08.628097,XRP-USDT,3.23405,3.23422,154.0,281.28
2025-07-24T15:29:08.628857,LTC-USDT,114.43,114.44,23.751,2.97
2025-07-24T15:29:08.729159,ETH-USDT,3738.64,3738.65,0.0267,1.1479
2025-07-24T15:29:08.729872,XRP-USDT,3.23405,3.23417,154.0,351.0
2025-07-24T15:29:08.928497,XRP-USDT,3.23394,3.23402,100.0,351.0
2025-07-24T15:29:09.027974,XRP-USDT,3.23394,3.23398,100.0,270.76
2025-07-24T15:29:09.029374,SOL-USDT,189.1019,189.1541,11.974,1.565
2025-07-24T15:29:09.029414,LTC-USDT,114.43,114.44,4.951,25.27
2025-07-24T15:29:09.130278,XRP-USDT,3.23394,3.23398,100.0,351.0
2025-07-24T15:29:09.131247,SOL-USDT,189.1017,189.1337,1.5,1.492
2025-07-24T15:29:09.227899,XRP-USDT,3.23394,3.2343,100.0,257.0
2025-07-24T15:29:09.228383,SOL-USDT,189.1017,189.1287,1.5,1.443
2025-07-24T15:29:09.328003,XRP-USDT,3.23394,3.23395,100.0,271.69
2025-07-24T15:29:09.329373,SOL-USDT,189.1018,189.1287,44.778,1.443
2025-07-24T15:29:09.428667,XRP-USDT,3.23394,3.23395,810.7,271.69
2025-07-24T15:29:09.428929,SOL-USDT,189.115,189.1287,1.46,1.443
2025-07-24T15:29:09.529302,SOL-USDT,189.1019,189.1286,0.062,4.86
2025-07-24T15:29:09.529482,LTC-USDT,114.39,114.44,2.97,47.97
2025-07-24T15:29:09.629770,SOL-USDT,189.1019,189.1177,0.062,1.453
2025-07-24T15:29:09.629812,LTC-USDT,114.39,114.43,2.97,3.0926
2025-07-24T15:29:09.728049,ETH-USDT,3738.64,3738.65,0.0267,1.3485
2025-07-24T15:29:09.728092,XRP-USDT,3.23394,3.23395,1526.16,271.69
2025-07-24T15:29:09.730029,SOL-USDT,189.1018,189.1177,44.778,1.453
2025-07-24T15:29:09.828649,SOL-USDT,189.1122,189.1177,1.453,1.453
2025-07-24T15:29:09.828691,LTC-USDT,114.39,114.43,2.97,21.47
2025-07-24T15:29:09.929349,LTC-USDT,114.39,114.42,2.97,3.0926
2025-07-24T15:29:10.028864,XRP-USDT,3.23394,3.23395,1526.16,622.69
2025-07-24T15:29:10.127736,XRP-USDT,3.23394,3.23395,1526.16,271.69
2025-07-24T15:29:10.329343,LTC-USDT,114.39,114.42,2.97,2.97
2025-07-24T15:29:10.427504,LTC-USDT,114.39,114.42,2.97,3.0926
2025-07-24T15:29:10.629565,ETH-USDT,3738.28,3738.65,0.0068,1.3485
2025-07-24T15:29:10.629869,XRP-USDT,3.23394,3.23395,1526.16,622.69
2025-07-24T15:29:10.631983,SOL-USDT,189.0987,189.0988,3.0,1.567
2025-07-24T15:29:10.632189,LTC-USDT,114.37,114.42,55.116,2.97
2025-07-24T15:29:10.729261,ETH-USDT,3738.04,3738.05,0.0041,1.191
2025-07-24T15:29:10.729303,XRP-USDT,3.23394,3.23395,1526.16,271.69
2025-07-24T15:29:10.730410,LTC-USDT,114.38,114.42,2.97,21.47
2025-07-24T15:29:10.829273,LTC-USDT,114.36,114.41,2.97,7.2926
2025-07-24T15:29:10.929240,LTC-USDT,114.36,114.41,2.97,25.67
2025-07-24T15:29:11.029860,ETH-USDT,3737.46,3737.47,2.8084,0.5
2025-07-24T15:29:11.131040,ETH-USDT,3737.46,3737.47,2.6756,0.5
2025-07-24T15:29:11.131096,SOL-USDT,189.0987,189.0988,3.0,6.427
2025-07-24T15:29:11.131139,LTC-USDT,114.36,114.4,2.97,3.0926
2025-07-24T15:29:11.228294,ETH-USDT,3737.46,3737.47,2.6756,0.68
2025-07-24T15:29:11.230410,LTC-USDT,114.37,114.4,2.97,2.97
2025-07-24T15:29:11.331050,LTC-USDT,114.37,114.4,2.97,3.0926
2025-07-24T15:29:11.527447,XRP-USDT,3.23394,3.23395,2204.68,271.69
2025-07-24T15:29:11.529016,LTC-USDT,114.37,114.4,2.97,2.97
2025-07-24T15:29:11.653254,ETH-USDT,3737.46,3737.47,2.6756,4.51
2025-07-24T15:29:11.728671,ETH-USDT,3737.46,3737.47,11.1756,0.68
2025-07-24T15:29:11.730298,SOL-USDT,189.0987,189.0988,3.0,1.567
2025-07-24T15:29:11.730447,LTC-USDT,114.37,114.4,2.97,3.0926
2025-07-24T15:29:11.829269,ETH-USDT,3737.46,3737.47,11.2023,0.68
2025-07-24T15:29:11.929004,LTC-USDT,114.36,114.41,2.97,18.5
2025-07-24T15:29:12.029198,ETH-USDT,3737.46,3737.47,0.5267,0.68
2025-07-24T15:29:12.029523,SOL-USDT,189.0987,189.0988,3.0,6.427
2025-07-24T15:29:12.029561,LTC-USDT,114.36,114.4,2.97,0.1226
2025-07-24T15:29:12.128737,LTC-USDT,114.36,114.41,2.97,18.5
2025-07-24T15:29:12.229926,SOL-USDT,189.0987,189.0988,3.0,1.567
2025-07-24T15:29:12.327906,ETH-USDT,3737.46,3737.47,8.5267,0.68
2025-07-24T15:29:12.428841,ETH-USDT,3737.46,3737.47,11.4697,0.68
2025-07-24T15:29:12.430323,LTC-USDT,114.36,114.4,2.97,0.1226
2025-07-24T15:29:12.635972,LTC-USDT,114.36,114.41,2.97,18.5
2025-07-24T15:29:12.727859,XRP-USDT,3.23394,3.23395,2204.68,622.69
2025-07-24T15:29:12.828739,XRP-USDT,3.23394,3.23395,2204.68,271.69
2025-07-24T15:29:13.028752,BTC-USDT,119015.96,119015.97,0.003896,0.8395989761294219
2025-07-24T15:29:13.028968,XRP-USDT,3.23394,3.23395,2204.68,622.69
2025-07-24T15:29:13.128503,XRP-USDT,3.23394,3.23395,2204.68,271.69
2025-07-24T15:29:13.228449,ETH-USDT,3737.46,3737.47,11.4697,4.009
2025-07-24T15:29:13.228674,XRP-USDT,3.23394,3.23395,2930.83,271.69
2025-07-24T15:29:13.229523,LTC-USDT,114.38,114.4,2.97,2.97
2025-07-24T15:29:13.428810,LTC-USDT,114.36,114.4,2.97,2.97
2025-07-24T15:29:13.529516,ETH-USDT,3737.46,3737.47,11.4697,0.18
2025-07-24T15:29:13.529558,XRP-USDT,3.23394,3.23395,100.0,271.69
2025-07-24T15:29:13.729654,SOL-USDT,189.0646,189.0768,1.466,1.589
2025-07-24T15:29:13.828960,BTC-USDT,119015.96,119015.97,0.003896,1.041404976129422
2025-07-24T15:29:13.829015,XRP-USDT,3.23394,3.23395,100.0,528.69
2025-07-24T15:29:13.929461,ETH-USDT,3737.46,3737.47,3.4697,0.18
2025-07-24T15:29:13.929577,XRP-USDT,3.23394,3.23395,100.0,1443.0
2025-07-24T15:29:13.930475,SOL-USDT,189.0646,189.0721,1.466,1.581
2025-07-24T15:29:14.029108,BTC-USDT,119015.96,119015.97,0.003896,1.0412249761294219
2025-07-24T15:29:14.029160,ETH-USDT,3737.46,3737.47,0.7941,0.18
2025-07-24T15:29:14.029194,LTC-USDT,114.36,114.4,2.97,2.97
2025-07-24T15:29:14.229718,SOL-USDT,189.0595,189.0667,44.768,1.558
2025-07-24T15:29:14.431101,XRP-USDT,3.2334,3.23364,351.0,351.0
2025-07-24T15:29:14.530145,ETH-USDT,3737.46,3737.5,0.7941,3.828
2025-07-24T15:29:14.530195,XRP-USDT,3.23318,3.23354,351.0,351.0
2025-07-24T15:29:14.630417,ETH-USDT,3737.05,3737.1,0.1021,0.5
2025-07-24T15:29:14.630668,XRP-USDT,3.23329,3.2333,154.0,634.41
2025-07-24T15:29:14.635969,SOL-USDT,189.0351,189.0352,3.0,1.466
2025-07-24T15:29:14.741514,ETH-USDT,3737.07,3737.08,11.7779,0.3988
2025-07-24T15:29:14.741567,XRP-USDT,3.23276,3.23305,154.0,277.82
2025-07-24T15:29:14.741599,SOL-USDT,189.0351,189.0352,3.0,15.405
2025-07-24T15:29:14.830214,ETH-USDT,3737.09,3737.1,11.2779,0.3988
2025-07-24T15:29:14.830253,XRP-USDT,3.23276,3.23315,154.0,351.0
2025-07-24T15:29:14.835834,LTC-USDT,114.35,114.4,2.97,4.2
2025-07-24T15:29:14.932097,ETH-USDT,3737.1,3737.11,8.6021,0.3988
2025-07-24T15:29:14.932156,XRP-USDT,3.23276,3.23315,154.0,351.0
2025-07-24T15:29:14.932193,LTC-USDT,114.35,114.39,2.97,2.97
2025-07-24T15:29:15.028143,ETH-USDT,3737.15,3737.3,0.5,0.5
2025-07-24T15:29:15.028184,XRP-USDT,3.23288,3.23315,351.0,351.0
2025-07-24T15:29:15.130911,ETH-USDT,3737.29,3737.3,0.0053,0.722
2025-07-24T15:29:15.130956,XRP-USDT,3.23287,3.23315,154.0,351.0
2025-07-24T15:29:15.131529,SOL-USDT,189.0268,189.0269,1.5,1.525
2025-07-24T15:29:15.229236,XRP-USDT,3.23287,3.233,154.0,295.19
2025-07-24T15:29:15.230384,SOL-USDT,189.0268,189.0269,1.5,10.025
2025-07-24T15:29:15.328772,ETH-USDT,3737.29,3737.3,10.681,0.722
2025-07-24T15:29:15.328811,XRP-USDT,3.23284,3.23293,154.0,351.0
2025-07-24T15:29:15.329305,LTC-USDT,114.37,114.39,2.97,2.97
2025-07-24T15:29:15.529284,XRP-USDT,3.23284,3.23293,154.0,351.0
2025-07-24T15:29:15.530850,LTC-USDT,114.36,114.39,4.8642,2.97
2025-07-24T15:29:15.627685,ETH-USDT,3737.29,3737.3,8.0053,0.722
2025-07-24T15:29:15.627730,XRP-USDT,3.23278,3.23292,351.0,272.7
2025-07-24T15:29:15.628054,LTC-USDT,114.37,114.39,2.97,2.97
2025-07-24T15:29:15.728112,ETH-USDT,3737.29,3737.3,11.181,0.222
2025-07-24T15:29:15.728157,XRP-USDT,3.23282,3.23283,154.0,631.98
2025-07-24T15:29:15.728946,SOL-USDT,189.0268,189.0269,1.5,14.885
2025-07-24T15:29:15.831789,ETH-USDT,3737.29,3737.3,11.2172,0.222
2025-07-24T15:29:15.831829,XRP-USDT,3.233,3.23324,351.0,351.0
2025-07-24T15:29:15.832658,SOL-USDT,189.0268,189.0269,1.5,10.025
2025-07-24T15:29:16.030004,XRP-USDT,3.23333,3.23366,351.0,351.0
2025-07-24T15:29:16.031542,LTC-USDT,114.37,114.41,2.97,18.6226
2025-07-24T15:29:16.129150,XRP-USDT,3.23303,3.23319,154.0,351.0
2025-07-24T15:29:16.130190,LTC-USDT,114.38,114.41,2.97,18.6226
2025-07-24T15:29:16.228237,XRP-USDT,3.23303,3.23309,918.0,297.19
2025-07-24T15:29:16.228996,LTC-USDT,114.38,114.41,2.97,2.97
2025-07-24T15:29:16.329164,BTC-USDT,119015.96,119015.97,0.003896,0.839418976129422
2025-07-24T15:29:16.329489,XRP-USDT,3.23308,3.23309,505.0,297.19
2025-07-24T15:29:16.330476,SOL-USDT,189.0268,189.0645,1.5,5.869
2025-07-24T15:29:16.330705,LTC-USDT,114.38,114.41,2.97,0.1226
2025-07-24T15:29:16.434867,XRP-USDT,3.23326,3.23358,351.0,500.0
2025-07-24T15:29:16.434896,SOL-USDT,189.0398,189.0645,1.496,5.869
2025-07-24T15:29:16.434921,LTC-USDT,114.4,114.43,2.97,18.5
2025-07-24T15:29:16.530805,ETH-USDT,3737.59,3737.6,0.5,3.827
2025-07-24T15:29:16.530833,XRP-USDT,3.23326,3.23353,351.0,351.0
2025-07-24T15:29:16.531145,LTC-USDT,114.39,114.46,46.8285,2.97
2025-07-24T15:29:16.628352,ETH-USDT,3737.59,3737.6,3.1755,3.827
2025-07-24T15:29:16.628392,XRP-USDT,3.23311,3.23352,351.0,414.31
2025-07-24T15:29:16.629137,SOL-USDT,189.0398,189.0484,1.496,1.596
2025-07-24T15:29:16.629344,LTC-USDT,114.4,114.46,7.17,2.97
2025-07-24T15:29:16.730852,ETH-USDT,3737.59,3737.6,3.1755,3.8662
2025-07-24T15:29:16.730894,XRP-USDT,3.23311,3.23318,351.0,281.35
2025-07-24T15:29:16.731223,LTC-USDT,114.41,114.46,2.97,2.97
2025-07-24T15:29:16.829942,ETH-USDT,3737.59,3737.6,0.5,3.8662
2025-07-24T15:29:16.829984,XRP-USDT,3.23307,3.2331,154.0,293.02
2025-07-24T15:29:16.831453,SOL-USDT,189.0268,189.0484,1.5,1.596
2025-07-24T15:29:16.831503,LTC-USDT,114.4,114.44,4.2,2.97
2025-07-24T15:29:16.929812,ETH-USDT,3737.49,3737.54,2.6755,0.5
2025-07-24T15:29:16.930879,SOL-USDT,189.0268,189.0431,46.251,1.535
2025-07-24T15:29:16.930918,LTC-USDT,114.4,114.44,7.17,2.97
2025-07-24T15:29:17.027974,ETH-USDT,3737.21,3737.51,0.0036,0.8988
2025-07-24T15:29:17.029506,LTC-USDT,114.4,114.43,2.97,2.97
2025-07-24T15:29:17.133543,BTC-USDT,119015.96,119015.97,0.003896,0.5800899761294219
2025-07-24T15:29:17.133589,ETH-USDT,3737.26,3737.4,0.5,0.5
2025-07-24T15:29:17.133643,XRP-USDT,3.23307,3.2331,154.0,293.02
2025-07-24T15:29:17.133670,SOL-USDT,189.0362,189.0431,1.508,1.535
2025-07-24T15:29:17.228124,BTC-USDT,119015.96,119015.97,0.003896,0.8391399761294219
2025-07-24T15:29:17.229678,ETH-USDT,3737.29,3737.3,11.1756,0.3988
2025-07-24T15:29:17.230010,XRP-USDT,3.23307,3.2331,727.0,293.02
2025-07-24T15:29:17.328443,ETH-USDT,3737.39,3737.4,10.8177,0.3988
2025-07-24T15:29:17.328485,XRP-USDT,3.23307,3.23308,727.0,351.0
2025-07-24T15:29:17.427973,ETH-USDT,3737.42,3737.5,2.6755,0.5
2025-07-24T15:29:17.428016,XRP-USDT,3.23307,3.23308,727.0,286.33
2025-07-24T15:29:17.528760,ETH-USDT,3737.49,3737.5,3.0734,0.5
2025-07-24T15:29:17.730060,BTC-USDT,119015.96,119015.97,0.003896,1.040945976129422
2025-07-24T15:29:17.730300,ETH-USDT,3737.49,3737.5,0.3979,0.5
2025-07-24T15:29:17.730353,XRP-USDT,3.23307,3.23308,573.0,286.33
2025-07-24T15:29:17.732075,SOL-USDT,189.0268,189.027,1.5,1.484
2025-07-24T15:29:17.732268,LTC-USDT,114.39,114.42,46.8285,2.97
2025-07-24T15:29:17.830720,ETH-USDT,3737.2,3737.21,10.6796,0.3988
2025-07-24T15:29:17.830760,XRP-USDT,3.2325,3.23251,154.0,351.0
2025-07-24T15:29:17.831933,SOL-USDT,189.0066,189.0067,3.0,6.805
2025-07-24T15:29:17.832123,LTC-USDT,114.41,114.42,18.8,2.97
2025-07-24T15:29:17.929443,ETH-USDT,3737.21,3737.22,11.6281,0.3988
2025-07-24T15:29:18.028856,ETH-USDT,3737.21,3737.22,11.6646,0.3988
2025-07-24T15:29:18.028897,XRP-USDT,3.2325,3.23265,154.0,351.0
2025-07-24T15:29:18.029685,SOL-USDT,189.0066,189.0067,3.0,15.305
2025-07-24T15:29:18.128869,ETH-USDT,3737.35,3737.36,10.8161,0.3988
2025-07-24T15:29:18.128911,XRP-USDT,3.23255,3.23284,154.0,351.0
2025-07-24T15:29:18.228500,ETH-USDT,3737.43,3737.51,1.4524,0.0384
2025-07-24T15:29:18.228664,XRP-USDT,3.23261,3.23284,351.0,351.0
2025-07-24T15:29:18.229619,SOL-USDT,189.0066,189.0067,3.0,10.054
2025-07-24T15:29:18.328147,ETH-USDT,3737.46,3737.47,2.6756,0.3988
2025-07-24T15:29:18.328305,XRP-USDT,3.23293,3.23294,351.0,660.0
2025-07-24T15:29:18.329097,LTC-USDT,114.41,114.42,23.8468,2.97
2025-07-24T15:29:18.428307,ETH-USDT,3737.49,3737.51,1.0545,0.0384
2025-07-24T15:29:18.528203,ETH-USDT,3737.49,3737.5,3.1755,0.5
2025-07-24T15:29:18.528256,XRP-USDT,3.23284,3.23294,351.0,660.0
2025-07-24T15:29:18.727548,XRP-USDT,3.23317,3.23342,351.0,351.0
2025-07-24T15:29:18.830583,ETH-USDT,3737.57,3738.17,3.3064,0.0024
2025-07-24T15:29:18.830645,XRP-USDT,3.23317,3.2335,351.0,351.0
2025-07-24T15:29:18.833199,SOL-USDT,189.0066,189.0067,3.0,1.554
2025-07-24T15:29:18.833230,LTC-USDT,114.42,114.44,2.97,21.47
2025-07-24T15:29:18.929890,ETH-USDT,3737.67,3738.18,0.029,5.211
2025-07-24T15:29:18.929940,XRP-USDT,3.23302,3.2335,276.29,351.0
2025-07-24T15:29:18.932101,LTC-USDT,114.41,114.44,23.8468,2.97
2025-07-24T15:29:19.031061,ETH-USDT,3737.81,3737.93,0.5,0.3879
2025-07-24T15:29:19.031198,XRP-USDT,3.23304,3.23305,764.0,295.88
2025-07-24T15:29:19.032279,LTC-USDT,114.41,114.43,23.8468,2.97
2025-07-24T15:29:19.128157,ETH-USDT,3737.81,3737.82,0.5,0.8988
2025-07-24T15:29:19.128197,XRP-USDT,3.23304,3.23305,1511.33,646.88
2025-07-24T15:29:19.228792,ETH-USDT,3737.52,3737.53,0.004,0.8988
2025-07-24T15:29:19.228935,XRP-USDT,3.23304,3.23305,1511.33,903.88
2025-07-24T15:29:19.229894,LTC-USDT,114.41,114.42,23.8468,2.97
2025-07-24T15:29:19.328420,ETH-USDT,3737.31,3737.32,0.004,0.8988
2025-07-24T15:29:19.328458,LTC-USDT,114.41,114.42,28.5946,2.97
2025-07-24T15:29:19.428071,ETH-USDT,3737.31,3737.32,11.216,0.5
2025-07-24T15:29:19.428115,XRP-USDT,3.2325,3.23268,154.0,351.0
2025-07-24T15:29:19.528290,ETH-USDT,3737.31,3737.32,8.5363,0.5
2025-07-24T15:29:19.528335,XRP-USDT,3.2325,3.23264,154.0,284.22
2025-07-24T15:29:19.627840,BTC-USDT,119015.08,119015.09,0.001693,0.153449
2025-07-24T15:29:19.627883,XRP-USDT,3.2325,3.23264,505.0,284.22
2025-07-24T15:29:19.727575,BTC-USDT,119015.08,119015.09,0.001693,0.503529
2025-07-24T15:29:19.727639,XRP-USDT,3.23254,3.23264,154.0,284.22
2025-07-24T15:29:19.728037,LTC-USDT,114.41,114.42,9.7946,25.27
2025-07-24T15:29:19.828919,ETH-USDT,3737.31,3737.32,11.212,0.5
2025-07-24T15:29:19.928075,ETH-USDT,3737.57,3737.58,0.0376,0.5648
2025-07-24T15:29:19.928124,XRP-USDT,3.23263,3.23264,154.0,284.22
2025-07-24T15:29:19.929422,LTC-USDT,114.41,114.42,12.7646,22.3
2025-07-24T15:29:20.066534,XRP-USDT,3.23263,3.23264,505.0,284.22
2025-07-24T15:29:20.127496,ETH-USDT,3737.57,3737.58,0.0376,0.666
2025-07-24T15:29:20.128695,LTC-USDT,114.41,114.42,9.7946,22.3
2025-07-24T15:29:20.229970,ETH-USDT,3737.57,3737.58,0.0376,1.0542
2025-07-24T15:29:20.230019,LTC-USDT,114.41,114.42,12.7646,22.3
2025-07-24T15:29:20.328375,XRP-USDT,3.23284,3.23319,351.0,257.0
2025-07-24T15:29:20.329797,LTC-USDT,114.41,114.42,9.7946,22.3
2025-07-24T15:29:20.431155,ETH-USDT,3737.57,3737.58,11.2131,0.666
2025-07-24T15:29:20.431200,XRP-USDT,3.23318,3.23347,351.0,257.0
2025-07-24T15:29:20.433401,SOL-USDT,189.0119,189.0635,4.86,6.015
2025-07-24T15:29:20.433546,LTC-USDT,114.41,114.42,12.7646,22.3
2025-07-24T15:29:20.530789,ETH-USDT,3737.57,3737.58,11.2131,0.166
2025-07-24T15:29:20.530830,XRP-USDT,3.23318,3.23359,351.0,799.71
2025-07-24T15:29:20.532588,SOL-USDT,189.0297,189.0635,1.51,6.015
2025-07-24T15:29:20.629019,ETH-USDT,3737.57,3737.58,11.2214,0.0591
2025-07-24T15:29:20.629063,XRP-USDT,3.23317,3.23349,351.0,2576.1
2025-07-24T15:29:20.629351,SOL-USDT,189.0353,189.0634,1.59,10.0
2025-07-24T15:29:20.728409,ETH-USDT,3737.57,3737.58,11.2214,3.8831
2025-07-24T15:29:20.728827,XRP-USDT,3.23285,3.23324,154.0,288.52
2025-07-24T15:29:20.731349,SOL-USDT,189.0353,189.0468,1.59,1.484
2025-07-24T15:29:20.831879,XRP-USDT,3.23317,3.23324,351.0,288.52
2025-07-24T15:29:21.027242,BTC-USDT,119015.08,119015.09,0.001693,0.490624
2025-07-24T15:29:21.128732,LTC-USDT,114.41,114.42,12.7646,22.3
2025-07-24T15:29:21.428819,XRP-USDT,3.23323,3.23324,351.0,288.52
2025-07-24T15:29:21.430089,SOL-USDT,189.0353,189.0634,1.59,10.0
2025-07-24T15:29:21.529220,XRP-USDT,3.23313,3.23324,351.0,288.52
2025-07-24T15:29:21.532075,SOL-USDT,189.0324,189.0357,0.062,1.489
2025-07-24T15:29:21.627738,XRP-USDT,3.23316,3.23348,351.0,608.0
2025-07-24T15:29:21.628269,SOL-USDT,189.0323,189.0357,44.742,1.489
2025-07-24T15:29:21.727986,XRP-USDT,3.23316,3.23317,924.0,285.66
2025-07-24T15:29:21.728155,SOL-USDT,189.0323,189.0324,44.742,1.518
2025-07-24T15:29:21.829913,BTC-USDT,119001.68,119001.69,0.001846,0.008402
2025-07-24T15:29:21.829967,XRP-USDT,3.23316,3.23317,573.0,636.66
2025-07-24T15:29:21.831854,LTC-USDT,114.41,114.44,9.7946,2.97
2025-07-24T15:29:21.930900,BTC-USDT,119001.67,119001.68,0.215624,0.000376
2025-07-24T15:29:21.930946,ETH-USDT,3737.57,3737.58,3.2214,3.8831
2025-07-24T15:29:22.029381,ETH-USDT,3737.57,3737.58,0.5459,3.8831
2025-07-24T15:29:22.029628,XRP-USDT,3.23316,3.23317,573.0,285.66
2025-07-24T15:29:22.030507,LTC-USDT,114.41,114.44,9.7946,0.1226
2025-07-24T15:29:22.128073,BTC-USDT,119001.67,119001.68,0.218022,0.000376
2025-07-24T15:29:22.129453,ETH-USDT,3737.57,3737.58,11.2214,0.0591
2025-07-24T15:29:22.129486,XRP-USDT,3.23316,3.23317,924.0,285.66
2025-07-24T15:29:22.129922,LTC-USDT,114.42,114.45,2.97,66.397
2025-07-24T15:29:22.228635,BTC-USDT,119001.68,119001.69,0.252378,0.008402
2025-07-24T15:29:22.228913,ETH-USDT,3737.74,3737.78,0.6021,0.0366
2025-07-24T15:29:22.229563,LTC-USDT,114.41,114.44,9.7946,2.97
2025-07-24T15:29:22.329749,BTC-USDT,119012.52,119012.53,0.001394,0.300365
2025-07-24T15:29:22.330062,ETH-USDT,3737.75,3737.78,2.6754,0.0366
2025-07-24T15:29:22.330104,XRP-USDT,3.23316,3.23317,573.0,636.66
2025-07-24T15:29:22.331219,SOL-USDT,189.0219,189.0324,1.561,1.518
2025-07-24T15:29:22.331359,LTC-USDT,114.42,114.45,2.97,66.397
2025-07-24T15:29:22.428888,ETH-USDT,3737.77,3737.78,0.8169,0.4246
2025-07-24T15:29:22.428936,LTC-USDT,114.42,114.44,2.97,2.97
2025-07-24T15:29:22.529079,BTC-USDT,119012.52,119012.53,0.001394,0.502171
2025-07-24T15:29:22.529123,ETH-USDT,3737.69,3737.7,0.0362,0.8988
2025-07-24T15:29:22.529258,XRP-USDT,3.2326,3.23283,351.0,351.0
2025-07-24T15:29:22.530569,LTC-USDT,114.41,114.43,9.7946,2.97
2025-07-24T15:29:22.627949,BTC-USDT,119012.52,119012.53,0.001394,0.647219
2025-07-24T15:29:22.628537,ETH-USDT,3737.5,3737.51,2.6755,0.3988
2025-07-24T15:29:22.628908,XRP-USDT,3.23261,3.23268,154.0,276.64
2025-07-24T15:29:22.728959,ETH-USDT,3737.48,3737.49,0.0041,0.8988
2025-07-24T15:29:22.729002,XRP-USDT,3.23263,3.23265,154.0,351.0
2025-07-24T15:29:22.729797,LTC-USDT,114.41,114.42,9.7946,2.97
2025-07-24T15:29:22.831571,BTC-USDT,119012.52,119012.53,0.001394,0.747219
2025-07-24T15:29:22.835649,ETH-USDT,3737.48,3737.49,8.0,0.5
2025-07-24T15:29:22.835718,XRP-USDT,3.23263,3.23268,154.0,276.64
2025-07-24T15:29:22.928158,ETH-USDT,3737.48,3737.49,11.1755,0.3988
2025-07-24T15:29:22.928183,XRP-USDT,3.23265,3.23268,154.0,276.64
2025-07-24T15:29:23.029343,ETH-USDT,3737.48,3737.49,0.538,0.695
2025-07-24T15:29:23.029394,XRP-USDT,3.23267,3.23268,154.0,276.64
2025-07-24T15:29:23.029964,LTC-USDT,114.41,114.43,9.7946,2.97
2025-07-24T15:29:23.127841,ETH-USDT,3737.48,3737.49,8.538,0.695
2025-07-24T15:29:23.127885,XRP-USDT,3.23267,3.23268,824.53,276.64
2025-07-24T15:29:23.128293,LTC-USDT,114.41,114.43,9.7946,3.0926
2025-07-24T15:29:23.227973,ETH-USDT,3737.48,3737.49,11.2135,0.695
2025-07-24T15:29:23.228018,XRP-USDT,3.23294,3.23312,351.0,257.0
2025-07-24T15:29:23.228550,LTC-USDT,114.4,114.42,2.97,2.97
2025-07-24T15:29:23.327992,XRP-USDT,3.23267,3.23295,670.53,660.0
2025-07-24T15:29:23.427775,BTC-USDT,119012.52,119012.53,0.001394,1.009293
2025-07-24T15:29:23.428593,XRP-USDT,3.23274,3.23295,351.0,660.0
2025-07-24T15:29:23.429521,LTC-USDT,114.39,114.42,2.97,2.97
2025-07-24T15:29:23.531047,BTC-USDT,119012.52,119012.53,9.4e-05,0.864245
2025-07-24T15:29:23.531264,ETH-USDT,3736.32,3736.33,0.0314,0.3988
2025-07-24T15:29:23.531469,XRP-USDT,3.23248,3.2326,87.0,293.4
2025-07-24T15:29:23.533164,SOL-USDT,189.0176,189.0261,44.738,6.378
2025-07-24T15:29:23.533366,LTC-USDT,114.33,114.42,46.8285,2.97
2025-07-24T15:29:23.631434,BTC-USDT,119000.0,119000.01,8.7e-05,0.36093
2025-07-24T15:29:23.633718,ETH-USDT,3736.03,3736.04,0.7,0.3884
2025-07-24T15:29:23.633738,XRP-USDT,3.23248,3.23249,87.0,538.27
2025-07-24T15:29:23.635631,SOL-USDT,189.0066,189.0067,3.0,1.472
2025-07-24T15:29:23.635669,LTC-USDT,114.36,114.41,2.97,4.2
2025-07-24T15:29:23.729507,ETH-USDT,3736.03,3736.04,1.2,0.3884
2025-07-24T15:29:23.729727,XRP-USDT,3.23248,3.23249,87.0,889.27
2025-07-24T15:29:23.731171,SOL-USDT,188.9838,188.9952,28.596,1.532
2025-07-24T15:29:23.731209,LTC-USDT,114.36,114.4,2.97,2.97
2025-07-24T15:29:23.830901,ETH-USDT,3736.03,3736.04,1.2,0.6217
2025-07-24T15:29:23.833363,SOL-USDT,188.9862,188.9952,1.56,1.532
2025-07-24T15:29:23.833458,LTC-USDT,114.34,114.4,2.97,2.97
2025-07-24T15:29:23.929734,ETH-USDT,3736.05,3737.48,0.029,0.8679
2025-07-24T15:29:23.930683,LTC-USDT,114.36,114.4,2.97,0.1226
2025-07-24T15:29:24.028728,ETH-USDT,3736.14,3736.81,0.7863,0.5
2025-07-24T15:29:24.029719,SOL-USDT,188.9949,189.0259,1.456,5.251
2025-07-24T15:29:24.029762,LTC-USDT,114.36,114.4,2.97,2.97
2025-07-24T15:29:24.130634,ETH-USDT,3736.22,3737.81,0.029,0.0108
2025-07-24T15:29:24.130859,XRP-USDT,3.23248,3.23249,438.0,281.27
2025-07-24T15:29:24.132761,SOL-USDT,189.0272,189.0632,1.5,5.852
2025-07-24T15:29:24.132803,LTC-USDT,114.36,114.4,2.97,0.1226
2025-07-24T15:29:24.229283,ETH-USDT,3736.72,3736.82,8.029,0.0377
2025-07-24T15:29:24.229319,XRP-USDT,3.2328,3.23303,351.0,351.0
2025-07-24T15:29:24.230555,SOL-USDT,189.0374,189.0632,1.533,5.852
2025-07-24T15:29:24.230813,LTC-USDT,114.36,114.42,2.97,73.545
2025-07-24T15:29:24.330810,BTC-USDT,119000.0,119000.01,8.7e-05,0.505978
2025-07-24T15:29:24.331100,ETH-USDT,3736.81,3738.07,2.6756,0.0109
2025-07-24T15:29:24.331134,XRP-USDT,3.2328,3.23291,351.0,2575.3
2025-07-24T15:29:24.333046,SOL-USDT,189.0793,189.0858,1.529,3.0
2025-07-24T15:29:24.333080,LTC-USDT,114.38,114.41,2.97,0.1226
2025-07-24T15:29:24.430871,BTC-USDT,119000.0,119000.01,0.001531,0.764817
2025-07-24T15:29:24.430929,ETH-USDT,3736.91,3737.49,0.029,9.035
2025-07-24T15:29:24.430969,XRP-USDT,3.23249,3.23324,154.0,351.0
2025-07-24T15:29:24.431524,SOL-USDT,189.0857,189.0858,1.558,3.0
2025-07-24T15:29:24.431566,LTC-USDT,114.38,114.42,2.97,2.97
2025-07-24T15:29:24.528151,ETH-USDT,3736.95,3737.49,0.7262,5.213
2025-07-24T15:29:24.528204,XRP-USDT,3.23282,3.23283,1269.0,289.6
2025-07-24T15:29:24.528943,LTC-USDT,114.38,114.42,2.97,3.0926
2025-07-24T15:29:24.627331,ETH-USDT,3736.97,3737.02,0.2137,0.0372
2025-07-24T15:29:24.629828,LTC-USDT,114.38,114.42,2.97,2.97
2025-07-24T15:29:24.728337,ETH-USDT,3737.01,3737.02,11.3895,0.0372
2025-07-24T15:29:24.730903,LTC-USDT,114.38,114.42,2.97,2.97
2025-07-24T15:29:24.829131,SOL-USDT,189.0959,189.1049,1.454,1.484
2025-07-24T15:29:24.928500,BTC-USDT,119000.0,119000.01,0.001531,0.766521
2025-07-24T15:29:24.930053,LTC-USDT,114.38,114.42,2.97,3.0926
2025-07-24T15:29:25.129259,LTC-USDT,114.38,114.41,2.97,2.97
2025-07-24T15:29:25.228860,LTC-USDT,114.38,114.42,2.97,3.0926
2025-07-24T15:29:25.329145,XRP-USDT,3.23282,3.23283,2017.43,289.6
2025-07-24T15:29:25.430176,LTC-USDT,114.38,114.42,2.97,2.97
2025-07-24T15:29:25.530594,ETH-USDT,3737.04,3737.05,11.1904,0.3988
2025-07-24T15:29:25.531091,XRP-USDT,3.23314,3.23339,351.0,257.0
2025-07-24T15:29:25.531933,LTC-USDT,114.38,114.42,2.97,0.1226
2025-07-24T15:29:25.630643,ETH-USDT,3737.08,3737.37,2.6757,0.1979
2025-07-24T15:29:25.630683,XRP-USDT,3.23315,3.23343,154.0,351.0
2025-07-24T15:29:25.631373,SOL-USDT,189.1071,189.1468,1.527,5.89
2025-07-24T15:29:25.631411,LTC-USDT,114.38,114.43,2.97,18.5
2025-07-24T15:29:25.728178,ETH-USDT,3737.13,3737.14,3.8895,0.3988
2025-07-24T15:29:25.728301,XRP-USDT,3.23288,3.23317,351.0,351.0
2025-07-24T15:29:25.728984,SOL-USDT,189.1071,189.1467,1.527,8.5
2025-07-24T15:29:25.729109,LTC-USDT,114.38,114.42,2.97,3.0926
2025-07-24T15:29:25.828283,ETH-USDT,3737.13,3737.14,3.8895,0.4352
2025-07-24T15:29:25.828493,XRP-USDT,3.23316,3.23317,573.0,650.87
2025-07-24T15:29:25.828957,SOL-USDT,189.1071,189.1179,1.527,1.533
2025-07-24T15:29:25.828997,LTC-USDT,114.38,114.43,2.97,18.5
2025-07-24T15:29:25.927849,ETH-USDT,3737.13,3737.14,3.8895,0.0364
2025-07-24T15:29:26.028935,LTC-USDT,114.38,114.42,2.97,0.1226
2025-07-24T15:29:26.128982,LTC-USDT,114.38,114.43,2.97,18.5
2025-07-24T15:29:26.229850,XRP-USDT,3.23316,3.23317,1249.46,650.87
2025-07-24T15:29:26.328342,XRP-USDT,3.23316,3.23317,1942.03,650.87
2025-07-24T15:29:26.329756,SOL-USDT,189.1189,189.1468,1.481,5.89
2025-07-24T15:29:26.427730,XRP-USDT,3.23316,3.23317,1942.03,299.87
2025-07-24T15:29:26.428142,SOL-USDT,189.1295,189.1468,1.459,5.89
2025-07-24T15:29:26.531356,LTC-USDT,114.38,114.42,2.97,0.1226
2025-07-24T15:29:26.630990,ETH-USDT,3737.13,3737.14,3.8895,3.8574
2025-07-24T15:29:26.631032,XRP-USDT,3.23316,3.23317,1942.03,650.87
2025-07-24T15:29:26.632505,SOL-USDT,189.1295,189.1369,1.459,1.524
2025-07-24T15:29:26.632548,LTC-USDT,114.41,114.43,18.8,2.97
2025-07-24T15:29:26.727962,XRP-USDT,3.23316,3.23317,2691.75,650.87
2025-07-24T15:29:26.728838,LTC-USDT,114.41,114.43,18.8,2.97
2025-07-24T15:29:26.829211,BTC-USDT,119000.0,119000.01,0.217157,0.255585
2025-07-24T15:29:26.829539,XRP-USDT,3.23316,3.23317,2691.75,299.87
2025-07-24T15:29:26.830391,SOL-USDT,189.1413,189.2164,4.86,7.6
2025-07-24T15:29:26.830582,LTC-USDT,114.42,114.44,2.97,2.97
2025-07-24T15:29:26.930010,BTC-USDT,119000.0,119000.01,0.217157,0.514348
2025-07-24T15:29:26.930062,ETH-USDT,3737.13,3737.14,3.8895,0.0364
2025-07-24T15:29:26.930353,XRP-USDT,3.23341,3.23348,351.0,2.11
2025-07-24T15:29:26.931887,SOL-USDT,189.1737,189.22,1.514,0.159
2025-07-24T15:29:26.932093,LTC-USDT,114.42,114.44,2.97,0.1226
2025-07-24T15:29:27.029670,ETH-USDT,3737.13,3737.14,3.8895,3.8564
2025-07-24T15:29:27.029859,XRP-USDT,3.23341,3.23344,351.0,712.07
2025-07-24T15:29:27.031172,LTC-USDT,114.42,114.45,2.97,2.97
2025-07-24T15:29:27.128754,ETH-USDT,3737.17,3737.26,2.6757,0.5
2025-07-24T15:29:27.130763,SOL-USDT,189.1737,189.1859,1.514,1.46
2025-07-24T15:29:27.228482,ETH-USDT,3737.2,3737.26,0.5,0.5
2025-07-24T15:29:27.229293,LTC-USDT,114.42,114.44,2.97,2.97
2025-07-24T15:29:27.328276,ETH-USDT,3737.2,3737.21,0.5,0.3988
2025-07-24T15:29:27.328319,XRP-USDT,3.23341,3.23342,351.0,292.83
2025-07-24T15:29:27.429993,ETH-USDT,3737.2,3737.21,3.1757,0.0397
2025-07-24T15:29:27.528582,ETH-USDT,3737.2,3737.21,3.1757,0.5397
2025-07-24T15:29:27.630386,LTC-USDT,114.41,114.44,18.8,2.97
2025-07-24T15:29:27.728520,BTC-USDT,119000.0,119000.01,0.217157,0.766448
2025-07-24T15:29:27.729704,LTC-USDT,114.41,114.43,18.8,2.97
2025-07-24T15:29:27.829347,BTC-USDT,119000.0,119000.01,0.217157,0.514348
2025-07-24T15:29:27.833296,SOL-USDT,189.1737,189.22,4.86,0.159
2025-07-24T15:29:27.833347,LTC-USDT,114.42,114.45,2.97,21.47
2025-07-24T15:29:27.930686,XRP-USDT,3.23374,3.23429,351.0,351.0
2025-07-24T15:29:27.930887,SOL-USDT,189.2096,189.235,1.583,5.951
2025-07-24T15:29:27.930925,LTC-USDT,114.42,114.44,2.97,0.1226
2025-07-24T15:29:28.028876,ETH-USDT,3737.2,3737.21,3.1757,0.4382
2025-07-24T15:29:28.028917,XRP-USDT,3.23395,3.23436,351.0,257.0
2025-07-24T15:29:28.029645,SOL-USDT,189.2182,189.235,1.525,5.951
2025-07-24T15:29:28.029829,LTC-USDT,114.42,114.44,2.97,3.0926
2025-07-24T15:29:28.128126,XRP-USDT,3.23395,3.23396,351.0,286.5
2025-07-24T15:29:28.128845,SOL-USDT,189.2182,189.2245,1.525,1.451
2025-07-24T15:29:28.128999,LTC-USDT,114.43,114.44,2.97,3.0926
2025-07-24T15:29:28.228847,XRP-USDT,3.2335,3.23351,505.0,292.31
2025-07-24T15:29:28.229493,LTC-USDT,114.42,114.44,2.97,2.97
2025-07-24T15:29:28.327647,BTC-USDT,119000.0,119000.01,0.217157,0.766448
2025-07-24T15:29:28.327802,XRP-USDT,3.23408,3.23444,351.0,257.0
2025-07-24T15:29:28.328530,LTC-USDT,114.42,114.45,2.97,18.5
2025-07-24T15:29:28.427581,XRP-USDT,3.23408,3.23455,351.0,500.0
2025-07-24T15:29:28.530031,XRP-USDT,3.23395,3.23436,290.23,351.0
2025-07-24T15:29:28.627549,ETH-USDT,3737.2,3737.21,3.1757,3.9996
2025-07-24T15:29:28.627721,XRP-USDT,3.23411,3.23412,351.0,293.51
2025-07-24T15:29:28.628937,SOL-USDT,189.218,189.2245,44.703,1.451
2025-07-24T15:29:28.629526,LTC-USDT,114.42,114.44,2.97,0.1226
2025-07-24T15:29:28.729668,XRP-USDT,3.23383,3.23394,351.0,281.47
2025-07-24T15:29:28.729711,LTC-USDT,114.42,114.45,2.97,18.5
2025-07-24T15:29:28.829451,BTC-USDT,119000.0,119000.01,0.217157,0.514348
2025-07-24T15:29:28.829490,XRP-USDT,3.23393,3.23394,351.0,281.47
2025-07-24T15:29:28.927540,BTC-USDT,119000.0,119000.01,0.217157,0.255585
2025-07-24T15:29:28.929154,LTC-USDT,114.42,114.44,2.97,3.0926
2025-07-24T15:29:29.028392,BTC-USDT,119000.0,119000.01,0.217157,0.514302
2025-07-24T15:29:29.029442,XRP-USDT,3.23383,3.23394,351.0,281.47
2025-07-24T15:29:29.030430,LTC-USDT,114.42,114.44,2.97,2.97
2025-07-24T15:29:29.127249,BTC-USDT,119000.0,119000.01,0.217157,0.766402
2025-07-24T15:29:29.127576,XRP-USDT,3.23388,3.2342,351.0,257.0
2025-07-24T15:29:29.128720,SOL-USDT,189.2139,189.2245,1.534,1.451
2025-07-24T15:29:29.227874,BTC-USDT,119000.0,119000.01,0.217157,0.514302
2025-07-24T15:29:29.228189,XRP-USDT,3.2335,3.23428,351.0,351.0
2025-07-24T15:29:29.228516,SOL-USDT,189.2183,189.2245,44.702,1.451
2025-07-24T15:29:29.228694,LTC-USDT,114.42,114.45,2.97,18.5
2025-07-24T15:29:29.327816,ETH-USDT,3737.2,3737.21,3.1757,0.1796
2025-07-24T15:29:29.327857,XRP-USDT,3.23391,3.2341,351.0,351.0
2025-07-24T15:29:29.328651,SOL-USDT,189.2183,189.235,44.702,5.951
2025-07-24T15:29:29.427916,ETH-USDT,3737.2,3737.21,3.1757,3.9986
2025-07-24T15:29:29.427961,XRP-USDT,3.2338,3.23392,505.0,279.24
2025-07-24T15:29:29.534967,BTC-USDT,119000.0,119000.01,0.217157,0.766402
2025-07-24T15:29:29.535516,ETH-USDT,3737.16,3737.17,0.0375,1.2875
2025-07-24T15:29:29.535632,XRP-USDT,3.2334,3.23379,154.0,351.0
2025-07-24T15:29:29.535749,SOL-USDT,189.2139,189.2249,1.534,1.549
2025-07-24T15:29:29.535920,LTC-USDT,114.41,114.43,18.8,2.97
2025-07-24T15:29:29.628206,ETH-USDT,3736.91,3736.92,2.68,0.8988
2025-07-24T15:29:29.628247,XRP-USDT,3.23316,3.23425,351.0,351.0
2025-07-24T15:29:29.628803,SOL-USDT,189.2181,189.2249,44.697,1.549
2025-07-24T15:29:29.730304,ETH-USDT,3736.36,3737.07,1.0947,0.0384
2025-07-24T15:29:29.730337,XRP-USDT,3.23332,3.23362,154.0,257.0
2025-07-24T15:29:29.730365,SOL-USDT,189.2139,189.2249,1.534,1.549
2025-07-24T15:29:29.828200,ETH-USDT,3736.71,3736.72,2.7151,0.5
2025-07-24T15:29:29.828242,XRP-USDT,3.23339,3.2334,154.0,299.34
2025-07-24T15:29:29.928459,ETH-USDT,3736.71,3736.72,8.0389,0.646
2025-07-24T15:29:30.027719,ETH-USDT,3736.71,3736.72,10.7149,0.646
2025-07-24T15:29:30.128134,ETH-USDT,3736.71,3736.72,11.2149,0.646
2025-07-24T15:29:30.128245,XRP-USDT,3.23339,3.2334,505.0,299.34
2025-07-24T15:29:30.228467,XRP-USDT,3.23345,3.23369,351.0,257.0
2025-07-24T15:29:30.328884,XRP-USDT,3.23354,3.23355,351.0,660.0
2025-07-24T15:29:30.329870,LTC-USDT,114.38,114.43,2.97,2.97
2025-07-24T15:29:30.429784,LTC-USDT,114.38,114.43,2.97,2.97
2025-07-24T15:29:30.527201,XRP-USDT,3.23326,3.23328,154.0,270.45
2025-07-24T15:29:30.627805,ETH-USDT,3736.71,3736.72,11.2149,4.465
2025-07-24T15:29:30.727535,BTC-USDT,119000.0,119000.01,0.217157,0.514302
2025-07-24T15:29:30.828272,ETH-USDT,3736.71,3736.72,11.2149,3.965
2025-07-24T15:29:30.829777,SOL-USDT,189.2301,189.2886,1.553,4.86
2025-07-24T15:29:30.830111,LTC-USDT,114.38,114.43,2.97,3.0926
2025-07-24T15:29:30.927570,XRP-USDT,3.23327,3.23328,505.0,270.45
2025-07-24T15:29:30.928704,SOL-USDT,189.2301,189.288,1.553,4.86
2025-07-24T15:29:30.929271,LTC-USDT,114.38,114.44,2.97,18.5
2025-07-24T15:29:31.028829,XRP-USDT,3.23327,3.23328,154.0,270.45
2025-07-24T15:29:31.029437,SOL-USDT,189.2175,189.2366,0.159,4.86
2025-07-24T15:29:31.029708,LTC-USDT,114.38,114.43,2.97,2.97
2025-07-24T15:29:31.128973,ETH-USDT,3736.71,3736.72,11.2149,3.6194
2025-07-24T15:29:31.130412,SOL-USDT,189.2175,189.2554,0.159,7.6
2025-07-24T15:29:31.130869,LTC-USDT,114.4,114.44,2.97,18.5
2025-07-24T15:29:31.227964,ETH-USDT,3736.71,3736.72,11.2149,3.7294
2025-07-24T15:29:31.228113,XRP-USDT,3.23284,3.2334,154.0,351.0
2025-07-24T15:29:31.229151,SOL-USDT,189.2106,189.2624,44.678,5.251
2025-07-24T15:29:31.229178,LTC-USDT,114.4,114.43,2.97,2.97
2025-07-24T15:29:31.328240,XRP-USDT,3.23274,3.23339,351.0,257.0
2025-07-24T15:29:31.329259,SOL-USDT,189.2189,189.2279,1.515,1.518
2025-07-24T15:29:31.428399,XRP-USDT,3.23288,3.23324,351.0,351.0
2025-07-24T15:29:31.527545,XRP-USDT,3.23291,3.23307,154.0,351.0
2025-07-24T15:29:31.529176,LTC-USDT,114.4,114.43,2.97,3.0926
2025-07-24T15:29:31.627682,BTC-USDT,119000.0,119000.01,0.217157,0.766402
2025-07-24T15:29:31.627917,XRP-USDT,3.23291,3.23293,154.0,351.0
2025-07-24T15:29:31.628430,LTC-USDT,114.4,114.44,2.97,18.5
2025-07-24T15:29:31.727497,BTC-USDT,119000.0,119000.01,0.217157,0.7651290001069748
2025-07-24T15:29:31.727539,XRP-USDT,3.23291,3.23292,154.0,634.38
2025-07-24T15:29:31.729489,LTC-USDT,114.4,114.43,2.97,3.0926
2025-07-24T15:29:31.830302,XRP-USDT,3.23291,3.23292,154.0,351.0
2025-07-24T15:29:31.928325,XRP-USDT,3.23249,3.23292,154.0,351.0
2025-07-24T15:29:32.027853,XRP-USDT,3.2325,3.23265,154.0,351.0
2025-07-24T15:29:32.028463,LTC-USDT,114.4,114.43,2.97,2.97
2025-07-24T15:29:32.127200,ETH-USDT,3736.71,3736.72,0.5524,3.7294
2025-07-24T15:29:32.127258,XRP-USDT,3.2325,3.23251,154.0,351.0
2025-07-24T15:29:32.228380,ETH-USDT,3736.71,3736.72,0.5524,0.11
2025-07-24T15:29:32.228513,XRP-USDT,3.2325,3.23262,154.0,279.36
2025-07-24T15:29:32.327853,BTC-USDT,119000.0,119000.01,0.217157,0.5130290001069748
2025-07-24T15:29:32.328233,ETH-USDT,3736.71,3736.72,0.5524,3.928
2025-07-24T15:29:32.328413,XRP-USDT,3.23256,3.23262,154.0,279.36
2025-07-24T15:29:32.329373,LTC-USDT,114.4,114.43,2.97,0.1226
2025-07-24T15:29:32.427709,LTC-USDT,114.4,114.44,2.97,18.5
2025-07-24T15:29:32.527292,BTC-USDT,119000.0,119000.01,0.217157,0.7651290001069748
2025-07-24T15:29:32.527337,XRP-USDT,3.23256,3.23257,864.36,351.0
2025-07-24T15:29:32.630050,SOL-USDT,189.219,189.2279,4.86,1.518
2025-07-24T15:29:32.727885,BTC-USDT,119000.0,119000.01,0.217157,0.5130290001069748
2025-07-24T15:29:32.728128,ETH-USDT,3736.71,3736.72,0.5524,0.11
2025-07-24T15:29:32.728177,XRP-USDT,3.23261,3.23272,154.0,286.29
2025-07-24T15:29:32.729097,SOL-USDT,189.2238,189.2943,1.452,8.5
2025-07-24T15:29:32.827292,BTC-USDT,119000.0,119000.01,0.217157,0.7651290001069748
2025-07-24T15:29:32.827737,ETH-USDT,3736.71,3736.72,0.5524,3.927
2025-07-24T15:29:32.827794,XRP-USDT,3.23261,3.23269,154.0,351.0
2025-07-24T15:29:32.828159,SOL-USDT,189.2238,189.2942,1.452,4.86
2025-07-24T15:29:32.828308,LTC-USDT,114.42,114.44,2.97,18.6226
2025-07-24T15:29:32.927847,XRP-USDT,3.23261,3.23262,154.0,628.27
2025-07-24T15:29:32.928740,SOL-USDT,189.2238,189.2366,1.452,1.549
2025-07-24T15:29:32.928972,LTC-USDT,114.42,114.43,2.97,2.97
2025-07-24T15:29:33.063875,ETH-USDT,3736.71,3736.72,0.5524,0.11
2025-07-24T15:29:33.064172,XRP-USDT,3.23261,3.23262,816.71,628.27
2025-07-24T15:29:33.064831,SOL-USDT,189.2424,189.2965,1.572,0.159
2025-07-24T15:29:33.065072,LTC-USDT,114.4,114.44,2.97,18.5
2025-07-24T15:29:33.130522,ETH-USDT,3737.08,3737.13,0.0363,1.2868
2025-07-24T15:29:33.130566,XRP-USDT,3.23261,3.23344,816.71,257.0
2025-07-24T15:29:33.131639,SOL-USDT,189.2479,189.2965,1.599,0.159
2025-07-24T15:29:33.232854,BTC-USDT,119000.0,119000.01,0.217157,0.5130290001069748
2025-07-24T15:29:33.232901,ETH-USDT,3737.58,3738.23,0.0219,0.3
2025-07-24T15:29:33.232929,XRP-USDT,3.23315,3.23378,351.0,351.0
2025-07-24T15:29:33.233508,SOL-USDT,189.2763,189.2965,1.476,0.159
2025-07-24T15:29:33.233580,LTC-USDT,114.43,114.44,2.97,0.1226
2025-07-24T15:29:33.330101,ETH-USDT,3737.91,3738.06,1.5,0.5
2025-07-24T15:29:33.330453,XRP-USDT,3.23327,3.23379,154.0,257.0
2025-07-24T15:29:33.332904,SOL-USDT,189.2859,189.2924,1.475,1.56
2025-07-24T15:29:33.333139,LTC-USDT,114.44,114.48,2.97,21.47
2025-07-24T15:29:33.430030,ETH-USDT,3737.91,3737.92,1.0,0.3988
2025-07-24T15:29:33.430698,XRP-USDT,3.23327,3.23339,154.0,284.4
2025-07-24T15:29:33.434841,LTC-USDT,114.44,114.47,7.17,2.97
2025-07-24T15:29:33.528955,ETH-USDT,3737.97,3738.0,1.5,0.5
2025-07-24T15:29:33.529118,XRP-USDT,3.23337,3.23338,764.0,292.25
2025-07-24T15:29:33.529842,SOL-USDT,189.2252,189.2806,0.159,1.597
2025-07-24T15:29:33.529882,LTC-USDT,114.44,114.47,4.2,2.97
2025-07-24T15:29:33.628583,BTC-USDT,119000.0,119000.01,0.217257,0.5130290001069748
2025-07-24T15:29:33.629047,ETH-USDT,3737.99,3738.0,3.1752,0.5
2025-07-24T15:29:33.631332,SOL-USDT,189.2134,189.2621,0.062,1.503
2025-07-24T15:29:33.631475,LTC-USDT,114.43,114.47,23.0,2.97
2025-07-24T15:29:33.727938,BTC-USDT,119000.0,119000.01,0.217809,0.5125980001069748
2025-07-24T15:29:33.728631,SOL-USDT,189.2292,189.2621,44.663,1.503
2025-07-24T15:29:33.827943,BTC-USDT,119000.0,119000.01,0.217809,0.7651290001069748
2025-07-24T15:29:33.830684,SOL-USDT,189.2458,189.255,1.518,1.497
2025-07-24T15:29:33.830893,LTC-USDT,114.44,114.47,2.97,2.97
2025-07-24T15:29:34.226870,BTC-USDT,119000.0,119000.01,0.217809,0.5125980001069748
2025-07-24T15:29:34.227064,ETH-USDT,3737.99,3738.0,3.182,0.5
2025-07-24T15:29:34.330785,BTC-USDT,119000.0,119000.01,0.217809,0.7646980001069748
2025-07-24T15:29:34.426825,BTC-USDT,119000.0,119000.01,0.217809,0.7651290001069748
2025-07-24T15:29:34.527793,XRP-USDT,3.23337,3.23338,1496.35,292.25
2025-07-24T15:29:34.627988,ETH-USDT,3736.29,3737.97,8.029,0.0109
2025-07-24T15:29:34.629083,LTC-USDT,114.44,114.47,7.17,2.97
2025-07-24T15:29:34.728833,ETH-USDT,3736.39,3737.97,0.5,0.0109
2025-07-24T15:29:34.826898,ETH-USDT,3736.5,3737.97,3.6757,0.0109
2025-07-24T15:29:34.932113,ETH-USDT,3737.79,3737.8,10.7149,0.8988
2025-07-24T15:29:34.934451,LTC-USDT,114.43,114.47,23.0,2.97
2025-07-24T15:29:35.030496,ETH-USDT,3737.79,3737.8,10.7149,0.5
2025-07-24T15:29:35.133032,BTC-USDT,119000.0,119000.01,0.217809,0.2538810001069748
2025-07-24T15:29:35.133073,ETH-USDT,3737.79,3737.8,0.0396,3.1753
2025-07-24T15:29:35.134648,LTC-USDT,114.44,114.47,2.97,2.97
2025-07-24T15:29:35.230876,BTC-USDT,119000.0,119000.01,0.217809,0.5124450001069748
2025-07-24T15:29:35.231064,ETH-USDT,3737.79,3737.8,0.0396,0.5
2025-07-24T15:29:35.231716,LTC-USDT,114.43,114.46,18.8,2.97
2025-07-24T15:29:35.331157,BTC-USDT,119000.0,119000.01,0.217809,0.7649760001069748
2025-07-24T15:29:35.331328,ETH-USDT,3737.79,3737.8,0.0396,3.1753
2025-07-24T15:29:35.331553,XRP-USDT,3.23337,3.23338,732.35,292.25
2025-07-24T15:29:35.428214,XRP-USDT,3.23337,3.23338,732.35,952.25
2025-07-24T15:29:35.428803,LTC-USDT,114.44,114.46,2.97,2.97
2025-07-24T15:29:35.529875,BTC-USDT,119000.0,119000.01,0.217357,0.7649760001069748
2025-07-24T15:29:35.530821,ETH-USDT,3736.73,3737.18,0.5,0.5
2025-07-24T15:29:35.531047,XRP-USDT,3.23337,3.23338,732.35,1623.56
2025-07-24T15:29:35.535020,SOL-USDT,189.2293,189.2294,0.062,1.444
2025-07-24T15:29:35.535262,LTC-USDT,114.43,114.46,18.8,2.97
2025-07-24T15:29:35.672884,ETH-USDT,3736.65,3737.02,0.5,0.5
2025-07-24T15:29:35.673195,XRP-USDT,3.23255,3.23271,154.0,351.0
2025-07-24T15:29:35.675301,SOL-USDT,189.1698,189.2102,7.6,1.545
2025-07-24T15:29:35.675362,LTC-USDT,114.43,114.46,18.8,2.97
2025-07-24T15:29:35.732435,BTC-USDT,119000.0,119000.01,0.217357,0.8128060001069748
2025-07-24T15:29:35.733268,ETH-USDT,3736.57,3736.58,0.5376,0.5
2025-07-24T15:29:35.733429,XRP-USDT,3.23248,3.23249,87.0,640.55
2025-07-24T15:29:35.734499,SOL-USDT,189.2017,189.2491,44.644,7.6
2025-07-24T15:29:35.830216,BTC-USDT,119000.0,119000.01,0.001731,0.8140790001069748
2025-07-24T15:29:35.831211,ETH-USDT,3736.56,3736.57,0.7,0.8988
2025-07-24T15:29:35.831251,XRP-USDT,3.23248,3.23249,87.0,1054.86
2025-07-24T15:29:35.833590,SOL-USDT,189.1576,189.1839,0.159,1.447
2025-07-24T15:29:35.833809,LTC-USDT,114.4,114.44,2.97,2.97
2025-07-24T15:29:35.930133,BTC-USDT,119000.0,119000.01,0.001731,1.0158850001069748
2025-07-24T15:29:36.029751,ETH-USDT,3736.56,3736.57,8.7,0.8988
2025-07-24T15:29:36.030924,SOL-USDT,189.1754,189.1839,1.578,1.447
2025-07-24T15:29:36.130236,ETH-USDT,3736.56,3736.57,8.737,0.8988
2025-07-24T15:29:36.130275,XRP-USDT,3.23248,3.23249,35.0,1054.86
2025-07-24T15:29:36.130764,SOL-USDT,189.1748,189.2603,44.642,7.6
2025-07-24T15:29:36.130797,LTC-USDT,114.4,114.44,2.97,0.1226
2025-07-24T15:29:36.228817,ETH-USDT,3736.56,3736.57,9.2422,0.5
2025-07-24T15:29:36.230850,SOL-USDT,189.1749,189.2602,0.062,7.6
2025-07-24T15:29:36.230997,LTC-USDT,114.4,114.43,2.97,2.97
2025-07-24T15:29:36.329385,SOL-USDT,189.1749,189.2283,0.062,4.86
2025-07-24T15:29:36.428427,ETH-USDT,3736.56,3736.57,11.9184,0.5
2025-07-24T15:29:36.428479,XRP-USDT,3.23248,3.23249,35.0,1311.86
2025-07-24T15:29:36.429006,SOL-USDT,189.1859,189.1929,1.482,1.461
2025-07-24T15:29:36.628139,BTC-USDT,119000.0,119000.01,0.000287,1.0158850001069748
2025-07-24T15:29:36.628736,ETH-USDT,3736.56,3736.57,11.9184,4.315
2025-07-24T15:29:36.629048,XRP-USDT,3.23248,3.23249,35.0,897.55
2025-07-24T15:29:36.727942,ETH-USDT,3736.56,3736.57,1.2422,4.315
2025-07-24T15:29:36.729970,LTC-USDT,114.41,114.43,2.97,2.97
2025-07-24T15:29:37.029943,LTC-USDT,114.4,114.43,2.97,2.97
2025-07-24T15:29:37.129556,XRP-USDT,3.23248,3.23249,35.0,1311.86
2025-07-24T15:29:37.227542,ETH-USDT,3736.56,3736.57,11.9184,4.315
2025-07-24T15:29:37.228579,SOL-USDT,189.1755,189.1929,44.64,1.461
2025-07-24T15:29:37.326940,ETH-USDT,3736.56,3736.57,1.2422,4.315
2025-07-24T15:29:37.327093,XRP-USDT,3.23248,3.23249,754.83,1311.86
2025-07-24T15:29:37.529184,ETH-USDT,3736.63,3737.08,0.0073,5.214
2025-07-24T15:29:37.529233,XRP-USDT,3.23219,3.23249,451.0,257.0
2025-07-24T15:29:37.531144,SOL-USDT,189.193,189.2516,1.54,0.159
2025-07-24T15:29:37.531211,LTC-USDT,114.4,114.44,2.97,3.0926
2025-07-24T15:29:37.628507,BTC-USDT,119000.0,119000.01,0.000287,0.8140790001069748
2025-07-24T15:29:37.629133,ETH-USDT,3737.07,3737.08,0.5393,5.214
2025-07-24T15:29:37.629173,XRP-USDT,3.23222,3.23249,351.0,257.0
2025-07-24T15:29:37.629819,LTC-USDT,114.4,114.44,2.97,2.97
2025-07-24T15:29:37.727822,ETH-USDT,3737.07,3737.08,11.2153,5.214
2025-07-24T15:29:37.727865,XRP-USDT,3.23246,3.23256,351.0,2571.8
2025-07-24T15:29:37.828010,XRP-USDT,3.23247,3.23257,154.0,495.0
2025-07-24T15:29:37.829710,SOL-USDT,189.1931,189.2036,15.958,1.509
2025-07-24T15:29:37.931752,BTC-USDT,119000.0,119000.01,0.215913,0.8140790001069748
2025-07-24T15:29:37.931901,XRP-USDT,3.23241,3.23257,351.0,495.0
2025-07-24T15:29:37.933060,SOL-USDT,189.2104,189.2516,1.44,0.159
2025-07-24T15:29:37.933101,LTC-USDT,114.4,114.44,2.97,3.0926
2025-07-24T15:29:38.027645,BTC-USDT,119000.0,119000.01,0.215913,0.7662490001069748
2025-07-24T15:29:38.027801,XRP-USDT,3.2325,3.23251,351.0,371.0
2025-07-24T15:29:38.128011,BTC-USDT,119000.0,119000.01,0.215913,0.8140790001069748
2025-07-24T15:29:38.128434,XRP-USDT,3.23242,3.23243,154.0,648.59
2025-07-24T15:29:38.129243,SOL-USDT,189.2104,189.218,1.44,1.465
2025-07-24T15:29:38.129523,LTC-USDT,114.4,114.43,2.97,2.97
2025-07-24T15:29:38.231341,BTC-USDT,119000.0,119000.01,0.215913,0.7662490001069748
2025-07-24T15:29:38.231387,XRP-USDT,3.23219,3.2322,254.0,625.47
2025-07-24T15:29:38.327419,XRP-USDT,3.23219,3.2322,254.0,274.47
2025-07-24T15:29:38.328253,SOL-USDT,189.2105,189.218,44.625,1.465
2025-07-24T15:29:38.427548,XRP-USDT,3.23219,3.2322,605.0,274.47
2025-07-24T15:29:38.530055,BTC-USDT,119000.0,119000.01,0.215913,0.8140790001069748
2025-07-24T15:29:38.530315,ETH-USDT,3736.56,3736.57,0.7,0.5
2025-07-24T15:29:38.530355,XRP-USDT,3.23219,3.2322,100.0,882.47
2025-07-24T15:29:38.532189,SOL-USDT,189.1582,189.2041,7.6,1.579
2025-07-24T15:29:38.628310,BTC-USDT,119000.0,119000.01,0.215913,0.5555150001069747
2025-07-24T15:29:38.629879,SOL-USDT,189.1828,189.2041,44.623,1.579
2025-07-24T15:29:38.630104,LTC-USDT,114.4,114.42,2.97,2.97
2025-07-24T15:29:38.728168,BTC-USDT,119000.0,119000.01,0.215913,0.8139900001069748
2025-07-24T15:29:38.728425,ETH-USDT,3736.56,3736.57,0.7369,0.5
2025-07-24T15:29:38.730161,LTC-USDT,114.37,114.42,2.97,2.97
2025-07-24T15:29:38.827934,ETH-USDT,3736.56,3736.57,3.4131,0.5
2025-07-24T15:29:38.827980,XRP-USDT,3.23219,3.2322,773.41,882.47
2025-07-24T15:29:38.828833,SOL-USDT,189.1979,189.2041,1.58,1.579
2025-07-24T15:29:38.830318,LTC-USDT,114.4,114.42,2.97,2.97
2025-07-24T15:29:38.929723,ETH-USDT,3736.56,3736.57,11.4131,0.5
2025-07-24T15:29:38.929884,XRP-USDT,3.23219,3.2322,773.41,625.47
2025-07-24T15:29:39.031640,ETH-USDT,3736.56,3736.57,11.4189,0.5
2025-07-24T15:29:39.032001,XRP-USDT,3.2315,3.23181,893.03,351.0
2025-07-24T15:29:39.032774,LTC-USDT,114.37,114.42,2.97,2.97
2025-07-24T15:29:39.133326,BTC-USDT,119000.0,119000.01,0.000287,0.8139900001069748
2025-07-24T15:29:39.133848,ETH-USDT,3735.34,3736.57,0.01,2.6871
2025-07-24T15:29:39.133983,XRP-USDT,3.2315,3.23151,893.03,351.0
2025-07-24T15:29:39.135799,SOL-USDT,189.1576,189.183,0.159,9.984
2025-07-24T15:29:39.135994,LTC-USDT,114.36,114.42,47.799,2.97
2025-07-24T15:29:39.230684,BTC-USDT,119000.0,119000.01,0.000287,1.0157960001069748
2025-07-24T15:29:39.231070,ETH-USDT,3735.37,3735.38,1.0,0.3988
2025-07-24T15:29:39.231102,XRP-USDT,3.23035,3.23046,281.56,351.0
2025-07-24T15:29:39.232655,SOL-USDT,189.1576,189.165,0.159,1.588
2025-07-24T15:29:39.232797,LTC-USDT,114.36,114.4,47.799,2.97
2025-07-24T15:29:39.329169,ETH-USDT,3735.36,3736.04,1.0,2.6771
2025-07-24T15:29:39.329322,XRP-USDT,3.23036,3.23046,154.0,351.0
2025-07-24T15:29:39.330234,SOL-USDT,189.1435,189.1526,1.506,1.583
2025-07-24T15:29:39.429933,BTC-USDT,119000.0,119000.01,0.000287,0.7573210001069748
2025-07-24T15:29:39.430205,ETH-USDT,3735.36,3736.15,1.0,0.5
2025-07-24T15:29:39.430358,XRP-USDT,3.2304,3.23059,154.0,272.12
2025-07-24T15:29:39.432356,LTC-USDT,114.37,114.4,2.97,2.97
2025-07-24T15:29:39.530623,BTC-USDT,119000.0,119000.01,0.000287,1.0157780001069747
2025-07-24T15:29:39.530951,ETH-USDT,3736.0,3736.01,0.5369,0.3988
2025-07-24T15:29:39.530987,XRP-USDT,3.23058,3.23059,154.0,272.12
2025-07-24T15:29:39.628930,ETH-USDT,3735.42,3736.16,0.029,0.5
2025-07-24T15:29:39.628989,XRP-USDT,3.23058,3.23059,154.0,623.12
2025-07-24T15:29:39.732466,ETH-USDT,3735.49,3736.1,1.0,0.0373
2025-07-24T15:29:39.732523,XRP-USDT,3.23058,3.23059,154.0,272.12
2025-07-24T15:29:39.827436,ETH-USDT,3735.93,3735.94,0.0371,0.3988
2025-07-24T15:29:39.827675,XRP-USDT,3.23058,3.23059,871.7,272.12
2025-07-24T15:29:39.829175,LTC-USDT,114.36,114.4,47.799,2.97
2025-07-24T15:29:39.928410,ETH-USDT,3735.96,3736.02,0.5,0.5
2025-07-24T15:29:40.028923,ETH-USDT,3735.97,3735.98,2.6766,0.3988
2025-07-24T15:29:40.028960,XRP-USDT,3.23091,3.23114,154.0,351.0
2025-07-24T15:29:40.031224,SOL-USDT,189.1435,189.1896,1.506,5.251
2025-07-24T15:29:40.031276,LTC-USDT,114.37,114.4,2.97,2.97
2025-07-24T15:29:40.127820,ETH-USDT,3735.97,3735.98,3.1766,0.3988
2025-07-24T15:29:40.228336,ETH-USDT,3736.14,3736.58,0.5,0.5
2025-07-24T15:29:40.228389,XRP-USDT,3.23111,3.23159,351.0,351.0
2025-07-24T15:29:40.329717,ETH-USDT,3736.37,3736.38,3.1764,0.3988
2025-07-24T15:29:40.329760,XRP-USDT,3.23138,3.23176,351.0,351.0
2025-07-24T15:29:40.331051,SOL-USDT,189.1493,189.2073,4.86,0.159
2025-07-24T15:29:40.429010,ETH-USDT,3736.45,3737.08,0.6348,5.214
2025-07-24T15:29:40.429062,XRP-USDT,3.23147,3.23148,351.0,299.15
2025-07-24T15:29:40.429478,SOL-USDT,189.1738,189.2073,1.564,0.159
2025-07-24T15:29:40.528747,ETH-USDT,3736.53,3736.57,0.5,3.812
2025-07-24T15:29:40.528980,XRP-USDT,3.23179,3.23246,351.0,257.0
2025-07-24T15:29:40.532385,LTC-USDT,114.37,114.41,2.97,22.8226
2025-07-24T15:29:40.679484,BTC-USDT,119000.0,119000.01,0.000287,0.8139720001069748
2025-07-24T15:29:40.679821,ETH-USDT,3736.95,3737.62,0.5,0.5
2025-07-24T15:29:40.680047,XRP-USDT,3.23212,3.23239,351.0,351.0
2025-07-24T15:29:40.681091,SOL-USDT,189.1909,189.2314,1.445,3.0
2025-07-24T15:29:40.681324,LTC-USDT,114.38,114.41,2.97,18.5
2025-07-24T15:29:40.729074,ETH-USDT,3736.99,3737.34,0.029,0.2006
2025-07-24T15:29:40.729118,XRP-USDT,3.23212,3.23254,351.0,351.0
2025-07-24T15:29:40.730531,SOL-USDT,189.2169,189.2314,1.442,3.0
2025-07-24T15:29:40.730704,LTC-USDT,114.38,114.42,2.97,0.1226
2025-07-24T15:29:40.829573,BTC-USDT,119000.0,119000.01,0.000287,0.5076850001069748
2025-07-24T15:29:40.830026,ETH-USDT,3737.07,3737.17,2.6758,0.0398
2025-07-24T15:29:40.830451,XRP-USDT,3.23193,3.23194,924.0,278.67
2025-07-24T15:29:40.832113,LTC-USDT,114.39,114.42,2.97,2.97
2025-07-24T15:29:40.929137,BTC-USDT,119000.0,119000.01,0.000287,0.7661370001069748
2025-07-24T15:29:40.930422,ETH-USDT,3737.13,3737.14,3.1758,0.3988
2025-07-24T15:29:40.930466,XRP-USDT,3.23193,3.23194,727.0,278.67
2025-07-24T15:29:40.931949,SOL-USDT,189.1563,189.2258,7.6,1.44
2025-07-24T15:29:41.028171,BTC-USDT,119000.0,119000.01,0.000287,0.8139670001069748
2025-07-24T15:29:41.028428,ETH-USDT,3737.13,3737.14,3.1758,0.8988
2025-07-24T15:29:41.028472,XRP-USDT,3.23203,3.23204,430.0,351.0
2025-07-24T15:29:41.029281,SOL-USDT,189.1631,189.2258,7.6,1.44
2025-07-24T15:29:41.127349,BTC-USDT,119000.0,119000.01,0.000287,0.7661370001069748
2025-07-24T15:29:41.227457,BTC-USDT,119000.0,119000.01,0.000287,0.8139670001069748
2025-07-24T15:29:41.229145,ETH-USDT,3736.95,3737.02,8.0,0.5
2025-07-24T15:29:41.229188,XRP-USDT,3.23203,3.23204,430.0,623.23
2025-07-24T15:29:41.229219,SOL-USDT,189.2157,189.2258,1.515,1.44
2025-07-24T15:29:41.331815,ETH-USDT,3736.99,3737.0,8.5,0.3988
2025-07-24T15:29:41.332364,SOL-USDT,189.1633,189.2159,11.974,1.468
2025-07-24T15:29:41.427725,ETH-USDT,3737.03,3737.04,10.6758,0.3988
2025-07-24T15:29:41.427767,XRP-USDT,3.23203,3.23204,430.0,272.23
