timestamp,symbol,bid,ask,bid_vol,ask_vol
2025-07-24T15:35:17.367901,BTC-USDT,118713.99,118714.0,7e-05,1.026636
2025-07-24T15:35:17.368109,ETH-USDT,3717.43,3717.44,12.8377,0.0113
2025-07-24T15:35:17.368163,SOL-USDT,188.1607,188.17,1.539,1.455
2025-07-24T15:35:17.368203,LTC-USDT,113.63,113.68,2.97,2.97
2025-07-24T15:35:17.386290,XRP-USDT,3.21658,3.21689,351.0,155.0
2025-07-24T15:35:17.432867,XRP-USDT,3.21688,3.21689,351.0,155.0
2025-07-24T15:35:17.438199,SOL-USDT,188.1607,188.21,1.539,5.251
2025-07-24T15:35:17.438262,LTC-USDT,113.63,113.69,2.97,6.988
2025-07-24T15:35:17.532005,ETH-USDT,3717.43,3717.44,12.4389,0.0113
2025-07-24T15:35:17.535708,LTC-USDT,113.63,113.68,2.97,2.97
2025-07-24T15:35:17.631933,XRP-USDT,3.21687,3.21689,351.0,155.0
2025-07-24T15:35:17.733108,ETH-USDT,3717.43,3717.44,12.7078,0.0113
2025-07-24T15:35:17.736831,SOL-USDT,188.1607,188.17,1.539,1.478
2025-07-24T15:35:17.834529,SOL-USDT,188.1607,188.2088,1.539,10.0
2025-07-24T15:35:17.834805,LTC-USDT,113.63,113.68,2.97,2.97
2025-07-24T15:35:17.932474,XRP-USDT,3.21672,3.21687,756.26,155.0
2025-07-24T15:35:17.940238,SOL-USDT,188.1607,188.2055,1.539,8.5
2025-07-24T15:35:18.032111,BTC-USDT,118713.99,118714.0,7e-05,1.228763
2025-07-24T15:35:18.032466,XRP-USDT,3.21672,3.21685,756.26,297.04
2025-07-24T15:35:18.034759,SOL-USDT,188.1607,188.17,1.539,1.452
2025-07-24T15:35:18.131812,BTC-USDT,118703.75,118703.76,0.000667,0.008568
2025-07-24T15:35:18.132124,XRP-USDT,3.21672,3.21684,756.26,155.0
2025-07-24T15:35:18.232467,XRP-USDT,3.21673,3.21684,351.0,155.0
2025-07-24T15:35:18.332867,ETH-USDT,3717.43,3717.44,12.7144,0.0113
2025-07-24T15:35:18.333133,XRP-USDT,3.21683,3.21684,351.0,155.0
2025-07-24T15:35:18.337984,LTC-USDT,113.67,113.7,20.4,2.97
2025-07-24T15:35:18.432891,BTC-USDT,118703.75,118703.76,0.158765,0.008569
2025-07-24T15:35:18.435699,ETH-USDT,3717.43,3717.44,13.1126,0.0113
2025-07-24T15:35:18.437286,XRP-USDT,3.21683,3.21759,351.0,351.0
2025-07-24T15:35:18.446059,SOL-USDT,188.1742,188.21,1.585,5.251
2025-07-24T15:35:18.446110,LTC-USDT,113.68,113.71,2.97,2.97
2025-07-24T15:35:18.570101,XRP-USDT,3.21695,3.21748,351.0,155.0
2025-07-24T15:35:18.576526,SOL-USDT,188.1793,188.21,1.531,5.251
2025-07-24T15:35:18.576850,LTC-USDT,113.68,113.71,0.1253,2.97
2025-07-24T15:35:18.633921,BTC-USDT,118703.75,118703.76,0.159582,0.008569
2025-07-24T15:35:18.634689,ETH-USDT,3717.43,3717.44,12.7544,0.0113
2025-07-24T15:35:18.635226,XRP-USDT,3.21697,3.21716,270.3,155.0
2025-07-24T15:35:18.638892,SOL-USDT,188.1655,188.1829,5.374,1.532
2025-07-24T15:35:18.638939,LTC-USDT,113.68,113.7,0.1253,2.97
2025-07-24T15:35:18.731992,BTC-USDT,118703.75,118703.76,0.158765,0.008569
2025-07-24T15:35:18.732406,XRP-USDT,3.21697,3.21706,270.3,155.0
2025-07-24T15:35:18.736287,LTC-USDT,113.64,113.68,2.97,2.97
2025-07-24T15:35:18.835748,XRP-USDT,3.21662,3.21702,351.0,351.0
2025-07-24T15:35:18.838458,SOL-USDT,188.129,188.1697,87.067,1.508
2025-07-24T15:35:18.931637,BTC-USDT,118703.75,118703.76,0.158765,0.153848
2025-07-24T15:35:18.931920,XRP-USDT,3.21662,3.21701,351.0,155.0
2025-07-24T15:35:18.934683,SOL-USDT,188.1254,188.158,0.159,1.477
2025-07-24T15:35:19.031986,XRP-USDT,3.21662,3.21698,351.0,351.0
2025-07-24T15:35:19.033847,SOL-USDT,188.1254,188.1517,0.159,1.575
2025-07-24T15:35:19.033985,LTC-USDT,113.64,113.68,2.97,2.97
2025-07-24T15:35:19.132451,XRP-USDT,3.2167,3.21696,351.0,155.0
2025-07-24T15:35:19.135548,SOL-USDT,188.1428,188.1517,1.536,1.575
2025-07-24T15:35:19.433064,BTC-USDT,118703.75,118703.76,0.158765,0.672468
2025-07-24T15:35:19.434163,XRP-USDT,3.21695,3.21696,635.2,155.0
2025-07-24T15:35:19.532680,BTC-USDT,118703.0,118703.01,0.0001,0.253847
2025-07-24T15:35:19.534187,XRP-USDT,3.21695,3.21758,351.0,351.0
2025-07-24T15:35:19.539091,LTC-USDT,113.64,113.68,2.97,2.97
2025-07-24T15:35:19.631861,XRP-USDT,3.21695,3.21726,351.0,351.0
2025-07-24T15:35:19.732271,XRP-USDT,3.21713,3.21714,283.1,155.0
2025-07-24T15:35:19.831700,XRP-USDT,3.21713,3.21776,351.0,351.0
2025-07-24T15:35:19.932233,BTC-USDT,118703.0,118703.01,0.0001,0.301677
2025-07-24T15:35:19.933708,XRP-USDT,3.21713,3.21762,351.0,155.0
2025-07-24T15:35:19.938545,SOL-USDT,188.1428,188.178,1.536,0.159
2025-07-24T15:35:20.032385,BTC-USDT,118703.0,118703.01,0.1582,0.554408
2025-07-24T15:35:20.035137,SOL-USDT,188.1497,188.2044,1.577,10.0
2025-07-24T15:35:20.132301,XRP-USDT,3.21756,3.21783,351.0,155.0
2025-07-24T15:35:20.135811,SOL-USDT,188.1545,188.1702,1.545,1.493
2025-07-24T15:35:20.333016,ETH-USDT,3717.43,3717.44,10.0645,0.0113
2025-07-24T15:35:20.333394,XRP-USDT,3.21668,3.21748,283.0,297.13
2025-07-24T15:35:20.337759,SOL-USDT,188.0917,188.1315,1.5,1.538
2025-07-24T15:35:20.437022,ETH-USDT,3717.43,3717.44,0.3155,3.2012
2025-07-24T15:35:20.437301,XRP-USDT,3.21661,3.21692,524.56,155.0
2025-07-24T15:35:20.441003,SOL-USDT,188.0917,188.0997,1.5,1.574
2025-07-24T15:35:20.441267,LTC-USDT,113.62,113.7,2.97,2.97
2025-07-24T15:35:20.532508,BTC-USDT,118703.0,118703.01,0.0001,0.554408
2025-07-24T15:35:20.536978,LTC-USDT,113.6,113.66,3.0953,2.97
2025-07-24T15:35:20.633744,ETH-USDT,3717.43,3717.44,0.3155,3.2376
2025-07-24T15:35:20.634080,XRP-USDT,3.21652,3.21675,273.02,275.78
2025-07-24T15:35:20.639067,SOL-USDT,188.0917,188.0944,1.5,1.497
2025-07-24T15:35:20.639577,LTC-USDT,113.61,113.7,2.97,70.77
2025-07-24T15:35:20.735726,XRP-USDT,3.21673,3.21674,351.0,155.0
2025-07-24T15:35:20.738974,SOL-USDT,188.0917,188.1276,1.5,10.0
2025-07-24T15:35:20.739016,LTC-USDT,113.61,113.65,2.97,4.018
2025-07-24T15:35:20.837282,ETH-USDT,3717.43,3717.44,2.4805,0.0113
2025-07-24T15:35:20.837584,XRP-USDT,3.21673,3.2174,351.0,155.0
2025-07-24T15:35:20.841644,SOL-USDT,188.1275,188.1276,1.471,10.0
2025-07-24T15:35:20.841909,LTC-USDT,113.6,113.67,2.97,6.988
2025-07-24T15:35:20.932945,BTC-USDT,118703.0,118703.01,0.0001,0.506578
2025-07-24T15:35:20.937087,LTC-USDT,113.6,113.67,2.97,4.018
2025-07-24T15:35:21.032414,ETH-USDT,3717.43,3717.44,2.4805,0.5113
2025-07-24T15:35:21.032774,XRP-USDT,3.21727,3.21735,351.0,155.0
2025-07-24T15:35:21.035801,LTC-USDT,113.6,113.66,2.97,2.97
2025-07-24T15:35:21.131833,BTC-USDT,118703.0,118703.01,0.0001,0.554408
2025-07-24T15:35:21.132138,XRP-USDT,3.21673,3.21735,351.0,155.0
2025-07-24T15:35:21.134096,SOL-USDT,188.1188,188.1789,0.159,11.475
2025-07-24T15:35:21.233403,XRP-USDT,3.21709,3.21735,351.0,155.0
2025-07-24T15:35:21.236293,SOL-USDT,188.1562,188.1925,1.593,7.6
2025-07-24T15:35:21.236530,LTC-USDT,113.6,113.67,2.97,4.018
2025-07-24T15:35:21.335342,ETH-USDT,3717.43,3717.44,13.1704,0.5113
2025-07-24T15:35:21.335650,XRP-USDT,3.21742,3.21785,351.0,155.0
2025-07-24T15:35:21.340764,SOL-USDT,188.1562,188.1919,1.593,4.86
2025-07-24T15:35:21.340807,LTC-USDT,113.6,113.66,2.97,2.97
2025-07-24T15:35:21.431896,ETH-USDT,3717.43,3717.44,2.4805,3.2012
2025-07-24T15:35:21.432239,XRP-USDT,3.2168,3.21756,283.0,351.0
2025-07-24T15:35:21.435967,SOL-USDT,188.1562,188.1635,1.593,1.517
2025-07-24T15:35:21.436289,LTC-USDT,113.6,113.66,2.97,2.97
2025-07-24T15:35:21.533148,BTC-USDT,118703.0,118703.01,0.0001,0.506578
2025-07-24T15:35:21.533452,ETH-USDT,3717.43,3717.44,0.3155,3.4112
2025-07-24T15:35:21.534000,XRP-USDT,3.21712,3.21748,351.0,351.0
2025-07-24T15:35:21.536665,SOL-USDT,188.1188,188.1635,0.159,1.517
2025-07-24T15:35:21.631449,BTC-USDT,118703.0,118703.01,0.0001,0.554408
2025-07-24T15:35:21.631794,XRP-USDT,3.21614,3.21745,351.0,351.0
2025-07-24T15:35:21.634370,SOL-USDT,188.1276,188.1635,45.15,1.517
2025-07-24T15:35:21.731863,XRP-USDT,3.21734,3.21735,1016.46,155.0
2025-07-24T15:35:21.734131,LTC-USDT,113.6,113.65,2.97,4.018
2025-07-24T15:35:21.832968,XRP-USDT,3.21734,3.21735,736.51,506.0
2025-07-24T15:35:21.835830,SOL-USDT,188.1509,188.1635,1.446,1.517
2025-07-24T15:35:21.933205,BTC-USDT,118703.0,118703.01,0.0001,0.506578
2025-07-24T15:35:21.936889,SOL-USDT,188.0917,188.1404,1.5,1.544
2025-07-24T15:35:21.937169,LTC-USDT,113.6,113.64,3.0953,2.97
2025-07-24T15:35:22.032268,BTC-USDT,118703.0,118703.01,0.0001,0.554408
2025-07-24T15:35:22.036051,SOL-USDT,188.1118,188.1404,45.138,1.544
2025-07-24T15:35:22.036237,LTC-USDT,113.61,113.64,2.97,2.97
2025-07-24T15:35:22.133694,BTC-USDT,118703.0,118703.01,0.000942,0.554408
2025-07-24T15:35:22.134094,ETH-USDT,3717.43,3717.44,0.3155,0.7213
2025-07-24T15:35:22.134669,XRP-USDT,3.21734,3.21735,736.51,155.0
2025-07-24T15:35:22.139037,LTC-USDT,113.61,113.65,2.97,2.97
2025-07-24T15:35:22.237229,SOL-USDT,188.1346,188.1404,1.451,1.544
2025-07-24T15:35:22.332524,XRP-USDT,3.21734,3.21735,736.51,506.0
2025-07-24T15:35:22.431701,XRP-USDT,3.21734,3.21735,736.51,793.04
2025-07-24T15:35:22.435571,LTC-USDT,113.61,113.66,2.97,2.97
2025-07-24T15:35:22.539482,ETH-USDT,3717.6,3718.36,8.028,2.9815
2025-07-24T15:35:22.539556,XRP-USDT,3.21734,3.21735,736.51,155.0
2025-07-24T15:35:22.539594,SOL-USDT,188.1393,188.1901,1.507,7.6
2025-07-24T15:35:22.635395,BTC-USDT,118703.0,118703.01,0.000942,0.506578
2025-07-24T15:35:22.636797,ETH-USDT,3717.68,3718.36,0.528,2.9815
2025-07-24T15:35:22.636839,XRP-USDT,3.21734,3.218,736.51,351.0
2025-07-24T15:35:22.640037,SOL-USDT,188.1456,188.1901,1.6,7.6
2025-07-24T15:35:22.640113,LTC-USDT,113.61,113.66,2.97,2.97
2025-07-24T15:35:22.732997,ETH-USDT,3717.78,3718.35,0.0281,0.0026
2025-07-24T15:35:22.733252,XRP-USDT,3.21765,3.21796,351.0,155.0
2025-07-24T15:35:22.735837,SOL-USDT,188.1456,188.1899,1.6,7.6
2025-07-24T15:35:22.831855,ETH-USDT,3718.22,3718.23,3.0882,0.0361
2025-07-24T15:35:22.832144,XRP-USDT,3.21765,3.21794,351.0,155.0
2025-07-24T15:35:22.834581,SOL-USDT,188.1456,188.1599,1.6,1.497
2025-07-24T15:35:22.937731,ETH-USDT,3717.68,3718.23,8.0,0.0361
2025-07-24T15:35:23.032596,BTC-USDT,118703.0,118703.01,0.000942,0.554408
2025-07-24T15:35:23.032910,ETH-USDT,3717.73,3717.74,0.115,0.5
2025-07-24T15:35:23.033343,XRP-USDT,3.21765,3.21788,351.0,155.0
2025-07-24T15:35:23.037529,SOL-USDT,188.1456,188.1536,1.6,1.591
2025-07-24T15:35:23.132934,ETH-USDT,3717.73,3717.74,12.0651,0.5
2025-07-24T15:35:23.133363,XRP-USDT,3.21774,3.21783,351.0,155.0
2025-07-24T15:35:23.237853,XRP-USDT,3.21774,3.21777,351.0,155.0
2025-07-24T15:35:23.331685,ETH-USDT,3717.73,3717.74,12.5651,0.5
2025-07-24T15:35:23.332089,XRP-USDT,3.21799,3.21835,351.0,155.0
2025-07-24T15:35:23.335852,LTC-USDT,113.61,113.66,2.97,2.97
2025-07-24T15:35:23.434723,BTC-USDT,118703.0,118703.01,0.159859,0.253847
2025-07-24T15:35:23.435186,ETH-USDT,3718.35,3718.85,0.5,0.4
2025-07-24T15:35:23.435765,XRP-USDT,3.21834,3.21835,351.0,21.94
2025-07-24T15:35:23.440545,SOL-USDT,188.1827,188.204,1.527,7.6
2025-07-24T15:35:23.440716,LTC-USDT,113.61,113.67,2.97,4.018
2025-07-24T15:35:23.534258,BTC-USDT,118703.0,118703.01,0.159859,0.108423
2025-07-24T15:35:23.534790,ETH-USDT,3718.44,3718.85,10.6611,0.4
2025-07-24T15:35:23.535311,XRP-USDT,3.21836,3.21865,133.0,100.0
2025-07-24T15:35:23.540855,SOL-USDT,188.1944,188.2282,1.584,7.6
2025-07-24T15:35:23.542024,LTC-USDT,113.61,113.68,4.018,2.97
2025-07-24T15:35:23.632880,BTC-USDT,118703.0,118703.01,0.159042,0.374126
2025-07-24T15:35:23.633147,ETH-USDT,3718.84,3718.85,3.2759,0.4
2025-07-24T15:35:23.633717,XRP-USDT,3.21865,3.21961,283.0,351.0
2025-07-24T15:35:23.637540,SOL-USDT,188.2056,188.2149,1.481,1.569
2025-07-24T15:35:23.637819,LTC-USDT,113.63,113.68,4.018,2.97
2025-07-24T15:35:23.733311,BTC-USDT,118703.0,118703.01,0.159859,0.374126
2025-07-24T15:35:23.733921,ETH-USDT,3718.84,3718.85,3.1609,0.4379
2025-07-24T15:35:23.734159,XRP-USDT,3.21935,3.21954,351.0,155.0
2025-07-24T15:35:23.737702,SOL-USDT,188.2105,188.2214,1.507,1.441
2025-07-24T15:35:23.737746,LTC-USDT,113.64,113.69,2.97,2.97
2025-07-24T15:35:23.834778,LTC-USDT,113.66,113.69,2.97,2.97
2025-07-24T15:35:23.941032,XRP-USDT,3.21931,3.2198,719.39,351.0
2025-07-24T15:35:23.947336,LTC-USDT,113.66,113.67,2.97,20.8
2025-07-24T15:35:24.032429,XRP-USDT,3.21932,3.21967,351.0,351.0
2025-07-24T15:35:24.035095,LTC-USDT,113.64,113.67,2.97,20.8
2025-07-24T15:35:24.131784,ETH-USDT,3718.84,3718.85,0.0029,3.6269
2025-07-24T15:35:24.132071,XRP-USDT,3.21931,3.21948,719.39,351.0
2025-07-24T15:35:24.234038,XRP-USDT,3.21931,3.21948,719.39,351.0
2025-07-24T15:35:24.331425,BTC-USDT,118703.0,118703.01,0.159042,0.519405
2025-07-24T15:35:24.331827,XRP-USDT,3.21931,3.21941,719.39,279.84
2025-07-24T15:35:24.436972,XRP-USDT,3.21931,3.21932,719.39,447.85
2025-07-24T15:35:24.444328,SOL-USDT,188.1917,188.2015,45.1,1.457
2025-07-24T15:35:24.444653,LTC-USDT,113.62,113.68,2.97,4.018
2025-07-24T15:35:24.533253,BTC-USDT,118703.0,118703.01,0.159042,0.772136
2025-07-24T15:35:24.533791,ETH-USDT,3718.04,3718.05,0.5,0.2838
2025-07-24T15:35:24.533991,XRP-USDT,3.2184,3.21855,133.0,637.93
2025-07-24T15:35:24.537387,SOL-USDT,188.1416,188.1742,45.1,1.52
2025-07-24T15:35:24.537666,LTC-USDT,113.62,113.67,2.97,2.97
2025-07-24T15:35:24.633093,ETH-USDT,3718.14,3718.15,0.115,4.2517
2025-07-24T15:35:24.633487,XRP-USDT,3.2184,3.21841,351.0,274.52
2025-07-24T15:35:24.638302,SOL-USDT,188.1137,188.169,7.6,1.599
2025-07-24T15:35:24.638556,LTC-USDT,113.61,113.65,2.97,2.97
2025-07-24T15:35:24.735091,ETH-USDT,3717.79,3718.14,0.5,0.5622
2025-07-24T15:35:24.735969,XRP-USDT,3.21789,3.21827,351.0,155.0
2025-07-24T15:35:24.742448,SOL-USDT,188.1521,188.1633,1.536,1.575
2025-07-24T15:35:24.742801,LTC-USDT,113.61,113.65,2.97,2.97
2025-07-24T15:35:24.832997,ETH-USDT,3717.96,3717.97,8.115,3.1897
2025-07-24T15:35:24.833164,XRP-USDT,3.21797,3.21824,351.0,351.0
2025-07-24T15:35:24.835924,LTC-USDT,113.59,113.65,2.97,2.97
2025-07-24T15:35:24.937136,ETH-USDT,3717.68,3717.69,0.5,0.3988
2025-07-24T15:35:24.937214,XRP-USDT,3.21782,3.21827,351.0,155.0
2025-07-24T15:35:24.937485,SOL-USDT,188.1521,188.1581,1.536,1.586
2025-07-24T15:35:24.937516,LTC-USDT,113.59,113.64,2.97,2.97
2025-07-24T15:35:25.037232,ETH-USDT,3718.26,3718.8,0.5,0.5032
2025-07-24T15:35:25.037321,XRP-USDT,3.2181,3.21818,351.0,155.0
2025-07-24T15:35:25.037359,SOL-USDT,188.1521,188.1878,1.536,7.6
2025-07-24T15:35:25.132396,BTC-USDT,118703.0,118703.01,0.159042,0.519405
2025-07-24T15:35:25.132982,ETH-USDT,3718.42,3718.43,0.615,0.043
2025-07-24T15:35:25.133390,XRP-USDT,3.21777,3.21879,351.0,155.0
2025-07-24T15:35:25.137965,SOL-USDT,188.1302,188.2158,5.251,7.6
2025-07-24T15:35:25.138242,LTC-USDT,113.59,113.65,2.97,2.97
2025-07-24T15:35:25.232216,ETH-USDT,3718.42,3718.43,0.5,0.132
2025-07-24T15:35:25.232713,XRP-USDT,3.21816,3.2187,351.0,155.0
2025-07-24T15:35:25.235559,SOL-USDT,188.1302,188.2061,5.251,7.6
2025-07-24T15:35:25.332864,ETH-USDT,3718.41,3718.42,0.115,3.7515
2025-07-24T15:35:25.333091,XRP-USDT,3.21816,3.21866,351.0,155.0
2025-07-24T15:35:25.336186,SOL-USDT,188.1302,188.1665,5.251,1.549
2025-07-24T15:35:25.433085,BTC-USDT,118703.0,118703.01,0.159042,0.819966
2025-07-24T15:35:25.434761,ETH-USDT,3718.14,3718.15,2.6656,0.5048
2025-07-24T15:35:25.434808,XRP-USDT,3.21843,3.21849,351.0,292.54
2025-07-24T15:35:25.440474,SOL-USDT,188.1572,188.1665,1.527,1.549
2025-07-24T15:35:25.531531,BTC-USDT,118703.0,118703.01,0.159042,0.519405
2025-07-24T15:35:25.532059,ETH-USDT,3718.14,3718.15,3.1656,0.106
2025-07-24T15:35:25.532682,XRP-USDT,3.21811,3.21967,133.0,524.56
2025-07-24T15:35:25.536762,SOL-USDT,188.1627,188.2138,1.593,7.6
2025-07-24T15:35:25.537043,LTC-USDT,113.6,113.66,4.018,4.018
2025-07-24T15:35:25.633085,BTC-USDT,118703.0,118703.01,0.159859,0.374126
2025-07-24T15:35:25.633576,ETH-USDT,3718.42,3718.43,0.5,0.0036
2025-07-24T15:35:25.634046,XRP-USDT,3.21876,3.21959,351.0,155.0
2025-07-24T15:35:25.638931,SOL-USDT,188.1837,188.2131,1.472,10.0
2025-07-24T15:35:25.639189,LTC-USDT,113.61,113.67,2.97,2.97
2025-07-24T15:35:25.732545,BTC-USDT,118703.0,118703.01,0.159042,0.374126
2025-07-24T15:35:25.733310,ETH-USDT,3718.42,3718.43,14.3853,0.0036
2025-07-24T15:35:25.733357,XRP-USDT,3.21928,3.21947,351.0,155.0
2025-07-24T15:35:25.738019,SOL-USDT,188.2051,188.2403,1.506,8.5
2025-07-24T15:35:25.738439,LTC-USDT,113.63,113.67,2.97,2.97
2025-07-24T15:35:25.832684,BTC-USDT,118703.0,118703.01,0.159042,0.519405
2025-07-24T15:35:25.833096,XRP-USDT,3.21934,3.21947,351.0,155.0
2025-07-24T15:35:25.836405,SOL-USDT,188.2051,188.216,1.506,1.48
2025-07-24T15:35:25.836755,LTC-USDT,113.65,113.67,2.97,2.97
2025-07-24T15:35:25.932033,XRP-USDT,3.21877,3.21978,783.0,351.0
2025-07-24T15:35:25.934484,LTC-USDT,113.63,113.67,2.97,2.97
2025-07-24T15:35:26.032487,ETH-USDT,3718.42,3718.43,14.3997,0.0036
2025-07-24T15:35:26.032757,XRP-USDT,3.21907,3.21942,351.0,155.0
2025-07-24T15:35:26.131559,XRP-USDT,3.21926,3.2197,351.0,283.0
2025-07-24T15:35:26.233188,XRP-USDT,3.21927,3.21942,484.0,285.79
2025-07-24T15:35:26.332515,XRP-USDT,3.21936,3.21942,351.0,285.79
2025-07-24T15:35:26.336561,SOL-USDT,188.2109,188.2601,1.492,0.159
2025-07-24T15:35:26.336741,LTC-USDT,113.63,113.68,2.97,6.988
2025-07-24T15:35:26.433927,BTC-USDT,118703.0,118703.01,0.159042,0.772136
2025-07-24T15:35:26.434509,XRP-USDT,3.21856,3.21947,283.0,283.0
2025-07-24T15:35:26.445416,SOL-USDT,188.1396,188.2224,0.159,7.6
2025-07-24T15:35:26.445477,LTC-USDT,113.63,113.67,2.97,2.97
2025-07-24T15:35:26.533358,ETH-USDT,3718.42,3718.43,13.034,0.0036
2025-07-24T15:35:26.533910,XRP-USDT,3.21884,3.21931,351.0,506.0
2025-07-24T15:35:26.538879,SOL-USDT,188.1487,188.1976,45.106,7.6
2025-07-24T15:35:26.632118,XRP-USDT,3.21899,3.21916,281.89,155.0
2025-07-24T15:35:26.634296,SOL-USDT,188.1487,188.1807,45.106,1.537
2025-07-24T15:35:26.731437,XRP-USDT,3.21908,3.21916,631.38,155.0
2025-07-24T15:35:26.733703,SOL-USDT,188.1723,188.1807,1.475,1.537
2025-07-24T15:35:26.833422,BTC-USDT,118703.0,118703.01,0.159859,0.519405
2025-07-24T15:35:26.833798,XRP-USDT,3.21911,3.21974,351.0,351.0
2025-07-24T15:35:26.934815,SOL-USDT,188.1779,188.2237,1.564,7.6
2025-07-24T15:35:26.934983,LTC-USDT,113.63,113.68,2.97,6.988
2025-07-24T15:35:27.036978,XRP-USDT,3.21938,3.21966,351.0,155.0
2025-07-24T15:35:27.043338,SOL-USDT,188.1924,188.2538,1.535,7.6
2025-07-24T15:35:27.043675,LTC-USDT,113.63,113.68,2.97,4.018
2025-07-24T15:35:27.135811,ETH-USDT,3718.42,3718.43,13.0621,0.0001
2025-07-24T15:35:27.135883,XRP-USDT,3.21938,3.21963,351.0,155.0
2025-07-24T15:35:27.139690,SOL-USDT,188.1973,188.208,1.459,1.462
2025-07-24T15:35:27.140032,LTC-USDT,113.63,113.68,2.97,6.988
2025-07-24T15:35:27.231688,ETH-USDT,3718.42,3718.43,13.034,0.0001
2025-07-24T15:35:27.231957,XRP-USDT,3.21938,3.21968,351.0,291.3
2025-07-24T15:35:27.332348,XRP-USDT,3.21938,3.21967,351.0,155.0
2025-07-24T15:35:27.334701,LTC-USDT,113.66,113.68,2.97,2.97
2025-07-24T15:35:27.434911,LTC-USDT,113.63,113.68,2.97,2.97
2025-07-24T15:35:27.631683,XRP-USDT,3.21951,3.2201,351.0,351.0
2025-07-24T15:35:27.749405,ETH-USDT,3718.42,3719.03,13.4322,0.0019
2025-07-24T15:35:27.750131,XRP-USDT,3.21955,3.2198,277.27,351.0
2025-07-24T15:35:27.757449,LTC-USDT,113.63,113.69,2.97,4.018
2025-07-24T15:35:27.838577,ETH-USDT,3719.56,3719.57,0.5,0.3988
2025-07-24T15:35:27.838667,XRP-USDT,3.2196,3.22014,351.0,351.0
2025-07-24T15:35:27.841860,SOL-USDT,188.2024,188.2605,1.441,0.062
2025-07-24T15:35:27.841910,LTC-USDT,113.65,113.69,2.97,2.97
2025-07-24T15:35:27.932312,ETH-USDT,3719.56,3719.68,0.5,0.0032
2025-07-24T15:35:27.932474,XRP-USDT,3.21995,3.22014,351.0,351.0
2025-07-24T15:35:27.936169,SOL-USDT,188.2024,188.2537,1.441,7.6
2025-07-24T15:35:27.936222,LTC-USDT,113.65,113.71,2.97,4.018
2025-07-24T15:35:28.034179,ETH-USDT,3719.67,3719.68,0.115,0.5425
2025-07-24T15:35:28.034248,XRP-USDT,3.21996,3.22025,133.0,351.0
2025-07-24T15:35:28.038564,SOL-USDT,188.2024,188.2127,1.441,1.514
2025-07-24T15:35:28.038630,LTC-USDT,113.65,113.7,2.97,2.97
2025-07-24T15:35:28.132830,ETH-USDT,3719.0,3719.4,0.004,0.3988
2025-07-24T15:35:28.233257,ETH-USDT,3719.1,3719.11,3.1606,0.3988
2025-07-24T15:35:28.233809,XRP-USDT,3.21996,3.22018,133.0,351.0
2025-07-24T15:35:28.236865,SOL-USDT,188.165,188.2071,0.159,1.567
2025-07-24T15:35:28.331374,BTC-USDT,118703.0,118703.01,0.159042,0.772136
2025-07-24T15:35:28.331706,ETH-USDT,3719.32,3719.33,3.1603,0.3988
2025-07-24T15:35:28.332062,XRP-USDT,3.22008,3.22038,298.45,351.0
2025-07-24T15:35:28.432151,ETH-USDT,3719.5,3719.51,0.5,0.3988
2025-07-24T15:35:28.432348,XRP-USDT,3.21996,3.22038,133.0,351.0
2025-07-24T15:35:28.435222,SOL-USDT,188.1974,188.2071,1.582,1.567
2025-07-24T15:35:28.435469,LTC-USDT,113.66,113.7,20.4,2.97
2025-07-24T15:35:28.534110,ETH-USDT,3719.54,3719.55,0.115,3.7507
2025-07-24T15:35:28.536587,SOL-USDT,188.165,188.2071,0.159,1.567
2025-07-24T15:35:28.632537,BTC-USDT,118703.0,118703.01,0.159859,0.519405
2025-07-24T15:35:28.632634,ETH-USDT,3719.54,3719.55,0.115,1.5622
2025-07-24T15:35:28.632671,XRP-USDT,3.21996,3.22041,133.0,155.0
2025-07-24T15:35:28.634989,LTC-USDT,113.67,113.7,2.97,2.97
2025-07-24T15:35:28.733038,ETH-USDT,3719.38,3719.39,3.1603,0.3988
2025-07-24T15:35:28.733303,XRP-USDT,3.22009,3.2204,351.0,351.0
2025-07-24T15:35:28.832289,ETH-USDT,3719.67,3719.68,3.275,0.3988
2025-07-24T15:35:28.832490,XRP-USDT,3.2201,3.2204,351.0,351.0
2025-07-24T15:35:28.835439,SOL-USDT,188.197,188.2071,1.461,1.567
2025-07-24T15:35:28.932377,ETH-USDT,3719.82,3719.99,0.5,0.4377
2025-07-24T15:35:28.932630,XRP-USDT,3.22019,3.2204,285.6,351.0
2025-07-24T15:35:29.031408,ETH-USDT,3719.83,3719.84,0.5,0.7016
2025-07-24T15:35:29.031692,XRP-USDT,3.22019,3.2204,285.6,351.0
2025-07-24T15:35:29.133189,BTC-USDT,118703.0,118703.01,0.159859,0.772136
2025-07-24T15:35:29.133269,ETH-USDT,3719.83,3719.86,2.6598,0.0383
2025-07-24T15:35:29.133562,XRP-USDT,3.22034,3.22041,351.0,155.0
2025-07-24T15:35:29.135743,LTC-USDT,113.67,113.7,2.97,2.97
2025-07-24T15:35:29.232284,BTC-USDT,118703.0,118703.01,0.159042,0.772136
2025-07-24T15:35:29.232584,ETH-USDT,3719.55,3719.56,0.0038,0.3988
2025-07-24T15:35:29.232864,XRP-USDT,3.22028,3.22041,292.44,155.0
2025-07-24T15:35:29.333042,ETH-USDT,3719.47,3719.48,0.115,1.5622
2025-07-24T15:35:29.333310,XRP-USDT,3.2203,3.22033,133.0,351.0
2025-07-24T15:35:29.336072,LTC-USDT,113.66,113.7,20.4,2.97
2025-07-24T15:35:29.432279,ETH-USDT,3719.22,3719.23,3.2754,0.3988
2025-07-24T15:35:29.432965,XRP-USDT,3.2203,3.22042,133.0,773.46
2025-07-24T15:35:29.533736,ETH-USDT,3719.58,3719.59,3.1601,0.3988
2025-07-24T15:35:29.533986,XRP-USDT,3.22031,3.22041,351.0,155.0
2025-07-24T15:35:29.632633,ETH-USDT,3719.78,3719.79,0.5,0.3988
2025-07-24T15:35:29.632916,XRP-USDT,3.22035,3.22041,285.4,155.0
2025-07-24T15:35:29.732086,BTC-USDT,118703.0,118703.01,0.159859,0.772136
2025-07-24T15:35:29.732344,ETH-USDT,3719.78,3719.79,2.6598,0.3988
2025-07-24T15:35:29.732590,XRP-USDT,3.2204,3.22041,295.81,155.0
2025-07-24T15:35:29.735762,SOL-USDT,188.2018,188.2367,1.511,5.777
2025-07-24T15:35:29.735953,LTC-USDT,113.67,113.7,2.97,2.97
2025-07-24T15:35:29.832104,BTC-USDT,118703.0,118703.01,0.159042,0.772136
2025-07-24T15:35:29.832741,ETH-USDT,3719.98,3719.99,0.115,2.6925
2025-07-24T15:35:29.833524,XRP-USDT,3.21999,3.22041,351.0,155.0
2025-07-24T15:35:29.837897,SOL-USDT,188.2018,188.2364,1.511,7.6
2025-07-24T15:35:29.931347,ETH-USDT,3719.5,3719.99,0.0043,3.1925
2025-07-24T15:35:30.034201,ETH-USDT,3719.86,3719.87,0.5,3.587
2025-07-24T15:35:30.034280,XRP-USDT,3.22003,3.22041,351.0,155.0
2025-07-24T15:35:30.034553,SOL-USDT,188.2018,188.208,1.511,1.515
2025-07-24T15:35:30.034834,LTC-USDT,113.67,113.7,2.97,2.97
2025-07-24T15:35:30.232832,ETH-USDT,3719.58,3719.59,2.6639,0.3988
2025-07-24T15:35:30.233183,XRP-USDT,3.22012,3.22035,299.12,351.0
2025-07-24T15:35:30.235877,LTC-USDT,113.66,113.7,20.4,2.97
2025-07-24T15:35:30.334420,XRP-USDT,3.22023,3.22041,289.05,155.0
2025-07-24T15:35:30.432105,ETH-USDT,3719.58,3719.91,2.6601,0.0389
2025-07-24T15:35:30.432319,XRP-USDT,3.22024,3.22041,351.0,155.0
2025-07-24T15:35:30.533223,ETH-USDT,3719.99,3720.0,0.5,17.0472
2025-07-24T15:35:30.534029,XRP-USDT,3.22015,3.22041,351.0,155.0
2025-07-24T15:35:30.540727,SOL-USDT,188.2018,188.2342,1.511,10.0
2025-07-24T15:35:30.632131,ETH-USDT,3719.99,3720.0,0.5,17.5472
2025-07-24T15:35:30.632425,XRP-USDT,3.22029,3.22042,351.0,773.46
2025-07-24T15:35:30.634486,SOL-USDT,188.2018,188.234,1.511,0.062
2025-07-24T15:35:30.759390,ETH-USDT,3719.99,3720.0,3.1596,17.5472
2025-07-24T15:35:30.759575,XRP-USDT,3.22041,3.22042,637.57,773.46
2025-07-24T15:35:30.761752,SOL-USDT,188.2018,188.208,1.511,1.599
2025-07-24T15:35:30.762002,LTC-USDT,113.67,113.7,2.97,2.97
2025-07-24T15:35:30.831212,XRP-USDT,3.22041,3.22042,351.0,773.46
2025-07-24T15:35:30.931902,XRP-USDT,3.22028,3.22042,656.68,773.46
2025-07-24T15:35:31.031567,XRP-USDT,3.22032,3.22042,133.0,773.46
2025-07-24T15:35:31.131304,XRP-USDT,3.22037,3.22042,133.0,773.46
2025-07-24T15:35:31.233844,XRP-USDT,3.22041,3.22042,484.0,773.46
2025-07-24T15:35:31.240423,SOL-USDT,188.2018,188.2445,1.511,10.0
2025-07-24T15:35:31.332714,ETH-USDT,3719.99,3720.0,3.1596,17.0472
2025-07-24T15:35:31.336247,SOL-USDT,188.2018,188.2443,1.511,7.6
2025-07-24T15:35:31.433490,BTC-USDT,118703.0,118703.01,0.159859,0.519405
2025-07-24T15:35:31.433933,XRP-USDT,3.22041,3.22042,764.24,773.46
2025-07-24T15:35:31.437350,SOL-USDT,188.2131,188.2442,1.455,10.0
2025-07-24T15:35:31.531430,BTC-USDT,118703.0,118703.01,0.159042,0.772136
2025-07-24T15:35:31.532817,ETH-USDT,3719.99,3720.0,3.1613,17.0472
2025-07-24T15:35:31.533994,XRP-USDT,3.22041,3.22062,1106.5,351.0
2025-07-24T15:35:31.538146,SOL-USDT,188.2131,188.2185,1.455,1.58
2025-07-24T15:35:31.538408,LTC-USDT,113.68,113.7,2.97,2.97
2025-07-24T15:35:31.631357,XRP-USDT,3.22042,3.22086,351.0,351.0
2025-07-24T15:35:31.731178,BTC-USDT,118703.0,118703.01,0.159859,0.7713859769382427
2025-07-24T15:35:31.731472,XRP-USDT,3.22041,3.2207,826.26,351.0
2025-07-24T15:35:31.831493,BTC-USDT,118703.0,118703.01,0.159042,0.5186549769382428
2025-07-24T15:35:31.831927,ETH-USDT,3720.59,3720.6,0.8988,2.688
2025-07-24T15:35:31.832306,XRP-USDT,3.22057,3.22072,351.0,270.93
2025-07-24T15:35:31.835214,LTC-USDT,113.65,113.71,2.97,22.518
2025-07-24T15:35:31.930962,BTC-USDT,118703.0,118703.01,0.159042,0.7713859769382427
2025-07-24T15:35:31.933399,LTC-USDT,113.67,113.72,2.97,2.97
2025-07-24T15:35:32.035058,BTC-USDT,118703.0,118703.01,0.159859,0.5186549769382428
2025-07-24T15:35:32.035789,ETH-USDT,3720.6,3720.61,3.5578,0.016
2025-07-24T15:35:32.036486,XRP-USDT,3.22083,3.22129,351.0,351.0
2025-07-24T15:35:32.043251,SOL-USDT,188.2199,188.2668,1.522,7.6
2025-07-24T15:35:32.043297,LTC-USDT,113.68,113.72,2.97,2.97
2025-07-24T15:35:32.133220,BTC-USDT,118703.0,118703.01,0.159859,0.2529519769382428
2025-07-24T15:35:32.134020,ETH-USDT,3720.72,3721.41,0.5,0.4
2025-07-24T15:35:32.134788,XRP-USDT,3.22083,3.22115,351.0,155.0
2025-07-24T15:35:32.138890,SOL-USDT,188.239,188.2745,8.312,7.6
2025-07-24T15:35:32.139291,LTC-USDT,113.68,113.73,2.97,49.167
2025-07-24T15:35:32.234438,BTC-USDT,118703.0,118703.01,0.207689,0.27189397693824274
2025-07-24T15:35:32.234897,ETH-USDT,3721.4,3721.41,0.5,0.4
2025-07-24T15:35:32.235122,XRP-USDT,3.2209,3.22141,133.0,286.63
2025-07-24T15:35:32.239850,SOL-USDT,188.2582,188.2844,1.488,0.159
2025-07-24T15:35:32.240105,LTC-USDT,113.7,113.75,2.97,4.018
2025-07-24T15:35:32.333250,BTC-USDT,118703.0,118703.01,0.207689,0.007672976938242763
2025-07-24T15:35:32.333931,XRP-USDT,3.22098,3.22101,133.0,289.21
2025-07-24T15:35:32.337833,SOL-USDT,188.2582,188.2685,1.488,1.543
2025-07-24T15:35:32.338090,LTC-USDT,113.7,113.76,2.97,4.018
2025-07-24T15:35:32.434192,XRP-USDT,3.22098,3.22099,133.0,297.62
2025-07-24T15:35:32.437287,SOL-USDT,188.2583,188.2685,8.38,1.543
2025-07-24T15:35:32.437587,LTC-USDT,113.69,113.75,6.988,2.97
2025-07-24T15:35:32.543209,SOL-USDT,188.2582,188.2685,1.488,1.543
2025-07-24T15:35:32.543709,LTC-USDT,113.69,113.74,6.988,2.97
2025-07-24T15:35:32.636744,SOL-USDT,188.239,188.2685,8.312,1.543
2025-07-24T15:35:32.636949,LTC-USDT,113.68,113.73,2.97,2.97
2025-07-24T15:35:32.731875,XRP-USDT,3.22098,3.22132,484.0,351.0
2025-07-24T15:35:32.832311,XRP-USDT,3.22111,3.22131,351.0,155.0
2025-07-24T15:35:32.834696,SOL-USDT,188.2592,188.2685,1.551,1.543
2025-07-24T15:35:32.834961,LTC-USDT,113.68,113.73,2.97,2.97
2025-07-24T15:35:32.931360,BTC-USDT,118703.0,118703.01,0.206872,0.15313397693824277
2025-07-24T15:35:32.931749,ETH-USDT,3721.4,3721.41,0.5,3.0871
2025-07-24T15:35:32.932216,XRP-USDT,3.22107,3.22129,351.0,155.0
2025-07-24T15:35:33.035212,ETH-USDT,3721.4,3721.41,3.1581,0.4
2025-07-24T15:35:33.035271,XRP-USDT,3.22107,3.22162,351.0,155.0
2025-07-24T15:35:33.038732,SOL-USDT,188.2592,188.2844,1.551,0.159
2025-07-24T15:35:33.133113,XRP-USDT,3.22122,3.22148,351.0,155.0
2025-07-24T15:35:33.232144,BTC-USDT,118703.0,118703.01,0.206872,0.007854976938242763
2025-07-24T15:35:33.232578,XRP-USDT,3.22155,3.22184,351.0,155.0
2025-07-24T15:35:33.235628,SOL-USDT,188.259,188.2844,5.251,0.159
2025-07-24T15:35:33.373852,BTC-USDT,118703.0,118703.01,0.207689,0.007672976938242763
2025-07-24T15:35:33.374430,ETH-USDT,3721.4,3721.41,11.2027,0.3913473656490416
2025-07-24T15:35:33.381568,SOL-USDT,188.2907,188.2908,1.551,3.0
2025-07-24T15:35:33.381825,LTC-USDT,113.69,113.7,15.3,4.9793
2025-07-24T15:35:33.431658,XRP-USDT,3.22183,3.22184,351.0,155.0
2025-07-24T15:35:33.434011,LTC-USDT,113.7,113.73,2.97,2.97
2025-07-24T15:35:33.535153,LTC-USDT,113.7,113.73,4.018,2.97
2025-07-24T15:35:33.632723,XRP-USDT,3.22138,3.22162,133.0,283.54
2025-07-24T15:35:33.635540,LTC-USDT,113.7,113.73,6.988,2.97
2025-07-24T15:35:33.742874,BTC-USDT,118703.0,118703.01,0.206872,0.15313397693824277
2025-07-24T15:35:33.742941,XRP-USDT,3.2215,3.22151,133.0,288.18
2025-07-24T15:35:33.832961,BTC-USDT,118703.0,118703.01,0.206872,0.007854976938242763
2025-07-24T15:35:33.833230,ETH-USDT,3721.4,3722.97,11.2027,0.6734
2025-07-24T15:35:33.837325,LTC-USDT,113.71,113.73,2.97,2.97
2025-07-24T15:35:33.932915,ETH-USDT,3721.84,3721.85,8.8988,0.1328
2025-07-24T15:35:33.932974,XRP-USDT,3.2215,3.22184,133.0,155.0
2025-07-24T15:35:33.936022,LTC-USDT,113.71,113.74,2.97,2.97
2025-07-24T15:35:34.032362,BTC-USDT,118703.0,118703.01,0.207689,0.007672976938242763
2025-07-24T15:35:34.032795,ETH-USDT,3721.88,3722.13,2.6573,0.5
2025-07-24T15:35:34.033060,XRP-USDT,3.22182,3.22184,351.0,155.0
2025-07-24T15:35:34.035844,SOL-USDT,188.3087,188.3185,1.593,1.5
2025-07-24T15:35:34.132718,BTC-USDT,118708.99,118709.0,0.260303,0.0001
2025-07-24T15:35:34.133032,ETH-USDT,3722.15,3722.48,1.6792,0.0368
2025-07-24T15:35:34.133272,XRP-USDT,3.22184,3.22185,777.94,100.0
2025-07-24T15:35:34.136769,SOL-USDT,188.2822,188.3185,5.251,1.5
2025-07-24T15:35:34.136815,LTC-USDT,113.71,113.76,2.97,21.47
2025-07-24T15:35:34.233750,ETH-USDT,3722.7,3722.97,0.3988,0.6734
2025-07-24T15:35:34.237026,SOL-USDT,188.3145,188.3185,1.592,1.5
2025-07-24T15:35:34.237777,LTC-USDT,113.73,113.75,2.97,2.97
2025-07-24T15:35:34.333709,BTC-USDT,118709.99,118710.0,0.192085,8.42389016e-10
2025-07-24T15:35:34.334040,ETH-USDT,3722.71,3722.84,0.028,0.5
2025-07-24T15:35:34.334248,XRP-USDT,3.22221,3.22222,484.0,6.71
2025-07-24T15:35:34.338074,SOL-USDT,188.3184,188.3185,1.526,1.5
2025-07-24T15:35:34.338623,LTC-USDT,113.74,113.78,6.988,2.97
2025-07-24T15:35:34.434945,BTC-USDT,118709.99,118710.0,0.195332,8.42389016e-10
2025-07-24T15:35:34.435641,ETH-USDT,3722.96,3722.97,0.3988,0.6734
2025-07-24T15:35:34.442965,LTC-USDT,113.74,113.78,4.018,2.97
2025-07-24T15:35:34.532631,ETH-USDT,3722.71,3722.97,0.5,0.7108
2025-07-24T15:35:34.532943,XRP-USDT,3.22221,3.22222,1138.91,6.71
2025-07-24T15:35:34.536445,LTC-USDT,113.73,113.75,6.988,2.97
2025-07-24T15:35:34.632718,BTC-USDT,118714.99,118715.0,0.41674,0.00041
2025-07-24T15:35:34.632990,ETH-USDT,3722.59,3722.64,0.4378,1.0
2025-07-24T15:35:34.633521,XRP-USDT,3.22221,3.22222,1720.33,6.71
2025-07-24T15:35:34.636983,LTC-USDT,113.72,113.77,4.018,2.97
2025-07-24T15:35:34.732490,ETH-USDT,3722.77,3722.78,0.8366,1.0
2025-07-24T15:35:34.735841,LTC-USDT,113.73,113.77,2.97,2.97
2025-07-24T15:35:34.831377,BTC-USDT,118714.99,118715.0,0.44724,0.00041
2025-07-24T15:35:34.831689,ETH-USDT,3722.77,3722.78,0.3988,1.0
2025-07-24T15:35:34.933036,BTC-USDT,118721.99,118722.0,0.20846,0.0001
2025-07-24T15:35:34.933329,ETH-USDT,3722.96,3722.97,0.8366,0.6680279448934587
2025-07-24T15:35:34.933777,XRP-USDT,3.22258,3.22333,274.89,283.0
2025-07-24T15:35:34.937941,SOL-USDT,188.3187,188.3703,4.86,3.0
2025-07-24T15:35:34.939000,LTC-USDT,113.75,113.77,2.97,2.97
2025-07-24T15:35:35.034010,BTC-USDT,118721.99,118728.73,0.19193,0.00063
2025-07-24T15:35:35.034466,ETH-USDT,3722.97,3723.97,0.514,0.0076
2025-07-24T15:35:35.034893,XRP-USDT,3.2228,3.22312,351.0,155.0
2025-07-24T15:35:35.038946,SOL-USDT,188.3457,188.3703,5.251,3.0
2025-07-24T15:35:35.039283,LTC-USDT,113.75,113.79,2.97,18.5
2025-07-24T15:35:35.134379,BTC-USDT,118728.99,118729.0,0.208595,0.0001
2025-07-24T15:35:35.134989,ETH-USDT,3723.48,3724.38,0.0039,0.0622
2025-07-24T15:35:35.135342,XRP-USDT,3.22285,3.22312,295.36,155.0
2025-07-24T15:35:35.140816,SOL-USDT,188.3702,188.3703,1.506,3.0
2025-07-24T15:35:35.141224,LTC-USDT,113.75,113.78,2.97,2.97
2025-07-24T15:35:35.232988,BTC-USDT,118728.99,118729.0,0.238495,0.0001
2025-07-24T15:35:35.233662,ETH-USDT,3723.49,3723.8,0.4378,0.1328
2025-07-24T15:35:35.234038,XRP-USDT,3.22229,3.22302,133.0,155.0
2025-07-24T15:35:35.238643,LTC-USDT,113.75,113.8,2.97,2.97
2025-07-24T15:35:35.333276,ETH-USDT,3723.8,3723.81,8.5,0.1329
2025-07-24T15:35:35.333507,XRP-USDT,3.22295,3.22302,351.0,155.0
2025-07-24T15:35:35.337071,LTC-USDT,113.74,113.8,4.018,2.97
2025-07-24T15:35:35.434446,BTC-USDT,118728.99,118729.0,0.238811,0.0001
2025-07-24T15:35:35.435090,ETH-USDT,3723.8,3723.81,8.8365,1.1329
2025-07-24T15:35:35.438100,LTC-USDT,113.74,113.79,2.97,2.97
2025-07-24T15:35:35.534320,ETH-USDT,3723.81,3724.22,8.0,0.0369
2025-07-24T15:35:35.632650,ETH-USDT,3724.0,3724.01,0.3987,1.0
2025-07-24T15:35:35.637345,LTC-USDT,113.74,113.79,2.97,2.97
2025-07-24T15:35:35.733897,ETH-USDT,3724.0,3724.01,0.3987,3.6852
2025-07-24T15:35:35.834750,ETH-USDT,3723.74,3723.75,8.0,2.8183
2025-07-24T15:35:35.834817,XRP-USDT,3.2228,3.223,351.0,155.0
2025-07-24T15:35:35.933625,ETH-USDT,3723.34,3723.35,0.3987,2.7479
2025-07-24T15:35:35.933843,XRP-USDT,3.22281,3.223,133.0,351.0
2025-07-24T15:35:35.937059,LTC-USDT,113.72,113.78,4.018,2.97
2025-07-24T15:35:36.032678,BTC-USDT,118728.99,118729.0,0.240702,0.0001
2025-07-24T15:35:36.033078,ETH-USDT,3723.06,3723.07,0.4415,1.1329
2025-07-24T15:35:36.033495,XRP-USDT,3.22253,3.22276,351.0,289.98
2025-07-24T15:35:36.133490,ETH-USDT,3723.47,3723.67,0.5,2.6857
2025-07-24T15:35:36.133868,XRP-USDT,3.22275,3.22276,484.0,289.98
2025-07-24T15:35:36.137073,LTC-USDT,113.72,113.76,2.97,2.97
2025-07-24T15:35:36.233014,ETH-USDT,3723.88,3724.26,0.3987,1.0
2025-07-24T15:35:36.233073,XRP-USDT,3.22307,3.22363,351.0,155.0
2025-07-24T15:35:36.236547,SOL-USDT,188.4009,188.4378,1.559,7.6
2025-07-24T15:35:36.236765,LTC-USDT,113.73,113.77,2.97,18.5
2025-07-24T15:35:36.334066,BTC-USDT,118732.99,118733.0,0.266966,0.0001
2025-07-24T15:35:36.334524,ETH-USDT,3724.12,3724.13,0.3987,0.0376
2025-07-24T15:35:36.334907,XRP-USDT,3.22344,3.22363,351.0,155.0
2025-07-24T15:35:36.338918,SOL-USDT,188.3976,188.4556,4.86,1.5
2025-07-24T15:35:36.339253,LTC-USDT,113.74,113.79,4.018,18.5
2025-07-24T15:35:36.433402,BTC-USDT,118736.19,118741.0,0.060394,0.0001
2025-07-24T15:35:36.433953,ETH-USDT,3723.85,3724.99,0.4378,0.0046
2025-07-24T15:35:36.434563,XRP-USDT,3.22362,3.2243,351.0,283.0
2025-07-24T15:35:36.440273,LTC-USDT,113.75,113.81,2.97,53.057
2025-07-24T15:35:36.534680,BTC-USDT,118745.99,118746.0,0.208672,0.0001
2025-07-24T15:35:36.535381,ETH-USDT,3723.99,3724.99,8.4659,0.0046
2025-07-24T15:35:36.535939,XRP-USDT,3.22398,3.22501,351.0,283.0
2025-07-24T15:35:36.540985,SOL-USDT,188.415,188.4556,7.6,1.5
2025-07-24T15:35:36.541318,LTC-USDT,113.77,113.83,2.97,4.018
2025-07-24T15:35:36.633871,ETH-USDT,3724.06,3724.99,8.5281,0.0046
2025-07-24T15:35:36.634689,XRP-USDT,3.22418,3.22487,351.0,283.0
2025-07-24T15:35:36.639673,SOL-USDT,188.4555,188.4556,1.598,1.5
2025-07-24T15:35:36.639998,LTC-USDT,113.77,113.82,2.97,2.97
2025-07-24T15:35:36.732892,ETH-USDT,3724.1,3724.99,0.0281,0.0436
2025-07-24T15:35:36.733352,XRP-USDT,3.22418,3.22431,351.0,273.46
2025-07-24T15:35:36.738174,LTC-USDT,113.79,113.82,2.97,2.97
2025-07-24T15:35:36.833016,ETH-USDT,3724.98,3724.99,0.1258,0.0436
2025-07-24T15:35:36.833450,XRP-USDT,3.22368,3.22481,31.02,155.0
2025-07-24T15:35:36.837220,LTC-USDT,113.79,113.84,2.97,2.97
2025-07-24T15:35:36.932144,ETH-USDT,3724.98,3724.99,0.1258,1.0436
2025-07-24T15:35:36.932428,XRP-USDT,3.22434,3.22466,351.0,155.0
2025-07-24T15:35:37.032126,XRP-USDT,3.22439,3.22466,277.5,155.0
2025-07-24T15:35:37.035275,LTC-USDT,113.79,113.83,2.97,2.97
2025-07-24T15:35:37.132163,XRP-USDT,3.22472,3.22527,278.82,351.0
2025-07-24T15:35:37.232397,ETH-USDT,3724.98,3724.99,0.5636,1.0436
2025-07-24T15:35:37.232654,XRP-USDT,3.2233,3.22498,283.0,351.0
2025-07-24T15:35:37.235772,LTC-USDT,113.77,113.82,2.97,2.97
2025-07-24T15:35:37.332304,BTC-USDT,118745.99,118746.0,0.412729,0.0001
2025-07-24T15:35:37.332710,ETH-USDT,3724.98,3724.99,0.5636,0.0046
2025-07-24T15:35:37.332841,XRP-USDT,3.22339,3.22513,851.0,351.0
2025-07-24T15:35:37.335437,LTC-USDT,113.77,113.82,2.97,2.97
2025-07-24T15:35:37.438024,BTC-USDT,118745.99,118746.0,0.413063,0.0001
2025-07-24T15:35:37.438096,XRP-USDT,3.22434,3.22459,648.33,288.54
2025-07-24T15:35:37.438125,SOL-USDT,188.4224,188.4556,44.899,1.5
2025-07-24T15:35:37.532198,BTC-USDT,118745.99,118746.0,0.05294,0.0001
2025-07-24T15:35:37.532567,ETH-USDT,3724.98,3724.99,0.5636,3.6891
2025-07-24T15:35:37.532912,XRP-USDT,3.22435,3.22449,506.0,278.14
2025-07-24T15:35:37.536827,SOL-USDT,188.389,188.4486,87.023,1.465
2025-07-24T15:35:37.537447,LTC-USDT,113.77,113.81,2.97,2.97
2025-07-24T15:35:37.632533,ETH-USDT,3724.98,3724.99,0.6258,0.0046
2025-07-24T15:35:37.636107,SOL-USDT,188.4432,188.4556,1.526,1.5
2025-07-24T15:35:37.732300,ETH-USDT,3724.98,3724.99,2.3658,0.0046
2025-07-24T15:35:37.732533,XRP-USDT,3.22436,3.22522,634.0,351.0
2025-07-24T15:35:37.735643,SOL-USDT,188.4455,188.4556,1.49,1.5
2025-07-24T15:35:37.736116,LTC-USDT,113.77,113.82,2.97,6.988
2025-07-24T15:35:37.832312,BTC-USDT,118745.99,118746.0,0.10077,0.0001
2025-07-24T15:35:37.832811,XRP-USDT,3.22436,3.22534,917.57,155.0
2025-07-24T15:35:37.836619,SOL-USDT,188.4138,188.4556,7.6,1.5
2025-07-24T15:35:37.836773,LTC-USDT,113.77,113.83,2.97,22.518
2025-07-24T15:35:37.932884,ETH-USDT,3724.98,3724.99,10.3658,0.0046
2025-07-24T15:35:37.933072,XRP-USDT,3.22436,3.22482,917.57,280.54
2025-07-24T15:35:37.936869,SOL-USDT,188.4164,188.4556,7.6,1.5
2025-07-24T15:35:37.937488,LTC-USDT,113.77,113.82,2.97,2.97
2025-07-24T15:35:38.033027,XRP-USDT,3.22438,3.22514,634.0,155.0
2025-07-24T15:35:38.036650,SOL-USDT,188.454,188.4556,1.474,1.5
2025-07-24T15:35:38.036868,LTC-USDT,113.77,113.82,2.97,2.97
2025-07-24T15:35:38.133137,ETH-USDT,3725.05,3726.0,0.9518,1.0
2025-07-24T15:35:38.133377,XRP-USDT,3.22438,3.22512,634.0,351.0
2025-07-24T15:35:38.137075,LTC-USDT,113.77,113.83,2.97,22.518
2025-07-24T15:35:38.232590,ETH-USDT,3725.14,3726.08,0.5,0.0364
2025-07-24T15:35:38.232911,XRP-USDT,3.22438,3.22514,634.0,155.0
2025-07-24T15:35:38.236179,SOL-USDT,188.4555,188.4556,1.588,1.5
2025-07-24T15:35:38.236660,LTC-USDT,113.79,113.89,2.97,8.2382
2025-07-24T15:35:38.335007,ETH-USDT,3725.22,3726.08,0.028,0.0364
2025-07-24T15:35:38.335251,XRP-USDT,3.22443,3.22473,283.0,280.29
2025-07-24T15:35:38.337967,SOL-USDT,188.4555,188.4556,21.385,1.5
2025-07-24T15:35:38.338217,LTC-USDT,113.81,113.86,2.97,2.97
2025-07-24T15:35:38.439202,ETH-USDT,3725.27,3726.08,0.028,0.0364
2025-07-24T15:35:38.439274,XRP-USDT,3.22445,3.22534,634.0,506.0
2025-07-24T15:35:38.533180,ETH-USDT,3725.26,3726.07,0.0141,2.684
2025-07-24T15:35:38.533361,XRP-USDT,3.22445,3.22533,634.0,351.0
2025-07-24T15:35:38.632521,ETH-USDT,3725.38,3725.67,0.0038,3.684
2025-07-24T15:35:38.633335,XRP-USDT,3.22446,3.22457,506.0,298.6
2025-07-24T15:35:38.637474,LTC-USDT,113.81,113.85,1.751,2.97
2025-07-24T15:35:38.733278,ETH-USDT,3725.39,3725.71,8.0,1.0
2025-07-24T15:35:38.832811,ETH-USDT,3725.16,3725.43,0.004,2.6842
2025-07-24T15:35:38.833399,XRP-USDT,3.22446,3.22447,155.0,290.29
2025-07-24T15:35:38.836263,LTC-USDT,113.8,113.85,2.97,2.97
2025-07-24T15:35:38.933076,ETH-USDT,3724.39,3725.13,0.9378,2.6965
2025-07-24T15:35:38.933441,XRP-USDT,3.22446,3.22447,854.0,290.29
2025-07-24T15:35:38.936407,SOL-USDT,188.4555,188.4556,1.588,1.5
2025-07-24T15:35:39.032201,ETH-USDT,3724.77,3725.6,0.0281,1.0
2025-07-24T15:35:39.132108,ETH-USDT,3724.49,3724.5,9.1181,0.1329
2025-07-24T15:35:39.135596,LTC-USDT,113.79,113.85,2.97,2.97
2025-07-24T15:35:39.232372,ETH-USDT,3725.11,3725.12,0.3987,3.6844
2025-07-24T15:35:39.232436,XRP-USDT,3.2246,3.22528,285.14,506.0
2025-07-24T15:35:39.235956,LTC-USDT,113.81,113.85,2.97,2.97
2025-07-24T15:35:39.332048,XRP-USDT,3.2246,3.22535,351.0,5.86
2025-07-24T15:35:39.433196,ETH-USDT,3724.81,3724.83,0.5412,1.0
2025-07-24T15:35:39.433270,XRP-USDT,3.22461,3.22523,506.0,351.0
2025-07-24T15:35:39.531800,ETH-USDT,3724.82,3724.83,8.8756,3.6846
2025-07-24T15:35:39.532066,XRP-USDT,3.22474,3.22496,506.0,277.85
2025-07-24T15:35:39.534958,LTC-USDT,113.81,113.85,2.97,2.97
2025-07-24T15:35:39.633542,ETH-USDT,3724.84,3725.08,0.5,1.0
2025-07-24T15:35:39.731990,ETH-USDT,3724.82,3724.83,8.5,3.6846
2025-07-24T15:35:39.832363,ETH-USDT,3724.82,3724.83,8.54,3.6846
2025-07-24T15:35:39.832663,XRP-USDT,3.22474,3.22487,506.0,271.25
2025-07-24T15:35:40.033765,ETH-USDT,3724.83,3725.08,0.9378,1.0
2025-07-24T15:35:40.034059,XRP-USDT,3.22474,3.22534,506.0,155.0
2025-07-24T15:35:40.133131,ETH-USDT,3725.13,3725.14,0.3987,1.0
2025-07-24T15:35:40.133697,XRP-USDT,3.22476,3.22534,634.0,155.0
2025-07-24T15:35:40.138281,SOL-USDT,188.4555,188.4556,60.746,1.5
2025-07-24T15:35:40.236763,ETH-USDT,3725.14,3725.42,0.5,0.2013
2025-07-24T15:35:40.241073,SOL-USDT,188.4555,188.4556,60.746,0.86
2025-07-24T15:35:40.241269,LTC-USDT,113.81,113.85,2.97,2.97
2025-07-24T15:35:40.332654,ETH-USDT,3725.14,3725.41,0.9378,2.6844
2025-07-24T15:35:40.335382,SOL-USDT,188.4555,188.5353,59.158,18.5
2025-07-24T15:35:40.433870,ETH-USDT,3725.27,3725.28,0.4378,2.8171
2025-07-24T15:35:40.433929,XRP-USDT,3.22491,3.22534,280.07,155.0
2025-07-24T15:35:40.434848,SOL-USDT,188.4979,188.5342,1.445,0.159
2025-07-24T15:35:40.532370,ETH-USDT,3725.41,3725.42,0.8365,2.8855
2025-07-24T15:35:40.532958,XRP-USDT,3.22502,3.22534,283.0,155.0
2025-07-24T15:35:40.633503,ETH-USDT,3725.13,3725.14,0.0038,1.1329
2025-07-24T15:35:40.633907,XRP-USDT,3.22511,3.22535,506.0,5.86
2025-07-24T15:35:40.639741,SOL-USDT,188.4979,188.5096,1.445,1.574
2025-07-24T15:35:40.734399,ETH-USDT,3724.9,3725.16,0.3987,1.0
2025-07-24T15:35:40.739485,SOL-USDT,188.4631,188.5342,4.86,0.159
2025-07-24T15:35:40.832739,ETH-USDT,3725.02,3725.03,8.8365,1.0
2025-07-24T15:35:40.833044,XRP-USDT,3.22523,3.22535,634.0,5.86
2025-07-24T15:35:40.837189,SOL-USDT,188.5085,188.5342,1.458,0.159
2025-07-24T15:35:40.958984,ETH-USDT,3725.02,3725.03,8.4378,1.0
2025-07-24T15:35:40.959196,XRP-USDT,3.22526,3.22535,155.0,5.86
2025-07-24T15:35:41.034385,ETH-USDT,3725.21,3725.96,0.3987,2.6958
2025-07-24T15:35:41.035041,XRP-USDT,3.22534,3.22535,1075.37,5.86
2025-07-24T15:35:41.039535,SOL-USDT,188.5085,188.529,1.458,1.512
2025-07-24T15:35:41.131506,ETH-USDT,3725.06,3725.57,0.0084,2.6842
2025-07-24T15:35:41.131813,XRP-USDT,3.2258,3.22658,851.0,351.0
2025-07-24T15:35:41.134116,SOL-USDT,188.5085,188.5342,1.458,0.159
2025-07-24T15:35:41.232280,ETH-USDT,3724.9,3725.51,8.0,1.0
2025-07-24T15:35:41.232513,XRP-USDT,3.2258,3.22647,351.0,154.0
2025-07-24T15:35:41.235488,LTC-USDT,113.81,113.85,2.97,2.97
2025-07-24T15:35:41.332974,ETH-USDT,3724.96,3725.39,0.5,2.6844
2025-07-24T15:35:41.333302,XRP-USDT,3.22582,3.22631,505.0,280.02
2025-07-24T15:35:41.336326,SOL-USDT,188.5085,188.5173,1.458,1.463
2025-07-24T15:35:41.432869,ETH-USDT,3725.16,3725.17,0.3987,3.6844
2025-07-24T15:35:41.433963,XRP-USDT,3.2261,3.22631,505.0,280.02
2025-07-24T15:35:41.531981,ETH-USDT,3724.9,3724.91,0.4378,2.8174
2025-07-24T15:35:41.532331,XRP-USDT,3.2261,3.22611,154.0,286.33
2025-07-24T15:35:41.537390,SOL-USDT,188.4577,188.5117,0.159,1.527
2025-07-24T15:35:41.537721,LTC-USDT,113.81,113.83,2.97,2.97
2025-07-24T15:35:41.635457,BTC-USDT,118749.99,118750.0,0.468952,0.000348
2025-07-24T15:35:41.635811,ETH-USDT,3724.25,3724.26,0.0136,1.0
2025-07-24T15:35:41.636196,XRP-USDT,3.22506,3.22585,283.0,155.0
2025-07-24T15:35:41.640767,SOL-USDT,188.3974,188.4942,7.6,0.159
2025-07-24T15:35:41.640821,LTC-USDT,113.79,113.83,6.988,2.97
2025-07-24T15:35:41.732683,ETH-USDT,3724.25,3724.26,9.1057,0.1329
2025-07-24T15:35:41.733123,XRP-USDT,3.22547,3.22585,640.44,155.0
2025-07-24T15:35:41.736736,SOL-USDT,188.4007,188.4878,7.6,10.0
2025-07-24T15:35:41.736966,LTC-USDT,113.79,113.82,2.97,6.5
2025-07-24T15:35:41.834702,ETH-USDT,3724.27,3725.13,0.0141,0.0118
2025-07-24T15:35:41.838974,SOL-USDT,188.473,188.4942,1.452,0.159
2025-07-24T15:35:41.839267,LTC-USDT,113.79,113.82,2.97,9.47
2025-07-24T15:35:41.932064,ETH-USDT,3724.72,3724.78,8.0,1.0
2025-07-24T15:35:41.932315,XRP-USDT,3.22547,3.22572,640.44,280.29
2025-07-24T15:35:41.934598,SOL-USDT,188.4464,188.5185,44.861,7.6
2025-07-24T15:35:41.934933,LTC-USDT,113.8,113.82,2.97,6.5
2025-07-24T15:35:42.032149,ETH-USDT,3724.49,3724.78,0.0043,3.6847
2025-07-24T15:35:42.032471,XRP-USDT,3.22547,3.22585,640.44,155.0
2025-07-24T15:35:42.036314,SOL-USDT,188.4464,188.5172,44.861,8.5
2025-07-24T15:35:42.132815,ETH-USDT,3724.63,3724.64,8.5,2.6848
2025-07-24T15:35:42.232750,ETH-USDT,3724.69,3725.08,0.4579,2.6846
2025-07-24T15:35:42.233015,XRP-USDT,3.22569,3.2265,284.31,283.0
2025-07-24T15:35:42.237522,SOL-USDT,188.4904,188.5386,1.454,3.0
2025-07-24T15:35:42.332330,ETH-USDT,3725.08,3725.98,8.3987,2.9815
2025-07-24T15:35:42.332538,XRP-USDT,3.22581,3.22649,648.03,154.0
2025-07-24T15:35:42.336025,SOL-USDT,188.5006,188.5386,1.593,3.0
2025-07-24T15:35:42.431216,ETH-USDT,3725.28,3725.29,0.3987,2.6844
2025-07-24T15:35:42.431490,XRP-USDT,3.22581,3.22633,351.0,505.0
2025-07-24T15:35:42.434702,SOL-USDT,188.5006,188.5385,1.593,8.5
2025-07-24T15:35:42.434755,LTC-USDT,113.8,113.82,2.97,2.97
2025-07-24T15:35:42.533639,ETH-USDT,3724.57,3724.58,0.004,0.1329
2025-07-24T15:35:42.535350,XRP-USDT,3.22522,3.22557,506.0,281.47
2025-07-24T15:35:42.538965,SOL-USDT,188.435,188.5238,5.251,7.6
2025-07-24T15:35:42.539307,LTC-USDT,113.79,113.82,4.018,2.97
2025-07-24T15:35:42.634059,ETH-USDT,3723.76,3723.77,0.4712,0.1329
2025-07-24T15:35:42.635275,XRP-USDT,3.22522,3.22523,155.0,273.95
2025-07-24T15:35:42.641016,SOL-USDT,188.4465,188.4788,44.859,1.561
2025-07-24T15:35:42.641941,LTC-USDT,113.78,113.82,4.1431,2.97
2025-07-24T15:35:42.732884,ETH-USDT,3724.15,3724.16,8.3987,2.6853
2025-07-24T15:35:42.733218,XRP-USDT,3.22522,3.22575,1168.19,351.0
2025-07-24T15:35:42.737092,SOL-USDT,188.4644,188.4788,1.544,1.561
2025-07-24T15:35:42.737374,LTC-USDT,113.78,113.82,7.1131,2.97
2025-07-24T15:35:42.832028,ETH-USDT,3724.15,3724.16,8.5,0.5
2025-07-24T15:35:42.833059,XRP-USDT,3.22522,3.22605,1168.19,155.0
2025-07-24T15:35:42.838327,SOL-USDT,188.4465,188.4788,44.859,1.561
2025-07-24T15:35:42.838374,LTC-USDT,113.78,113.82,4.1431,2.97
2025-07-24T15:35:42.932862,ETH-USDT,3724.15,3724.16,8.5,3.1851
2025-07-24T15:35:42.933221,XRP-USDT,3.22522,3.22552,662.19,351.0
2025-07-24T15:35:42.937921,SOL-USDT,188.4215,188.4724,5.251,1.457
2025-07-24T15:35:43.033709,ETH-USDT,3724.15,3724.16,0.0132,3.1851
2025-07-24T15:35:43.034029,XRP-USDT,3.22522,3.22543,662.19,155.0
2025-07-24T15:35:43.037723,SOL-USDT,188.3892,188.4475,19.832,1.503
2025-07-24T15:35:43.038105,LTC-USDT,113.76,113.82,4.018,2.97
2025-07-24T15:35:43.132468,ETH-USDT,3724.15,3724.16,0.0058,4.1395
2025-07-24T15:35:43.133050,XRP-USDT,3.22522,3.22523,662.19,638.07
2025-07-24T15:35:43.142463,SOL-USDT,188.389,188.4642,87.023,8.5
2025-07-24T15:35:43.232297,BTC-USDT,118749.99,118750.0,0.060329,0.000348
2025-07-24T15:35:43.233130,ETH-USDT,3724.15,3724.16,0.0001,0.6486
2025-07-24T15:35:43.233767,XRP-USDT,3.22448,3.22472,506.0,298.45
2025-07-24T15:35:43.239308,SOL-USDT,188.389,188.4531,87.023,7.6
2025-07-24T15:35:43.239972,LTC-USDT,113.76,113.79,6.988,2.97
2025-07-24T15:35:43.332125,ETH-USDT,3724.15,3724.16,0.0001,0.6368
2025-07-24T15:35:43.332391,XRP-USDT,3.22448,3.22471,506.0,155.0
2025-07-24T15:35:43.335213,SOL-USDT,188.4155,188.4638,1.568,7.6
2025-07-24T15:35:43.335528,LTC-USDT,113.77,113.79,2.97,2.97
2025-07-24T15:35:43.462793,XRP-USDT,3.22457,3.22471,285.37,155.0
2025-07-24T15:35:43.466329,SOL-USDT,188.4155,188.4252,1.568,1.584
2025-07-24T15:35:43.533467,ETH-USDT,3724.15,3724.16,0.0001,0.5506
2025-07-24T15:35:43.533810,XRP-USDT,3.22387,3.22467,524.56,283.0
2025-07-24T15:35:43.537734,LTC-USDT,113.75,113.79,7.1131,2.97
2025-07-24T15:35:43.635821,ETH-USDT,3724.15,3724.16,0.0001,7.9485
2025-07-24T15:35:43.636115,XRP-USDT,3.22388,3.22411,506.0,280.72
2025-07-24T15:35:43.734369,ETH-USDT,3724.15,3724.16,0.0001,7.9367
2025-07-24T15:35:43.736818,LTC-USDT,113.76,113.79,2.97,2.97
2025-07-24T15:35:43.833659,ETH-USDT,3724.15,3724.16,0.0001,7.9485
2025-07-24T15:35:43.833845,XRP-USDT,3.22407,3.22434,631.47,155.0
2025-07-24T15:35:43.837917,LTC-USDT,113.75,113.79,4.1431,2.97
2025-07-24T15:35:43.932502,BTC-USDT,118749.99,118750.0,0.108159,0.000348
2025-07-24T15:35:43.938264,SOL-USDT,188.4216,188.4581,1.461,0.159
2025-07-24T15:35:43.938307,LTC-USDT,113.76,113.79,2.97,2.97
2025-07-24T15:35:44.033480,ETH-USDT,3724.15,3724.16,0.0001,4.231
2025-07-24T15:35:44.035640,XRP-USDT,3.22415,3.22434,273.16,155.0
2025-07-24T15:35:44.036672,SOL-USDT,188.4457,188.4968,1.584,7.6
2025-07-24T15:35:44.132951,ETH-USDT,3724.15,3724.16,0.0001,0.5
2025-07-24T15:35:44.133026,XRP-USDT,3.22448,3.22538,641.84,351.0
2025-07-24T15:35:44.135908,SOL-USDT,188.4809,188.5036,1.471,3.0
2025-07-24T15:35:44.136175,LTC-USDT,113.77,113.82,2.97,10.518
2025-07-24T15:35:44.233858,ETH-USDT,3724.17,3724.66,0.0281,0.5
2025-07-24T15:35:44.234046,XRP-USDT,3.22468,3.22523,351.0,155.0
2025-07-24T15:35:44.239917,SOL-USDT,188.5385,188.5386,1.497,3.0
2025-07-24T15:35:44.240068,LTC-USDT,113.77,113.82,2.97,6.5
2025-07-24T15:35:44.332490,ETH-USDT,3723.51,3724.32,8.028,0.5
2025-07-24T15:35:44.332829,XRP-USDT,3.22442,3.22517,634.0,155.0
2025-07-24T15:35:44.336330,LTC-USDT,113.79,113.83,2.97,2.97
2025-07-24T15:35:44.433588,BTC-USDT,118749.99,118750.0,0.513307,0.000348
2025-07-24T15:35:44.433664,ETH-USDT,3724.92,3724.93,0.3987,0.5
2025-07-24T15:35:44.437238,SOL-USDT,188.5608,188.5656,1.454,0.062
2025-07-24T15:35:44.437518,LTC-USDT,113.79,113.84,2.97,6.5
2025-07-24T15:35:44.532792,ETH-USDT,3724.32,3724.93,0.0281,0.5
2025-07-24T15:35:44.533072,XRP-USDT,3.22515,3.22517,642.67,155.0
2025-07-24T15:35:44.537975,SOL-USDT,188.5721,188.6169,1.464,5.96
2025-07-24T15:35:44.538274,LTC-USDT,113.81,113.84,2.97,6.5
2025-07-24T15:35:44.632174,ETH-USDT,3724.32,3724.82,1.0,0.5
2025-07-24T15:35:44.632424,XRP-USDT,3.22534,3.22557,650.5,155.0
2025-07-24T15:35:44.635130,SOL-USDT,188.5567,188.6169,0.159,5.96
2025-07-24T15:35:44.635477,LTC-USDT,113.81,113.84,2.97,2.97
2025-07-24T15:35:44.732436,XRP-USDT,3.22442,3.22633,351.0,155.0
2025-07-24T15:35:44.833346,BTC-USDT,118756.99,118757.0,0.551455,0.0001
2025-07-24T15:35:44.833749,ETH-USDT,3725.14,3725.15,0.3987,0.0039
2025-07-24T15:35:44.834138,XRP-USDT,3.22465,3.22578,351.0,279.84
2025-07-24T15:35:44.838758,SOL-USDT,188.5913,188.6479,1.529,7.6
2025-07-24T15:35:44.838808,LTC-USDT,113.79,113.85,2.97,2.97
2025-07-24T15:35:44.933033,ETH-USDT,3725.14,3725.15,8.8987,0.0039
2025-07-24T15:35:44.933097,XRP-USDT,3.22564,3.22641,292.64,351.0
2025-07-24T15:35:44.936017,SOL-USDT,188.5798,188.6479,5.251,7.6
2025-07-24T15:35:44.936073,LTC-USDT,113.81,113.85,2.97,9.47
2025-07-24T15:35:45.032098,BTC-USDT,118757.0,118757.01,0.490363,5e-05
2025-07-24T15:35:45.033794,ETH-USDT,3725.2,3726.31,0.0141,0.0295
2025-07-24T15:35:45.035024,XRP-USDT,3.22565,3.22628,506.0,351.0
2025-07-24T15:35:45.040630,SOL-USDT,188.5803,188.66,21.195,7.6
2025-07-24T15:35:45.040924,LTC-USDT,113.81,113.85,2.97,2.97
2025-07-24T15:35:45.131875,ETH-USDT,3725.75,3725.76,0.0383,0.5
2025-07-24T15:35:45.132171,XRP-USDT,3.22576,3.22598,299.49,280.54
2025-07-24T15:35:45.135057,SOL-USDT,188.5798,188.6005,5.251,1.571
2025-07-24T15:35:45.234693,SOL-USDT,188.5901,188.6005,1.512,1.571
2025-07-24T15:35:45.333542,XRP-USDT,3.22615,3.22653,284.58,351.0
2025-07-24T15:35:45.435361,ETH-USDT,3725.75,3725.76,0.0262,3.184
2025-07-24T15:35:45.436226,XRP-USDT,3.22615,3.22652,284.58,154.0
2025-07-24T15:35:45.533235,ETH-USDT,3725.23,3725.24,0.0042,3.1842
2025-07-24T15:35:45.534084,XRP-USDT,3.22527,3.2257,351.0,351.0
2025-07-24T15:35:45.539576,SOL-USDT,188.5804,188.6293,44.967,7.6
2025-07-24T15:35:45.540069,LTC-USDT,113.8,113.82,2.97,2.97
2025-07-24T15:35:45.634414,ETH-USDT,3724.94,3724.95,0.0038,3.3175
2025-07-24T15:35:45.635926,XRP-USDT,3.22506,3.22584,506.0,351.0
2025-07-24T15:35:45.643535,SOL-USDT,188.5804,188.5825,44.967,1.58
2025-07-24T15:35:45.644190,LTC-USDT,113.81,113.83,20.4,2.97
2025-07-24T15:35:45.731707,BTC-USDT,118757.0,118757.01,0.442533,5e-05
2025-07-24T15:35:45.733465,ETH-USDT,3724.51,3724.95,8.3683,2.6846
2025-07-24T15:35:45.737686,SOL-USDT,188.5567,188.5825,0.159,1.58
2025-07-24T15:35:45.738170,LTC-USDT,113.81,113.83,20.4,2.97
2025-07-24T15:35:45.831428,BTC-USDT,118757.0,118757.01,0.490363,5e-05
2025-07-24T15:35:45.832561,ETH-USDT,3724.94,3724.95,0.0394,0.5
2025-07-24T15:35:45.832731,XRP-USDT,3.22537,3.2268,634.0,283.0
2025-07-24T15:35:45.835141,SOL-USDT,188.5727,188.5825,1.579,1.58
2025-07-24T15:35:45.835390,LTC-USDT,113.82,113.84,2.97,2.97
2025-07-24T15:35:45.931546,ETH-USDT,3724.94,3724.95,0.0394,3.1846
2025-07-24T15:35:45.931746,XRP-USDT,3.22561,3.22678,634.0,634.0
2025-07-24T15:35:45.934320,LTC-USDT,113.81,113.83,20.4,2.97
2025-07-24T15:35:46.033169,ETH-USDT,3724.94,3724.95,8.5394,0.5
2025-07-24T15:35:46.034104,XRP-USDT,3.22585,3.22683,634.0,154.0
2025-07-24T15:35:46.038895,SOL-USDT,188.5775,188.6462,1.543,7.6
2025-07-24T15:35:46.039276,LTC-USDT,113.82,113.83,2.97,6.5
2025-07-24T15:35:46.131725,BTC-USDT,118757.99,118758.0,0.408621,0.0001
2025-07-24T15:35:46.131788,ETH-USDT,3725.36,3725.54,0.0387,0.0395
2025-07-24T15:35:46.132198,XRP-USDT,3.22669,3.22687,632.45,91.89
2025-07-24T15:35:46.134836,SOL-USDT,188.5775,188.6376,1.543,7.6
2025-07-24T15:35:46.135004,LTC-USDT,113.82,113.85,2.97,9.47
2025-07-24T15:35:46.231015,BTC-USDT,118757.99,118758.0,0.744971,0.0001
2025-07-24T15:35:46.231290,ETH-USDT,3725.36,3725.37,0.0387,3.4151
2025-07-24T15:35:46.231737,XRP-USDT,3.22669,3.22687,351.0,91.89
2025-07-24T15:35:46.234198,SOL-USDT,188.5775,188.5858,1.543,1.542
2025-07-24T15:35:46.234404,LTC-USDT,113.82,113.83,2.97,6.5
2025-07-24T15:35:46.331690,XRP-USDT,3.22643,3.22687,634.0,91.89
2025-07-24T15:35:46.431032,XRP-USDT,3.22681,3.22687,648.93,91.89
2025-07-24T15:35:46.433642,LTC-USDT,113.82,113.86,2.97,22.518
2025-07-24T15:35:46.531821,XRP-USDT,3.22643,3.22687,634.0,442.89
2025-07-24T15:35:46.534330,LTC-USDT,113.82,113.83,2.97,6.5
2025-07-24T15:35:46.631704,XRP-USDT,3.22523,3.22676,414.31,351.0
2025-07-24T15:35:46.731468,XRP-USDT,3.22539,3.22676,654.0,351.0
2025-07-24T15:35:46.831951,ETH-USDT,3725.36,3725.37,0.0655,3.4151
2025-07-24T15:35:46.832267,XRP-USDT,3.22593,3.22633,351.0,351.0
2025-07-24T15:35:46.835079,LTC-USDT,113.81,113.83,24.418,2.97
2025-07-24T15:35:46.932443,ETH-USDT,3725.36,3725.37,0.0268,3.4151
2025-07-24T15:35:46.932656,XRP-USDT,3.22598,3.22612,274.83,293.66
2025-07-24T15:35:46.935300,SOL-USDT,188.5567,188.5858,0.159,1.542
2025-07-24T15:35:47.030985,XRP-USDT,3.22586,3.22611,351.0,154.0
2025-07-24T15:35:47.034429,LTC-USDT,113.82,113.83,0.1251,6.5
2025-07-24T15:35:47.132016,XRP-USDT,3.22586,3.22611,351.0,154.0
2025-07-24T15:35:47.233040,XRP-USDT,3.22654,3.22665,274.68,154.0
2025-07-24T15:35:47.236559,SOL-USDT,188.5767,188.6366,1.6,8.5
2025-07-24T15:35:47.236831,LTC-USDT,113.82,113.85,6.988,9.47
2025-07-24T15:35:47.332727,ETH-USDT,3725.36,3725.37,0.0268,3.2822
2025-07-24T15:35:47.332973,XRP-USDT,3.22618,3.22685,500.0,154.0
2025-07-24T15:35:47.334800,LTC-USDT,113.82,113.85,7.1131,9.47
2025-07-24T15:35:47.434796,ETH-USDT,3725.36,3725.37,0.5628,0.098
2025-07-24T15:35:47.434987,XRP-USDT,3.22618,3.22687,351.0,91.89
2025-07-24T15:35:47.438050,SOL-USDT,188.5821,188.6445,1.444,0.159
2025-07-24T15:35:47.438326,LTC-USDT,113.83,113.86,2.97,2.97
2025-07-24T15:35:47.532171,XRP-USDT,3.22686,3.22687,288.99,91.89
2025-07-24T15:35:47.534826,SOL-USDT,188.5901,188.5962,1.505,1.572
2025-07-24T15:35:47.535050,LTC-USDT,113.83,113.86,2.97,6.5
2025-07-24T15:35:47.631201,ETH-USDT,3725.74,3725.75,0.3987,3.896
2025-07-24T15:35:47.633335,SOL-USDT,188.5901,188.6676,1.505,7.6
2025-07-24T15:35:47.633390,LTC-USDT,113.84,113.89,2.97,2.97
2025-07-24T15:35:47.732598,ETH-USDT,3725.74,3725.75,0.3987,6.6167
2025-07-24T15:35:47.733042,XRP-USDT,3.22686,3.22687,969.86,91.89
2025-07-24T15:35:47.736176,SOL-USDT,188.5901,188.6608,1.505,7.6
2025-07-24T15:35:47.736225,LTC-USDT,113.84,113.89,2.97,2.97
2025-07-24T15:35:47.831908,ETH-USDT,3725.49,3725.66,0.5,0.0388
2025-07-24T15:35:47.833586,SOL-USDT,188.5949,188.654,18.783,8.5
2025-07-24T15:35:47.931980,BTC-USDT,118757.99,118758.0,0.745813,0.0001
2025-07-24T15:35:47.932434,ETH-USDT,3725.64,3725.65,0.3987,2.684
2025-07-24T15:35:47.932768,XRP-USDT,3.22709,3.22764,277.47,351.0
2025-07-24T15:35:47.936104,SOL-USDT,188.6059,188.613,1.482,1.493
2025-07-24T15:35:47.936391,LTC-USDT,113.84,113.88,2.97,2.97
2025-07-24T15:35:48.038267,BTC-USDT,118774.99,118775.0,0.445886,0.00034
2025-07-24T15:35:48.038992,ETH-USDT,3725.87,3729.36,9.0281,0.0141
2025-07-24T15:35:48.040971,XRP-USDT,3.22726,3.22822,500.0,154.0
2025-07-24T15:35:48.048137,SOL-USDT,188.6466,188.6863,5.251,1.5
2025-07-24T15:35:48.049230,LTC-USDT,113.88,114.0,2.97,4.018
2025-07-24T15:35:48.135863,BTC-USDT,118775.0,118779.0,0.05,0.0001
2025-07-24T15:35:48.136456,ETH-USDT,3728.57,3731.05,0.8058,0.029
2025-07-24T15:35:48.136989,XRP-USDT,3.22796,3.22881,286.37,284.06
2025-07-24T15:35:48.143478,SOL-USDT,188.6934,188.7791,4.86,4.86
2025-07-24T15:35:48.143656,LTC-USDT,113.9,113.98,2.97,4.018
2025-07-24T15:35:48.236492,BTC-USDT,118778.99,118779.0,0.205952,0.0001
2025-07-24T15:35:48.237199,ETH-USDT,3729.49,3730.41,0.0216,0.1329
2025-07-24T15:35:48.237240,XRP-USDT,3.22702,3.22953,283.0,351.0
2025-07-24T15:35:48.242723,SOL-USDT,188.6805,188.7127,1.595,1.454
2025-07-24T15:35:48.337928,ETH-USDT,3729.87,3731.05,0.0288,0.029
2025-07-24T15:35:48.339595,XRP-USDT,3.22884,3.22972,273.16,351.0
2025-07-24T15:35:48.347423,SOL-USDT,188.7167,188.7648,1.533,4.86
2025-07-24T15:35:48.347805,LTC-USDT,113.92,114.0,2.97,4.018
2025-07-24T15:35:48.436952,ETH-USDT,3729.92,3731.05,0.0288,0.029
2025-07-24T15:35:48.438593,XRP-USDT,3.22726,3.22967,351.0,351.0
2025-07-24T15:35:48.447899,SOL-USDT,188.6967,188.7522,0.159,7.6
2025-07-24T15:35:48.448110,LTC-USDT,113.9,114.0,4.018,4.018
2025-07-24T15:35:48.535278,ETH-USDT,3727.05,3731.02,0.0363,0.1364
2025-07-24T15:35:48.535500,XRP-USDT,3.22749,3.22934,283.0,351.0
2025-07-24T15:35:48.539777,SOL-USDT,188.6626,188.7327,7.6,4.86
2025-07-24T15:35:48.540065,LTC-USDT,113.9,113.97,4.018,50.347
2025-07-24T15:35:48.687142,BTC-USDT,118778.99,118779.0,0.405952,0.0001
2025-07-24T15:35:48.687691,ETH-USDT,3727.06,3730.99,0.5,0.139
2025-07-24T15:35:48.688106,XRP-USDT,3.22774,3.22934,500.0,351.0
2025-07-24T15:35:48.695292,SOL-USDT,188.6461,188.7189,7.6,1.47
2025-07-24T15:35:48.695589,LTC-USDT,113.86,113.96,2.97,4.018
2025-07-24T15:35:48.736950,BTC-USDT,118778.99,118779.0,0.451252,0.0001
2025-07-24T15:35:48.737315,ETH-USDT,3727.09,3729.98,0.0363,0.0397
2025-07-24T15:35:48.737834,XRP-USDT,3.22757,3.22903,634.0,351.0
2025-07-24T15:35:48.742184,SOL-USDT,188.6553,188.7327,0.159,4.86
2025-07-24T15:35:48.742328,LTC-USDT,113.84,113.95,2.97,2.97
2025-07-24T15:35:48.833771,BTC-USDT,118778.99,118779.0,0.405952,0.0001
2025-07-24T15:35:48.835695,ETH-USDT,3727.1,3729.86,0.5,0.0035
2025-07-24T15:35:48.835737,XRP-USDT,3.22789,3.22903,351.0,351.0
2025-07-24T15:35:48.838368,LTC-USDT,113.88,113.93,4.018,2.97
2025-07-24T15:35:48.932957,ETH-USDT,3727.16,3729.84,0.0363,0.0035
2025-07-24T15:35:48.933235,XRP-USDT,3.22804,3.22872,283.0,351.0
2025-07-24T15:35:48.936451,SOL-USDT,188.6727,188.6842,1.542,1.452
2025-07-24T15:35:49.033402,ETH-USDT,3727.33,3729.27,0.8058,0.0379
2025-07-24T15:35:49.033484,XRP-USDT,3.22805,3.22872,414.31,351.0
2025-07-24T15:35:49.037662,SOL-USDT,188.6444,188.6659,6.33,1.535
2025-07-24T15:35:49.037713,LTC-USDT,113.86,113.89,4.018,2.97
2025-07-24T15:35:49.132399,ETH-USDT,3727.53,3729.26,0.8058,0.0035
2025-07-24T15:35:49.132733,XRP-USDT,3.22778,3.22872,283.0,351.0
2025-07-24T15:35:49.135814,SOL-USDT,188.6467,188.6659,45.733,1.535
2025-07-24T15:35:49.136090,LTC-USDT,113.82,113.95,3.095,2.97
2025-07-24T15:35:49.234058,ETH-USDT,3728.13,3728.91,0.8058,0.5
2025-07-24T15:35:49.234287,XRP-USDT,3.22778,3.22872,351.0,351.0
2025-07-24T15:35:49.238161,LTC-USDT,113.84,113.93,2.97,2.97
2025-07-24T15:35:49.334478,ETH-USDT,3727.3,3729.65,0.065,2.9815
2025-07-24T15:35:49.334931,XRP-USDT,3.22847,3.22872,294.8,351.0
2025-07-24T15:35:49.340199,SOL-USDT,188.6443,188.7292,7.6,10.062
2025-07-24T15:35:49.340567,LTC-USDT,113.84,113.94,2.97,2.97
2025-07-24T15:35:49.435026,BTC-USDT,118778.99,118779.0,0.41437,0.0001
2025-07-24T15:35:49.435553,ETH-USDT,3728.59,3729.34,0.8058,0.0035
2025-07-24T15:35:49.436124,XRP-USDT,3.22877,3.22901,272.61,351.0
2025-07-24T15:35:49.440996,SOL-USDT,188.6452,188.721,4.86,8.5
2025-07-24T15:35:49.441251,LTC-USDT,113.86,113.91,2.97,6.5
2025-07-24T15:35:49.533805,ETH-USDT,3729.64,3730.12,0.3987,0.5035
2025-07-24T15:35:49.534328,XRP-USDT,3.22885,3.22958,288.14,283.0
2025-07-24T15:35:49.541464,SOL-USDT,188.6674,188.7209,63.613,0.159
2025-07-24T15:35:49.541903,LTC-USDT,113.86,113.89,2.97,6.5
2025-07-24T15:35:49.633204,ETH-USDT,3729.47,3730.82,0.0364,1.5
2025-07-24T15:35:49.633528,XRP-USDT,3.22813,3.22965,634.0,154.0
2025-07-24T15:35:49.637215,SOL-USDT,188.6862,188.7209,4.86,0.159
2025-07-24T15:35:49.637566,LTC-USDT,113.86,113.92,2.97,6.988
2025-07-24T15:35:49.734887,ETH-USDT,3730.13,3730.14,0.0536,0.1329
2025-07-24T15:35:49.734944,XRP-USDT,3.22829,3.23042,283.0,283.0
2025-07-24T15:35:49.741029,SOL-USDT,188.6862,188.7241,4.86,1.48
2025-07-24T15:35:49.834441,ETH-USDT,3730.13,3730.14,0.0536,0.12217654189923166
2025-07-24T15:35:49.834510,XRP-USDT,3.22845,3.23057,634.0,154.0
2025-07-24T15:35:49.838524,SOL-USDT,188.6862,188.7642,4.86,7.6
2025-07-24T15:35:49.838817,LTC-USDT,113.86,113.93,2.97,4.018
2025-07-24T15:35:49.931491,ETH-USDT,3730.13,3730.14,0.044,0.12567654189923166
2025-07-24T15:35:49.931765,XRP-USDT,3.23006,3.2305,635.56,283.0
2025-07-24T15:35:49.934310,SOL-USDT,188.7448,188.7573,1.53,7.6
2025-07-24T15:35:49.934697,LTC-USDT,113.86,113.91,2.97,6.5
2025-07-24T15:35:50.032532,ETH-USDT,3730.13,3730.14,0.044,0.5149419608915483
2025-07-24T15:35:50.032860,XRP-USDT,3.23006,3.23057,635.56,154.0
2025-07-24T15:35:50.132401,ETH-USDT,3730.13,3730.14,0.0371,1.0880419608915484
2025-07-24T15:35:50.132691,XRP-USDT,3.23019,3.23053,639.95,283.0
2025-07-24T15:35:50.136063,SOL-USDT,188.6452,188.7505,4.86,6.42
2025-07-24T15:35:50.232672,ETH-USDT,3730.13,3730.14,0.0371,1.0695900893800232
2025-07-24T15:35:50.232928,XRP-USDT,3.23019,3.23057,639.95,154.0
2025-07-24T15:35:50.236349,SOL-USDT,188.6969,188.7574,4.86,5.251
2025-07-24T15:35:50.333961,ETH-USDT,3730.13,3730.14,0.0371,1.4924900893800233
2025-07-24T15:35:50.340082,SOL-USDT,188.6969,188.7573,4.86,8.5
2025-07-24T15:35:50.340316,LTC-USDT,113.89,113.91,2.97,6.5
2025-07-24T15:35:50.432348,ETH-USDT,3730.13,3730.14,0.5371,4.06605550837234
2025-07-24T15:35:50.432758,XRP-USDT,3.23019,3.23056,288.95,351.0
2025-07-24T15:35:50.435972,SOL-USDT,188.732,188.7573,1.476,8.5
2025-07-24T15:35:50.532100,ETH-USDT,3730.13,3730.14,0.0228,4.06955550837234
2025-07-24T15:35:50.532346,XRP-USDT,3.22924,3.23022,634.0,351.0
2025-07-24T15:35:50.535186,SOL-USDT,188.6452,188.7497,4.86,18.5
2025-07-24T15:35:50.636199,SOL-USDT,188.6556,188.7462,7.6,18.5
2025-07-24T15:35:50.736790,ETH-USDT,3730.13,3730.14,0.0228,5.43425550837234
2025-07-24T15:35:50.737315,XRP-USDT,3.22924,3.22958,283.0,351.0
2025-07-24T15:35:50.744180,SOL-USDT,188.6991,188.7435,1.496,18.5
2025-07-24T15:35:50.832728,ETH-USDT,3730.13,3730.14,0.0228,1.38525550837234
2025-07-24T15:35:50.832929,XRP-USDT,3.22924,3.22971,283.0,288.88
2025-07-24T15:35:50.836140,SOL-USDT,188.6991,188.7082,1.496,1.503
2025-07-24T15:35:50.836666,LTC-USDT,113.89,113.95,2.97,18.5
2025-07-24T15:35:50.933084,ETH-USDT,3730.13,3730.14,0.5228,1.38525550837234
2025-07-24T15:35:50.933789,XRP-USDT,3.22924,3.23049,283.0,283.0
2025-07-24T15:35:50.938987,LTC-USDT,113.89,113.93,2.97,2.97
2025-07-24T15:35:51.035055,ETH-USDT,3730.37,3730.38,8.5,0.5
2025-07-24T15:35:51.035884,XRP-USDT,3.22781,3.22948,283.0,283.0
2025-07-24T15:35:51.138581,ETH-USDT,3730.13,3730.14,8.8988,4.057
2025-07-24T15:35:51.138672,XRP-USDT,3.22884,3.22904,285.57,351.0
2025-07-24T15:35:51.138702,SOL-USDT,188.6714,188.6938,45.676,1.564
2025-07-24T15:35:51.232393,ETH-USDT,3730.38,3730.63,0.5,2.6808
2025-07-24T15:35:51.232656,XRP-USDT,3.2278,3.22854,283.0,287.82
2025-07-24T15:35:51.235841,SOL-USDT,188.6714,188.6884,45.676,1.544
2025-07-24T15:35:51.336335,ETH-USDT,3731.04,3731.05,8.5,0.029
2025-07-24T15:35:51.336551,XRP-USDT,3.22801,3.2294,634.0,283.0
2025-07-24T15:35:51.340420,LTC-USDT,113.9,113.94,2.97,6.5
2025-07-24T15:35:51.432689,ETH-USDT,3731.07,3731.69,9.8414,1.3853
2025-07-24T15:35:51.432991,XRP-USDT,3.22868,3.22925,289.02,351.0
2025-07-24T15:35:51.436641,SOL-USDT,188.681,188.7378,1.525,7.6
2025-07-24T15:35:51.438452,LTC-USDT,113.9,113.96,2.97,2.97
2025-07-24T15:35:51.534686,BTC-USDT,118780.89,118780.9,0.061054,0.01084
2025-07-24T15:35:51.534813,ETH-USDT,3729.81,3730.76,0.5,0.5
2025-07-24T15:35:51.534861,XRP-USDT,3.22808,3.22908,634.0,351.0
2025-07-24T15:35:51.537430,SOL-USDT,188.681,188.7308,1.525,7.6
2025-07-24T15:35:51.631967,BTC-USDT,118780.89,118780.9,0.219201,0.01084
2025-07-24T15:35:51.633739,ETH-USDT,3730.75,3730.76,0.3988,1.4493
2025-07-24T15:35:51.634094,XRP-USDT,3.22808,3.22889,634.0,351.0
2025-07-24T15:35:51.641276,LTC-USDT,113.9,113.93,2.97,2.97
2025-07-24T15:35:51.732162,ETH-USDT,3730.75,3730.76,8.0,4.1297
2025-07-24T15:35:51.732369,XRP-USDT,3.22808,3.22878,634.0,154.0
2025-07-24T15:35:51.735093,SOL-USDT,188.681,188.6897,1.525,1.565
2025-07-24T15:35:51.832689,ETH-USDT,3730.62,3730.68,0.5,1.3853
2025-07-24T15:35:51.833004,XRP-USDT,3.22854,3.22878,643.76,154.0
2025-07-24T15:35:51.836919,SOL-USDT,188.6515,188.6897,45.676,1.565
2025-07-24T15:35:51.932330,BTC-USDT,118780.89,118780.9,0.219197,0.01084
2025-07-24T15:35:51.932744,ETH-USDT,3728.97,3730.63,0.0364,2.6807
2025-07-24T15:35:51.932972,XRP-USDT,3.22854,3.22878,292.76,505.0
2025-07-24T15:35:51.936373,SOL-USDT,188.6416,188.673,86.927,1.532
2025-07-24T15:35:52.032590,BTC-USDT,118780.89,118780.9,0.06129,0.01084
2025-07-24T15:35:52.033283,ETH-USDT,3729.68,3730.54,0.5,0.3853
2025-07-24T15:35:52.033424,XRP-USDT,3.22854,3.22878,292.76,154.0
2025-07-24T15:35:52.036757,SOL-USDT,188.6641,188.673,1.495,1.532
2025-07-24T15:35:52.037001,LTC-USDT,113.9,113.96,2.97,2.97
2025-07-24T15:35:52.131775,BTC-USDT,118780.89,118780.9,0.467027,0.01084
2025-07-24T15:35:52.132091,ETH-USDT,3730.49,3730.5,0.3988,2.7451
2025-07-24T15:35:52.132334,XRP-USDT,3.22854,3.22877,292.76,351.0
2025-07-24T15:35:52.231660,BTC-USDT,118780.89,118780.9,0.419197,0.01084
2025-07-24T15:35:52.232406,ETH-USDT,3729.08,3731.33,0.0091,0.0018
2025-07-24T15:35:52.232448,XRP-USDT,3.22854,3.22878,643.76,154.0
2025-07-24T15:35:52.332563,BTC-USDT,118780.89,118780.9,0.467027,0.01084
2025-07-24T15:35:52.333056,ETH-USDT,3730.32,3731.34,0.8058,0.0035
2025-07-24T15:35:52.336359,SOL-USDT,188.6714,188.7361,4.86,7.6
2025-07-24T15:35:52.336554,LTC-USDT,113.92,113.96,2.97,2.97
2025-07-24T15:35:52.433636,ETH-USDT,3731.34,3731.35,0.5,5.23
2025-07-24T15:35:52.433998,XRP-USDT,3.22863,3.22878,634.0,154.0
2025-07-24T15:35:52.439373,SOL-USDT,188.6837,188.7505,4.86,18.5
2025-07-24T15:35:52.535124,BTC-USDT,118780.99,118781.0,0.269406,0.0001
2025-07-24T15:35:52.535189,ETH-USDT,3731.54,3731.55,8.8988,5.23
2025-07-24T15:35:52.535448,XRP-USDT,3.22911,3.22966,621.45,351.0
2025-07-24T15:35:52.541523,SOL-USDT,188.7013,188.7506,1.474,7.6
2025-07-24T15:35:52.542195,LTC-USDT,113.92,113.98,2.97,4.018
2025-07-24T15:35:52.634499,ETH-USDT,3731.54,3731.55,8.8988,5.73
2025-07-24T15:35:52.634841,XRP-USDT,3.22919,3.22957,351.0,351.0
2025-07-24T15:35:52.638563,SOL-USDT,188.7307,188.8068,1.598,26.254
2025-07-24T15:35:52.638622,LTC-USDT,113.94,113.99,2.97,2.97
2025-07-24T15:35:52.732129,ETH-USDT,3731.33,3731.54,1.804,0.9029
2025-07-24T15:35:52.732384,XRP-USDT,3.22808,3.22993,351.0,100.0
2025-07-24T15:35:52.736054,SOL-USDT,188.7307,188.7931,1.598,7.6
2025-07-24T15:35:52.831995,ETH-USDT,3731.34,3731.54,8.0,1.4029
2025-07-24T15:35:52.832348,XRP-USDT,3.22847,3.22969,283.0,351.0
2025-07-24T15:35:52.835318,SOL-USDT,188.7389,188.7931,1.505,7.6
2025-07-24T15:35:52.835530,LTC-USDT,113.92,113.96,2.97,2.97
2025-07-24T15:35:52.933043,ETH-USDT,3731.34,3731.48,8.0,2.6799
2025-07-24T15:35:52.933279,XRP-USDT,3.22879,3.22954,634.0,299.51
2025-07-24T15:35:52.936751,SOL-USDT,188.7389,188.7502,1.505,1.54
2025-07-24T15:35:53.032776,ETH-USDT,3731.02,3731.4,0.5,0.0035
2025-07-24T15:35:53.033070,XRP-USDT,3.22926,3.22951,154.0,284.72
2025-07-24T15:35:53.132408,BTC-USDT,118780.99,118781.0,0.466805,0.0001
2025-07-24T15:35:53.132920,ETH-USDT,3730.46,3731.19,0.5,0.0035
2025-07-24T15:35:53.133291,XRP-USDT,3.22885,3.22939,351.0,351.0
2025-07-24T15:35:53.137349,SOL-USDT,188.6716,188.721,4.86,1.53
2025-07-24T15:35:53.137583,LTC-USDT,113.93,113.96,20.4,2.97
2025-07-24T15:35:53.232411,ETH-USDT,3730.1,3731.11,8.0,0.089
2025-07-24T15:35:53.232686,XRP-USDT,3.22886,3.22928,154.0,351.0
2025-07-24T15:35:53.238640,SOL-USDT,188.6665,188.721,4.86,1.53
2025-07-24T15:35:53.238683,LTC-USDT,113.91,113.95,2.97,2.97
2025-07-24T15:35:53.332835,ETH-USDT,3729.43,3731.02,0.0364,0.5
2025-07-24T15:35:53.335444,SOL-USDT,188.6921,188.7012,1.495,1.521
2025-07-24T15:35:53.432175,ETH-USDT,3730.12,3730.48,8.0,1.0
2025-07-24T15:35:53.432240,XRP-USDT,3.22892,3.22928,154.0,351.0
2025-07-24T15:35:53.531703,ETH-USDT,3729.29,3730.44,0.8058,2.6811
2025-07-24T15:35:53.532142,XRP-USDT,3.22892,3.22961,154.0,351.0
2025-07-24T15:35:53.632810,BTC-USDT,118780.99,118781.0,0.475223,0.0001
2025-07-24T15:35:53.633071,ETH-USDT,3729.9,3731.14,8.0183,0.0035
2025-07-24T15:35:53.633481,XRP-USDT,3.22929,3.22952,291.93,154.0
2025-07-24T15:35:53.637917,LTC-USDT,113.92,113.96,2.97,6.988
2025-07-24T15:35:53.732933,ETH-USDT,3730.46,3731.1,0.5,0.5035
2025-07-24T15:35:53.733135,XRP-USDT,3.2293,3.22952,154.0,154.0
2025-07-24T15:35:53.736335,LTC-USDT,113.92,113.95,2.97,2.97
2025-07-24T15:35:53.837462,ETH-USDT,3729.88,3730.82,0.221,2.6807
2025-07-24T15:35:53.837993,XRP-USDT,3.22937,3.22952,628.77,154.0
2025-07-24T15:35:53.842060,LTC-USDT,113.92,113.96,2.97,2.97
2025-07-24T15:35:53.935877,ETH-USDT,3730.37,3730.82,8.0,2.6807
2025-07-24T15:35:53.935944,XRP-USDT,3.22938,3.22993,505.0,100.0
2025-07-24T15:35:54.036075,ETH-USDT,3730.6,3730.81,0.5,2.6805
2025-07-24T15:35:54.132224,ETH-USDT,3729.91,3730.38,4.6581,0.4145
2025-07-24T15:35:54.132440,XRP-USDT,3.2294,3.23017,505.0,351.0
2025-07-24T15:35:54.231819,ETH-USDT,3730.28,3730.29,0.3988,3.1808
2025-07-24T15:35:54.232112,XRP-USDT,3.22945,3.23017,154.0,351.0
2025-07-24T15:35:54.234783,LTC-USDT,113.92,113.95,2.97,9.47
2025-07-24T15:35:54.331439,ETH-USDT,3730.1,3730.28,0.5,0.5
2025-07-24T15:35:54.332055,XRP-USDT,3.22964,3.22965,739.23,351.0
2025-07-24T15:35:54.335825,LTC-USDT,113.92,113.94,2.97,2.97
2025-07-24T15:35:54.435026,XRP-USDT,3.22897,3.22934,505.0,275.58
2025-07-24T15:35:54.435937,SOL-USDT,188.6043,188.6595,4.86,1.54
2025-07-24T15:35:54.436212,LTC-USDT,113.91,113.94,2.97,2.97
2025-07-24T15:35:54.532062,ETH-USDT,3730.2,3730.21,8.8988,3.1808
2025-07-24T15:35:54.535169,SOL-USDT,188.6165,188.6595,45.733,1.54
2025-07-24T15:35:54.632321,ETH-USDT,3730.06,3730.16,0.5,1.0
2025-07-24T15:35:54.632595,XRP-USDT,3.22897,3.22934,154.0,275.58
2025-07-24T15:35:54.635339,SOL-USDT,188.6444,188.6595,1.441,1.54
2025-07-24T15:35:54.635565,LTC-USDT,113.91,113.94,2.97,2.97
2025-07-24T15:35:54.731685,ETH-USDT,3730.15,3730.16,0.1328,4.0918
2025-07-24T15:35:54.731900,XRP-USDT,3.22896,3.22904,3734.55,282.62
2025-07-24T15:35:54.734790,SOL-USDT,188.6165,188.6755,45.733,4.86
2025-07-24T15:35:54.831776,BTC-USDT,118780.99,118781.0,0.427393,0.0001
2025-07-24T15:35:54.832124,ETH-USDT,3730.14,3730.15,0.1328,3.5796
2025-07-24T15:35:54.832500,XRP-USDT,3.22896,3.22897,3734.55,279.75
2025-07-24T15:35:54.835812,SOL-USDT,188.5998,188.6144,0.159,1.548
2025-07-24T15:35:54.935073,BTC-USDT,118780.99,118781.0,0.269486,0.352847
2025-07-24T15:35:54.935147,ETH-USDT,3729.91,3730.08,4.6581,0.5
2025-07-24T15:35:54.935181,XRP-USDT,3.22896,3.22897,3734.55,784.75
2025-07-24T15:35:54.937783,SOL-USDT,188.6048,188.6144,1.552,1.548
2025-07-24T15:35:55.032174,ETH-USDT,3730.03,3730.04,0.1328,4.0919
2025-07-24T15:35:55.132849,BTC-USDT,118780.99,118781.0,0.219486,0.352847
2025-07-24T15:35:55.134007,ETH-USDT,3730.02,3730.03,0.1328,0.8988
2025-07-24T15:35:55.134429,XRP-USDT,3.22896,3.22897,4493.58,784.75
2025-07-24T15:35:55.139155,SOL-USDT,188.5998,188.5999,0.159,1.495
2025-07-24T15:35:55.139414,LTC-USDT,113.89,113.94,3.095,2.97
2025-07-24T15:35:55.240492,BTC-USDT,118780.99,118781.0,0.018832,0.400677
2025-07-24T15:35:55.241212,ETH-USDT,3729.91,3729.92,0.1214,3.7075
2025-07-24T15:35:55.246273,SOL-USDT,188.5205,188.5642,5.251,1.476
2025-07-24T15:35:55.246320,LTC-USDT,113.89,113.92,0.125,2.97
2025-07-24T15:35:55.335563,BTC-USDT,118780.99,118781.0,0.010414,0.400677
2025-07-24T15:35:55.336157,ETH-USDT,3728.21,3729.88,0.8058,0.4145
2025-07-24T15:35:55.336626,XRP-USDT,3.2277,3.22818,154.0,351.0
2025-07-24T15:35:55.341577,SOL-USDT,188.5516,188.5642,1.587,1.476
2025-07-24T15:35:55.433236,ETH-USDT,3727.62,3729.8,0.0182,0.411
2025-07-24T15:35:55.433546,XRP-USDT,3.2277,3.22798,154.0,351.0
2025-07-24T15:35:55.438039,LTC-USDT,113.89,113.91,0.125,6.5
2025-07-24T15:35:55.534439,ETH-USDT,3727.75,3728.48,0.8058,0.0035
2025-07-24T15:35:55.534785,XRP-USDT,3.22763,3.22778,289.73,351.0
2025-07-24T15:35:55.538358,SOL-USDT,188.5516,188.5582,1.587,1.584
2025-07-24T15:35:55.538406,LTC-USDT,113.89,113.9,0.125,2.97
2025-07-24T15:35:55.632807,BTC-USDT,118780.99,118781.0,0.010414,0.545956
2025-07-24T15:35:55.634318,ETH-USDT,3728.12,3728.45,0.5,2.6823
2025-07-24T15:35:55.634763,XRP-USDT,3.22776,3.22793,1575.48,660.78
2025-07-24T15:35:55.638174,SOL-USDT,188.5341,188.5582,45.699,1.584
2025-07-24T15:35:55.732370,ETH-USDT,3728.44,3728.45,0.1328,2.6823
2025-07-24T15:35:55.732857,XRP-USDT,3.22776,3.22808,1575.48,351.0
2025-07-24T15:35:55.737508,SOL-USDT,188.4998,188.5582,4.86,1.584
2025-07-24T15:35:55.737946,LTC-USDT,113.87,113.9,2.97,2.97
2025-07-24T15:35:55.832881,ETH-USDT,3728.44,3728.45,0.6328,2.6823
2025-07-24T15:35:55.833396,XRP-USDT,3.22804,3.22812,285.2,154.0
2025-07-24T15:35:55.836724,SOL-USDT,188.5147,188.5582,18.892,1.584
2025-07-24T15:35:55.932791,ETH-USDT,3728.44,3728.45,0.5,3.1823
2025-07-24T15:35:55.933080,XRP-USDT,3.22804,3.22812,636.2,154.0
2025-07-24T15:35:55.938970,SOL-USDT,188.5516,188.5582,1.53,1.584
2025-07-24T15:35:56.081050,ETH-USDT,3728.44,3728.45,0.7011,3.1823
2025-07-24T15:35:56.081410,XRP-USDT,3.22811,3.22835,633.4,281.87
2025-07-24T15:35:56.135891,ETH-USDT,3728.44,3728.45,0.2011,3.1823
2025-07-24T15:35:56.136083,XRP-USDT,3.22819,3.22834,277.15,351.0
2025-07-24T15:35:56.232181,XRP-USDT,3.22848,3.22864,758.07,154.0
2025-07-24T15:35:56.235901,LTC-USDT,113.87,113.9,2.97,2.97
2025-07-24T15:35:56.331830,XRP-USDT,3.22783,3.22842,634.0,351.0
2025-07-24T15:35:56.432025,ETH-USDT,3728.44,3728.45,0.2011,3.2219
2025-07-24T15:35:56.432307,XRP-USDT,3.22791,3.22864,283.0,154.0
2025-07-24T15:35:56.532286,XRP-USDT,3.22791,3.22847,634.0,351.0
2025-07-24T15:35:56.632441,ETH-USDT,3728.44,3728.45,0.2011,7.2809
2025-07-24T15:35:56.632767,XRP-USDT,3.22821,3.2285,626.0,280.99
2025-07-24T15:35:56.637653,SOL-USDT,188.5581,188.5868,1.568,7.6
2025-07-24T15:35:56.638244,LTC-USDT,113.87,113.9,2.97,2.97
2025-07-24T15:35:56.731521,XRP-USDT,3.22836,3.2285,351.0,696.54
2025-07-24T15:35:56.733671,SOL-USDT,188.5581,188.5866,1.568,6.208
2025-07-24T15:35:56.831736,XRP-USDT,3.22845,3.22893,630.92,351.0
2025-07-24T15:35:56.833806,SOL-USDT,188.5171,188.5707,0.159,1.47
2025-07-24T15:35:56.931776,ETH-USDT,3728.44,3728.45,0.2011,0.5396
2025-07-24T15:35:57.031312,ETH-USDT,3728.44,3728.45,0.2011,7.2795
2025-07-24T15:35:57.031632,XRP-USDT,3.22846,3.22887,505.0,299.31
2025-07-24T15:35:57.132880,ETH-USDT,3727.78,3728.38,8.0,0.5
2025-07-24T15:35:57.132952,XRP-USDT,3.22846,3.22886,505.0,351.0
2025-07-24T15:35:57.135085,SOL-USDT,188.5171,188.5598,0.159,1.46
2025-07-24T15:35:57.233536,BTC-USDT,118780.99,118781.0,0.010414,0.818887
2025-07-24T15:35:57.236095,ETH-USDT,3727.78,3728.28,8.0,0.0035
2025-07-24T15:35:57.236143,XRP-USDT,3.22848,3.22886,625.98,351.0
2025-07-24T15:35:57.331348,ETH-USDT,3728.02,3728.03,8.5,3.4029
2025-07-24T15:35:57.331726,XRP-USDT,3.22848,3.2292,625.98,351.0
2025-07-24T15:35:57.432914,ETH-USDT,3728.02,3728.03,8.5,3.0041
2025-07-24T15:35:57.432985,XRP-USDT,3.22897,3.22925,274.49,351.0
2025-07-24T15:35:57.435618,SOL-USDT,188.5516,188.5598,1.6,1.46
2025-07-24T15:35:57.435664,LTC-USDT,113.85,113.9,2.97,2.97
2025-07-24T15:35:57.567645,XRP-USDT,3.22897,3.2291,274.49,351.0
2025-07-24T15:35:57.570752,LTC-USDT,113.87,113.9,2.97,2.97
2025-07-24T15:35:57.630667,BTC-USDT,118780.99,118781.0,0.010414,1.021014
2025-07-24T15:35:57.630943,XRP-USDT,3.22897,3.22921,274.49,351.0
2025-07-24T15:35:57.833976,SOL-USDT,188.5171,188.5598,0.159,1.46
2025-07-24T15:35:57.932675,XRP-USDT,3.22897,3.22916,274.49,298.51
2025-07-24T15:35:57.936771,LTC-USDT,113.87,113.9,2.97,2.97
2025-07-24T15:35:58.031655,ETH-USDT,3727.79,3727.8,0.04,3.5813
2025-07-24T15:35:58.031899,XRP-USDT,3.22897,3.22912,274.49,351.0
2025-07-24T15:35:58.034694,SOL-USDT,188.5171,188.5549,0.159,1.581
2025-07-24T15:35:58.034931,LTC-USDT,113.86,113.9,3.095,2.97
2025-07-24T15:35:58.131570,ETH-USDT,3727.79,3727.8,0.0879,3.1825
2025-07-24T15:35:58.132628,XRP-USDT,3.22897,3.22906,274.49,351.0
2025-07-24T15:35:58.134461,SOL-USDT,188.5483,188.5549,1.466,1.581
2025-07-24T15:35:58.134956,LTC-USDT,113.87,113.9,2.97,2.97
2025-07-24T15:35:58.232207,ETH-USDT,3727.97,3727.98,8.1328,0.2011
2025-07-24T15:35:58.232545,XRP-USDT,3.22897,3.22935,274.49,351.0
2025-07-24T15:35:58.332389,BTC-USDT,118780.99,118781.0,0.010414,0.818887
2025-07-24T15:35:58.332717,ETH-USDT,3727.97,3727.98,0.6328,2.9475
2025-07-24T15:35:58.332978,XRP-USDT,3.22864,3.22935,351.0,351.0
2025-07-24T15:35:58.431176,ETH-USDT,3727.97,3727.98,0.5,2.9475
2025-07-24T15:35:58.431454,XRP-USDT,3.22866,3.22935,283.0,351.0
2025-07-24T15:35:58.531988,XRP-USDT,3.22866,3.22917,634.0,351.0
2025-07-24T15:35:58.631333,XRP-USDT,3.22925,3.22953,271.67,351.0
2025-07-24T15:35:58.751017,XRP-USDT,3.22866,3.22953,634.0,351.0
2025-07-24T15:35:58.831196,XRP-USDT,3.22873,3.22926,634.0,281.53
2025-07-24T15:35:58.933435,ETH-USDT,3728.16,3728.54,0.5,0.0035
2025-07-24T15:35:58.933971,XRP-USDT,3.2292,3.22947,283.58,351.0
2025-07-24T15:35:58.940151,SOL-USDT,188.5529,188.5927,1.595,0.159
2025-07-24T15:35:59.032754,ETH-USDT,3728.54,3728.55,0.5,1.411
2025-07-24T15:35:59.032930,XRP-USDT,3.2292,3.22957,283.58,154.0
2025-07-24T15:35:59.036031,SOL-USDT,188.5581,188.5927,1.581,0.159
2025-07-24T15:35:59.132413,ETH-USDT,3727.9,3727.91,8.6328,6.7334
2025-07-24T15:35:59.132624,XRP-USDT,3.22877,3.22969,505.0,283.0
2025-07-24T15:35:59.135749,SOL-USDT,188.4971,188.5893,3.0,4.86
2025-07-24T15:35:59.234171,BTC-USDT,118780.99,118781.0,0.010414,0.771057
2025-07-24T15:35:59.234775,ETH-USDT,3728.22,3729.63,0.5,0.3147
2025-07-24T15:35:59.235452,XRP-USDT,3.22894,3.2297,283.0,154.0
2025-07-24T15:35:59.240130,SOL-USDT,188.4971,188.5416,3.0,1.537
2025-07-24T15:35:59.240362,LTC-USDT,113.87,113.89,2.97,6.5
2025-07-24T15:35:59.331691,BTC-USDT,118780.99,118781.0,0.182748,0.0001
2025-07-24T15:35:59.332035,ETH-USDT,3728.86,3729.67,0.0182,0.089
2025-07-24T15:35:59.332517,XRP-USDT,3.22917,3.23005,283.0,351.0
2025-07-24T15:35:59.335879,SOL-USDT,188.5469,188.6171,1.493,11.479
2025-07-24T15:35:59.336109,LTC-USDT,113.87,113.9,2.97,2.97
2025-07-24T15:35:59.431217,BTC-USDT,118780.99,118781.0,0.181931,0.525121
2025-07-24T15:35:59.431514,ETH-USDT,3728.72,3728.92,0.5,0.3988
2025-07-24T15:35:59.431835,XRP-USDT,3.22986,3.23012,289.3,351.0
2025-07-24T15:35:59.435086,SOL-USDT,188.5571,188.6056,1.548,7.6
2025-07-24T15:35:59.531628,BTC-USDT,118780.99,118781.0,0.010414,0.672951
2025-07-24T15:35:59.531945,ETH-USDT,3728.91,3728.92,8.0,0.5395
2025-07-24T15:35:59.532180,XRP-USDT,3.22931,3.22987,362.19,351.0
2025-07-24T15:35:59.535257,SOL-USDT,188.5571,188.5997,1.548,7.6
2025-07-24T15:35:59.535403,LTC-USDT,113.87,113.9,2.97,2.97
2025-07-24T15:35:59.631834,BTC-USDT,118780.99,118781.0,0.010414,0.602804
2025-07-24T15:35:59.632047,ETH-USDT,3728.91,3728.92,8.0,3.2212
2025-07-24T15:35:59.632321,XRP-USDT,3.22895,3.22952,505.0,351.0
2025-07-24T15:35:59.635203,SOL-USDT,188.5571,188.5626,1.548,1.463
2025-07-24T15:35:59.733598,BTC-USDT,118780.99,118781.0,0.010414,0.875001
2025-07-24T15:35:59.734654,ETH-USDT,3728.22,3728.89,8.0,0.5
2025-07-24T15:35:59.735983,XRP-USDT,3.22897,3.22987,154.0,351.0
2025-07-24T15:35:59.831809,ETH-USDT,3728.1,3728.81,0.8058,0.5541
2025-07-24T15:35:59.832042,XRP-USDT,3.2293,3.22948,632.89,270.85
2025-07-24T15:35:59.930492,BTC-USDT,118780.99,118781.0,0.010414,0.400677
2025-07-24T15:35:59.930796,ETH-USDT,3728.79,3728.8,10.306,2.6821
2025-07-24T15:35:59.931027,XRP-USDT,3.22957,3.22986,645.04,154.0
2025-07-24T15:36:00.040701,BTC-USDT,118780.99,118781.0,0.010414,0.545956
2025-07-24T15:36:00.041219,ETH-USDT,3728.79,3728.87,9.806,4.054
2025-07-24T15:36:00.041943,XRP-USDT,3.22957,3.22986,645.04,154.0
2025-07-24T15:36:00.048890,LTC-USDT,113.87,113.9,2.97,2.97
2025-07-24T15:36:00.132561,BTC-USDT,118780.99,118781.0,0.010414,0.549004
2025-07-24T15:36:00.132828,ETH-USDT,3729.05,3729.06,0.0097,2.6816
2025-07-24T15:36:00.133105,XRP-USDT,3.22924,3.22981,351.0,351.0
2025-07-24T15:36:00.137160,SOL-USDT,188.5571,188.5626,1.548,1.463
2025-07-24T15:36:00.232448,ETH-USDT,3729.05,3729.06,0.0097,2.7195
2025-07-24T15:36:00.232506,XRP-USDT,3.22924,3.22972,351.0,351.0
2025-07-24T15:36:00.234371,LTC-USDT,113.85,113.9,4.018,2.97
2025-07-24T15:36:00.332799,ETH-USDT,3729.05,3729.06,0.0097,3.2195
2025-07-24T15:36:00.333428,XRP-USDT,3.22868,3.22922,154.0,351.0
2025-07-24T15:36:00.337636,SOL-USDT,188.4971,188.5489,3.0,1.456
2025-07-24T15:36:00.337875,LTC-USDT,113.86,113.9,2.97,2.97
2025-07-24T15:36:00.434087,BTC-USDT,118780.99,118781.0,0.010414,0.799639
2025-07-24T15:36:00.434728,ETH-USDT,3727.42,3728.79,0.8058,7.2396
2025-07-24T15:36:00.435023,XRP-USDT,3.22828,3.22858,291.92,351.0
2025-07-24T15:36:00.439000,SOL-USDT,188.4971,188.5314,3.0,1.56
2025-07-24T15:36:00.439340,LTC-USDT,113.82,113.87,2.97,20.8
2025-07-24T15:36:00.538100,ETH-USDT,3727.9,3728.71,0.04,1.5
2025-07-24T15:36:00.538362,XRP-USDT,3.22784,3.22848,154.0,351.0
2025-07-24T15:36:00.544667,SOL-USDT,188.4668,188.4925,0.159,1.56
2025-07-24T15:36:00.544980,LTC-USDT,113.8,113.86,2.97,4.018
2025-07-24T15:36:00.633452,BTC-USDT,118780.99,118781.0,0.008417,0.799639
2025-07-24T15:36:00.634020,ETH-USDT,3727.9,3728.17,0.04,0.0383
2025-07-24T15:36:00.634403,XRP-USDT,3.227,3.22794,283.0,283.0
2025-07-24T15:36:00.638627,SOL-USDT,188.4668,188.4724,0.159,1.487
2025-07-24T15:36:00.639502,LTC-USDT,113.76,113.86,3.095,4.018
2025-07-24T15:36:00.734259,BTC-USDT,118774.0,118774.01,0.0002,0.3592
2025-07-24T15:36:00.734287,ETH-USDT,3727.9,3727.91,0.04,3.622
2025-07-24T15:36:00.737243,XRP-USDT,3.22725,3.22783,274.87,283.0
2025-07-24T15:36:00.740959,SOL-USDT,188.4652,188.4669,1.5,1.538
2025-07-24T15:36:00.741006,LTC-USDT,113.78,113.83,2.97,2.97
2025-07-24T15:36:00.836588,BTC-USDT,118774.0,118774.01,0.0002,0.906606
2025-07-24T15:36:00.837025,ETH-USDT,3726.39,3727.5,0.0364,0.0382
2025-07-24T15:36:00.837324,XRP-USDT,3.22663,3.22712,154.0,351.0
2025-07-24T15:36:00.840397,SOL-USDT,188.3581,188.4287,7.6,1.527
2025-07-24T15:36:00.933274,BTC-USDT,118769.0,118769.01,0.0001,0.108418
2025-07-24T15:36:00.933976,XRP-USDT,3.22629,3.22666,154.0,351.0
2025-07-24T15:36:00.938730,SOL-USDT,188.3581,188.4103,7.6,1.563
2025-07-24T15:36:01.034100,BTC-USDT,118765.0,118765.01,0.00021,0.259198
2025-07-24T15:36:01.034646,ETH-USDT,3725.87,3726.4,0.4,0.5035
2025-07-24T15:36:01.035462,XRP-USDT,3.22628,3.22629,90.49,505.0
2025-07-24T15:36:01.040938,SOL-USDT,188.3581,188.3932,7.6,1.545
2025-07-24T15:36:01.040997,LTC-USDT,113.76,113.81,3.095,2.97
2025-07-24T15:36:01.137720,BTC-USDT,118765.0,118765.01,0.00021,0.407028
2025-07-24T15:36:01.141132,ETH-USDT,3725.87,3726.33,0.4,2.6837
2025-07-24T15:36:01.142882,XRP-USDT,3.22628,3.22629,90.49,154.0
2025-07-24T15:36:01.151976,SOL-USDT,188.3538,188.3932,45.919,1.545
2025-07-24T15:36:01.152323,LTC-USDT,113.77,113.81,2.97,2.97
2025-07-24T15:36:01.243514,ETH-USDT,3725.88,3726.33,0.9962,2.6837
2025-07-24T15:36:01.248364,SOL-USDT,188.3539,188.3932,0.068,1.545
2025-07-24T15:36:01.248691,LTC-USDT,113.76,113.79,0.125,2.97
2025-07-24T15:36:01.332850,BTC-USDT,118757.0,118757.01,0.0001,0.156394
2025-07-24T15:36:01.333177,ETH-USDT,3725.87,3726.29,0.4,1.2056
2025-07-24T15:36:01.333867,XRP-USDT,3.22628,3.22629,829.08,437.0
2025-07-24T15:36:01.339391,SOL-USDT,188.3855,188.3932,1.574,1.545
2025-07-24T15:36:01.339598,LTC-USDT,113.76,113.79,3.095,2.97
2025-07-24T15:36:01.432004,BTC-USDT,118756.01,118756.02,0.00062,0.108564
2025-07-24T15:36:01.432367,ETH-USDT,3726.26,3726.27,0.1328,2.6836
2025-07-24T15:36:01.432669,XRP-USDT,3.22628,3.22629,829.08,1087.24
2025-07-24T15:36:01.436208,SOL-USDT,188.3539,188.3932,0.068,1.545
2025-07-24T15:36:01.532397,BTC-USDT,118756.01,118756.02,0.00062,0.45597
2025-07-24T15:36:01.532735,ETH-USDT,3726.23,3726.24,0.1328,3.1837
2025-07-24T15:36:01.532990,XRP-USDT,3.22514,3.2258,505.0,351.0
2025-07-24T15:36:01.633887,ETH-USDT,3726.21,3726.22,0.1328,3.1837
2025-07-24T15:36:01.634175,XRP-USDT,3.22514,3.22587,505.0,273.17
2025-07-24T15:36:01.636588,LTC-USDT,113.76,113.79,0.125,2.97
2025-07-24T15:36:01.733303,BTC-USDT,118756.01,118756.02,0.00062,0.4578809468040441
2025-07-24T15:36:01.733585,ETH-USDT,3726.19,3726.2,0.1328,3.1836
2025-07-24T15:36:01.736353,SOL-USDT,188.3835,188.3932,1.532,1.545
2025-07-24T15:36:01.736406,LTC-USDT,113.76,113.79,3.095,2.97
2025-07-24T15:36:01.832940,ETH-USDT,3725.76,3726.16,0.5,2.6838
2025-07-24T15:36:01.833207,XRP-USDT,3.2255,3.22586,351.0,155.0
2025-07-24T15:36:01.932097,BTC-USDT,118756.01,118756.02,0.00062,0.4578285748010922
2025-07-24T15:36:01.932469,ETH-USDT,3726.13,3726.14,0.1328,3.0707
2025-07-24T15:36:01.932802,XRP-USDT,3.22569,3.22586,351.0,155.0
2025-07-24T15:36:02.032951,ETH-USDT,3726.13,3726.14,0.6328,3.0707
2025-07-24T15:36:02.037249,SOL-USDT,188.3835,188.4271,1.532,0.159
2025-07-24T15:36:02.037520,LTC-USDT,113.76,113.79,3.0951,2.97
2025-07-24T15:36:02.132467,BTC-USDT,118756.01,118756.02,0.00062,0.4854625748010922
2025-07-24T15:36:02.132546,ETH-USDT,3726.13,3726.14,0.5,3.1837
2025-07-24T15:36:02.132856,XRP-USDT,3.22549,3.22581,716.55,283.0
2025-07-24T15:36:02.232946,BTC-USDT,118756.01,118756.02,0.00062,0.4903915748010922
2025-07-24T15:36:02.233585,ETH-USDT,3726.13,3726.14,1.355,3.1837
2025-07-24T15:36:02.233818,XRP-USDT,3.22549,3.22579,716.55,283.0
2025-07-24T15:36:02.237887,SOL-USDT,188.3811,188.3812,3.0,1.571
2025-07-24T15:36:02.238162,LTC-USDT,113.76,113.79,0.1251,2.97
2025-07-24T15:36:02.335164,BTC-USDT,118756.01,118756.02,0.00062,0.5027615748010922
2025-07-24T15:36:02.335997,ETH-USDT,3725.64,3726.1,0.5,2.6857
2025-07-24T15:36:02.336038,XRP-USDT,3.22549,3.2255,716.55,351.0
2025-07-24T15:36:02.339691,SOL-USDT,188.3358,188.3812,0.159,1.571
2025-07-24T15:36:02.340059,LTC-USDT,113.76,113.78,0.1251,2.97
2025-07-24T15:36:02.434826,BTC-USDT,118756.01,118756.02,0.00062,1.553185574801092
2025-07-24T15:36:02.435163,ETH-USDT,3725.17,3726.04,0.9962,2.6839
2025-07-24T15:36:02.435412,XRP-USDT,3.22367,3.2249,351.0,351.0
2025-07-24T15:36:02.439919,SOL-USDT,188.3358,188.3429,0.159,1.496
2025-07-24T15:36:02.440374,LTC-USDT,113.77,113.78,5.5217,2.97
2025-07-24T15:36:02.533654,ETH-USDT,3725.6,3725.99,0.5,2.6839
2025-07-24T15:36:02.533860,XRP-USDT,3.22383,3.22462,155.0,283.0
2025-07-24T15:36:02.537561,SOL-USDT,188.2908,188.3359,45.94,1.497
2025-07-24T15:36:02.537825,LTC-USDT,113.76,113.77,0.1251,4.018
2025-07-24T15:36:02.633006,ETH-USDT,3725.97,3725.98,0.1328,4.0948
2025-07-24T15:36:02.638318,SOL-USDT,188.2909,188.3359,5.519,1.497
2025-07-24T15:36:02.638543,LTC-USDT,113.72,113.76,2.97,2.97
2025-07-24T15:36:02.732654,ETH-USDT,3725.64,3725.98,0.5,4.0948
2025-07-24T15:36:02.732941,XRP-USDT,3.22443,3.22487,278.48,351.0
2025-07-24T15:36:02.736421,SOL-USDT,188.2909,188.3761,5.519,4.86
2025-07-24T15:36:02.736699,LTC-USDT,113.73,113.76,2.97,2.97
2025-07-24T15:36:02.833041,ETH-USDT,3725.97,3725.98,0.1328,0.5
2025-07-24T15:36:02.833256,XRP-USDT,3.22335,3.22487,506.0,351.0
2025-07-24T15:36:02.836572,SOL-USDT,188.3304,188.3725,1.541,7.6
2025-07-24T15:36:02.836866,LTC-USDT,113.73,113.76,2.97,2.97
2025-07-24T15:36:02.932137,ETH-USDT,3726.23,3726.24,0.1328,0.2012
2025-07-24T15:36:02.932484,XRP-USDT,3.22335,3.22441,506.0,295.91
2025-07-24T15:36:02.935689,LTC-USDT,113.74,113.76,2.97,2.97
2025-07-24T15:36:03.032898,ETH-USDT,3725.83,3726.09,0.5,2.6875
2025-07-24T15:36:03.032977,XRP-USDT,3.22404,3.22487,506.0,351.0
2025-07-24T15:36:03.035195,SOL-USDT,188.3304,188.3397,1.541,1.556
2025-07-24T15:36:03.035398,LTC-USDT,113.73,113.76,3.0952,2.97
2025-07-24T15:36:03.131652,ETH-USDT,3726.04,3726.05,0.1328,3.1839
2025-07-24T15:36:03.131972,XRP-USDT,3.22404,3.22449,351.0,351.0
2025-07-24T15:36:03.232134,BTC-USDT,118754.0,118754.01,0.0001,0.212381
2025-07-24T15:36:03.232826,XRP-USDT,3.22336,3.22407,155.0,277.88
2025-07-24T15:36:03.331948,BTC-USDT,118754.0,118754.01,0.0001,0.470096
2025-07-24T15:36:03.332520,ETH-USDT,3726.02,3726.03,0.1328,3.1838
2025-07-24T15:36:03.333657,XRP-USDT,3.22431,3.22549,451.0,155.0
2025-07-24T15:36:03.339510,LTC-USDT,113.73,113.76,3.0952,2.97
2025-07-24T15:36:03.432503,ETH-USDT,3725.75,3726.0,8.5,0.5
2025-07-24T15:36:03.432969,XRP-USDT,3.22431,3.22455,100.0,351.0
2025-07-24T15:36:03.532853,ETH-USDT,3725.98,3725.99,8.0,3.1839
2025-07-24T15:36:03.533671,XRP-USDT,3.22431,3.22453,451.0,283.0
2025-07-24T15:36:03.683031,ETH-USDT,3725.98,3725.99,0.5,2.6838
2025-07-24T15:36:03.683335,XRP-USDT,3.22431,3.22443,100.0,351.0
2025-07-24T15:36:03.690087,SOL-USDT,188.2992,188.387,7.6,7.6
2025-07-24T15:36:03.690381,LTC-USDT,113.74,113.78,2.97,2.97
2025-07-24T15:36:03.731366,BTC-USDT,118754.0,118754.01,0.0001,0.475025
2025-07-24T15:36:03.731698,ETH-USDT,3725.97,3725.98,1.4878,1.411
2025-07-24T15:36:03.732191,XRP-USDT,3.22431,3.22432,100.0,351.0
2025-07-24T15:36:03.735106,SOL-USDT,188.2992,188.3796,7.6,5.303
2025-07-24T15:36:03.836038,ETH-USDT,3725.97,3725.98,1.355,4.0948
2025-07-24T15:36:03.836098,XRP-USDT,3.22431,3.22441,100.0,351.0
2025-07-24T15:36:03.839854,SOL-USDT,188.289,188.3397,5.251,1.57
2025-07-24T15:36:03.840226,LTC-USDT,113.74,113.78,2.97,2.97
2025-07-24T15:36:03.932275,ETH-USDT,3725.14,3725.95,22.2516,0.0018
2025-07-24T15:36:03.932561,XRP-USDT,3.22431,3.22432,100.0,635.63
2025-07-24T15:36:03.935953,SOL-USDT,188.3259,188.3344,1.514,1.549
2025-07-24T15:36:03.936197,LTC-USDT,113.73,113.78,3.0952,2.97
2025-07-24T15:36:04.034304,ETH-USDT,3725.17,3725.89,0.8891,0.411
2025-07-24T15:36:04.038392,SOL-USDT,188.2761,188.3344,0.068,1.549
2025-07-24T15:36:04.132546,ETH-USDT,3725.53,3725.84,0.5,2.684
2025-07-24T15:36:04.132630,XRP-USDT,3.22431,3.22432,738.91,351.0
2025-07-24T15:36:04.135382,SOL-USDT,188.2989,188.3344,45.891,1.549
2025-07-24T15:36:04.232053,ETH-USDT,3725.15,3725.83,0.9962,4.0949
2025-07-24T15:36:04.232344,XRP-USDT,3.22282,3.22393,634.0,351.0
2025-07-24T15:36:04.236885,SOL-USDT,188.3205,188.3344,1.459,1.549
2025-07-24T15:36:04.237288,LTC-USDT,113.74,113.78,2.97,2.97
2025-07-24T15:36:04.332654,ETH-USDT,3725.51,3725.81,0.5,0.5
2025-07-24T15:36:04.332924,XRP-USDT,3.22293,3.22364,506.0,351.0
2025-07-24T15:36:04.336091,SOL-USDT,188.287,188.3256,0.159,1.482
2025-07-24T15:36:04.433047,BTC-USDT,118754.0,118754.01,0.0001,0.748241
2025-07-24T15:36:04.434640,ETH-USDT,3725.5,3725.8,0.5,1.411
2025-07-24T15:36:04.435096,XRP-USDT,3.22293,3.22353,506.0,292.42
2025-07-24T15:36:04.440458,SOL-USDT,188.287,188.3127,0.159,1.523
2025-07-24T15:36:04.441301,LTC-USDT,113.73,113.78,3.0952,2.97
2025-07-24T15:36:04.532507,ETH-USDT,3725.75,3725.76,0.1328,4.095
2025-07-24T15:36:04.532817,XRP-USDT,3.22294,3.22342,155.0,296.31
2025-07-24T15:36:04.536884,SOL-USDT,188.287,188.3027,0.159,1.448
2025-07-24T15:36:04.633192,ETH-USDT,3725.72,3725.73,0.1328,2.684
2025-07-24T15:36:04.634314,XRP-USDT,3.22296,3.2236,155.0,351.0
2025-07-24T15:36:04.636985,SOL-USDT,188.2885,188.3027,1.581,1.448
2025-07-24T15:36:04.637225,LTC-USDT,113.73,113.76,3.0952,2.97
2025-07-24T15:36:04.736407,BTC-USDT,118753.0,118753.01,0.0001,0.075949
2025-07-24T15:36:04.736578,ETH-USDT,3725.14,3725.7,22.2516,0.5
2025-07-24T15:36:04.736828,XRP-USDT,3.22297,3.22333,506.0,351.0
2025-07-24T15:36:04.741737,SOL-USDT,188.222,188.29,7.6,1.591
2025-07-24T15:36:04.741777,LTC-USDT,113.73,113.76,0.1252,2.97
2025-07-24T15:36:04.832526,BTC-USDT,118753.0,118753.01,0.0001,0.590394
2025-07-24T15:36:04.832793,ETH-USDT,3725.35,3725.71,0.1328,1.2284
2025-07-24T15:36:04.833214,XRP-USDT,3.2225,3.22372,155.0,351.0
2025-07-24T15:36:04.837566,SOL-USDT,188.2105,188.2675,0.068,1.552
2025-07-24T15:36:04.951450,ETH-USDT,3726.47,3726.54,0.1328,0.5
2025-07-24T15:36:04.952073,XRP-USDT,3.22267,3.22346,506.0,278.31
2025-07-24T15:36:04.964958,SOL-USDT,188.2263,188.3216,7.6,4.86
2025-07-24T15:36:05.034241,BTC-USDT,118753.0,118753.01,0.0001,0.735673
2025-07-24T15:36:05.034311,ETH-USDT,3726.54,3726.55,0.6328,3.4815
2025-07-24T15:36:05.034339,XRP-USDT,3.2233,3.22367,280.46,155.0
2025-07-24T15:36:05.038587,SOL-USDT,188.2692,188.3403,1.588,4.86
2025-07-24T15:36:05.038964,LTC-USDT,113.73,113.76,3.0952,2.97
2025-07-24T15:36:05.133271,ETH-USDT,3725.25,3725.98,0.8058,0.3988
2025-07-24T15:36:05.133735,XRP-USDT,3.22282,3.22337,634.0,351.0
2025-07-24T15:36:05.138851,SOL-USDT,188.2692,188.2762,1.588,1.595
2025-07-24T15:36:05.139238,LTC-USDT,113.73,113.76,0.1252,2.97
2025-07-24T15:36:05.232538,BTC-USDT,118753.0,118753.01,0.0001,0.740602
2025-07-24T15:36:05.232878,ETH-USDT,3725.3,3725.97,8.0,2.684
2025-07-24T15:36:05.233313,XRP-USDT,3.22284,3.22357,506.0,351.0
2025-07-24T15:36:05.238063,SOL-USDT,188.2353,188.2762,0.068,1.595
2025-07-24T15:36:05.335025,ETH-USDT,3725.94,3726.24,8.5,0.0379
2025-07-24T15:36:05.335282,XRP-USDT,3.22322,3.22357,278.99,351.0
2025-07-24T15:36:05.338739,SOL-USDT,188.2355,188.2762,4.86,1.595
2025-07-24T15:36:05.339071,LTC-USDT,113.73,113.76,3.0952,2.97
2025-07-24T15:36:05.432170,ETH-USDT,3726.2,3726.21,8.5,3.0946
2025-07-24T15:36:05.432439,XRP-USDT,3.22322,3.22355,278.99,351.0
2025-07-24T15:36:05.435697,SOL-USDT,188.2373,188.2935,4.86,0.159
2025-07-24T15:36:05.534019,XRP-USDT,3.22257,3.22336,634.0,351.0
2025-07-24T15:36:05.538185,SOL-USDT,188.2694,188.3266,1.46,7.6
2025-07-24T15:36:05.633352,BTC-USDT,118750.0,118750.01,0.00051,0.981851
2025-07-24T15:36:05.634739,ETH-USDT,3725.95,3725.96,9.016,3.1838
2025-07-24T15:36:05.635637,XRP-USDT,3.22257,3.2232,351.0,351.0
2025-07-24T15:36:05.639760,SOL-USDT,188.2694,188.319,1.46,4.86
2025-07-24T15:36:05.639919,LTC-USDT,113.73,113.76,3.0952,2.97
2025-07-24T15:36:05.735303,ETH-USDT,3725.95,3725.96,9.516,3.1838
2025-07-24T15:36:05.735596,XRP-USDT,3.2231,3.22356,275.7,155.0
2025-07-24T15:36:05.742200,SOL-USDT,188.2694,188.3179,1.46,8.5
2025-07-24T15:36:05.832267,XRP-USDT,3.2231,3.22348,275.7,351.0
2025-07-24T15:36:05.834838,LTC-USDT,113.71,113.76,2.97,2.97
2025-07-24T15:36:05.985830,ETH-USDT,3725.14,3725.96,22.2516,2.6838
2025-07-24T15:36:05.986116,XRP-USDT,3.22258,3.22326,506.0,351.0
2025-07-24T15:36:05.990717,SOL-USDT,188.2694,188.3171,1.46,7.6
2025-07-24T15:36:05.990999,LTC-USDT,113.72,113.76,2.97,2.97
2025-07-24T15:36:06.031755,ETH-USDT,3725.92,3725.93,8.3988,3.9168
2025-07-24T15:36:06.031994,XRP-USDT,3.22258,3.22306,506.0,351.0
2025-07-24T15:36:06.035097,SOL-USDT,188.2694,188.2762,1.46,1.554
2025-07-24T15:36:06.035368,LTC-USDT,113.72,113.76,3.0952,2.97
2025-07-24T15:36:06.133448,ETH-USDT,3725.92,3725.93,8.0061,3.9168
2025-07-24T15:36:06.133787,XRP-USDT,3.22305,3.22306,294.32,155.0
2025-07-24T15:36:06.138295,LTC-USDT,113.73,113.76,2.97,2.97
2025-07-24T15:36:06.233702,ETH-USDT,3725.92,3725.93,8.0061,3.956
2025-07-24T15:36:06.233768,XRP-USDT,3.2226,3.22306,506.0,155.0
2025-07-24T15:36:06.336783,LTC-USDT,113.73,113.76,2.97,2.97
2025-07-24T15:36:06.431927,BTC-USDT,118750.0,118750.01,0.00051,0.98678
2025-07-24T15:36:06.432486,ETH-USDT,3725.92,3725.93,0.0061,1.7872
2025-07-24T15:36:06.432969,XRP-USDT,3.2226,3.22308,351.0,351.0
2025-07-24T15:36:06.532371,XRP-USDT,3.22261,3.22308,636.73,351.0
2025-07-24T15:36:06.733232,XRP-USDT,3.22261,3.22297,636.73,351.0
2025-07-24T15:36:06.736325,LTC-USDT,113.73,113.76,46.8285,2.97
2025-07-24T15:36:06.933011,XRP-USDT,3.22261,3.22272,285.73,351.0
2025-07-24T15:36:06.936058,SOL-USDT,188.2279,188.2762,3.0,1.554
2025-07-24T15:36:07.034166,ETH-USDT,3725.92,3725.93,0.0061,1.9884
2025-07-24T15:36:07.034530,XRP-USDT,3.2223,3.22272,506.0,351.0
2025-07-24T15:36:07.038433,SOL-USDT,188.2279,188.2896,3.0,4.86
2025-07-24T15:36:07.132044,BTC-USDT,118745.0,118749.01,0.00021,0.200097
2025-07-24T15:36:07.132563,XRP-USDT,3.2223,3.22265,506.0,287.21
2025-07-24T15:36:07.136589,SOL-USDT,188.2326,188.2853,45.791,7.6
2025-07-24T15:36:07.231469,BTC-USDT,118745.0,118745.01,0.00021,0.372765
2025-07-24T15:36:07.234420,SOL-USDT,188.263,188.2853,1.444,7.6
2025-07-24T15:36:07.234643,LTC-USDT,113.73,113.76,46.8285,2.97
2025-07-24T15:36:07.331705,BTC-USDT,118745.0,118745.01,0.00021,0.583975
2025-07-24T15:36:07.332340,XRP-USDT,3.22247,3.22265,155.0,287.21
2025-07-24T15:36:07.335768,SOL-USDT,188.2326,188.2599,45.791,1.498
2025-07-24T15:36:07.335815,LTC-USDT,113.72,113.76,2.97,2.97
2025-07-24T15:36:07.434585,BTC-USDT,118745.0,118745.01,1e-05,0.595875
2025-07-24T15:36:07.434975,XRP-USDT,3.2221,3.22254,155.0,351.0
2025-07-24T15:36:07.439251,SOL-USDT,188.2326,188.2441,45.791,1.46
2025-07-24T15:36:07.439579,LTC-USDT,113.72,113.76,0.1252,2.97
2025-07-24T15:36:07.534054,ETH-USDT,3725.14,3725.15,22.2516,3.3172
2025-07-24T15:36:07.534486,XRP-USDT,3.22153,3.22234,283.0,351.0
2025-07-24T15:36:07.539258,SOL-USDT,188.2279,188.234,3.0,1.45
2025-07-24T15:36:07.539564,LTC-USDT,113.71,113.76,2.97,2.97
2025-07-24T15:36:07.633275,ETH-USDT,3725.14,3725.15,22.2916,3.1844
2025-07-24T15:36:07.633526,XRP-USDT,3.22189,3.2222,155.0,351.0
2025-07-24T15:36:07.637819,SOL-USDT,188.2143,188.228,0.159,6.316
2025-07-24T15:36:07.637980,LTC-USDT,113.69,113.75,2.97,4.018
2025-07-24T15:36:07.733454,BTC-USDT,118745.0,118745.01,1e-05,0.600804
2025-07-24T15:36:07.734233,ETH-USDT,3725.14,3725.15,22.2516,3.2227
2025-07-24T15:36:07.735044,XRP-USDT,3.22155,3.22205,155.0,351.0
2025-07-24T15:36:07.739386,SOL-USDT,188.1518,188.189,1.5,1.525
2025-07-24T15:36:07.739626,LTC-USDT,113.69,113.73,2.97,4.018
2025-07-24T15:36:07.832037,BTC-USDT,118737.14,118737.15,0.000316,0.561054
2025-07-24T15:36:07.832418,XRP-USDT,3.22155,3.22198,506.0,351.0
