timestamp,symbol,bid,ask,bid_vol,ask_vol
2025-07-25T06:26:40.530237,BTC-USDT,115291.44,115291.45,0.000395,0.591523
2025-07-25T06:26:40.530417,BTC-USDT,115291.44,115291.45,0.000395,0.79962
2025-07-25T06:26:40.530468,ETH-USDT,3617.25,3617.26,3.5,2.8018
2025-07-25T06:26:40.530515,SOL-USDT,178.0634,178.0858,5.527,1.567
2025-07-25T06:26:40.530559,BTC-USDT,115291.44,115291.45,0.000395,0.331313
2025-07-25T06:26:40.530595,SOL-USDT,178.0465,178.0783,5.527,5.13
2025-07-25T06:26:40.530619,LTC-USDT,110.31,110.35,2.97,2.97
2025-07-25T06:26:40.551037,ETH-USDT,3616.95,3617.02,0.0042,0.0382
2025-07-25T06:26:40.554892,SOL-USDT,178.0727,178.0783,1.58,5.13
2025-07-25T06:26:40.555324,LTC-USDT,110.31,110.35,2.97,2.97
2025-07-25T06:26:40.558428,XRP-USDT,3.06301,3.0634,378.0,541.0
2025-07-25T06:26:40.649644,ETH-USDT,3616.99,3617.0,0.5,2.7646
2025-07-25T06:26:40.650817,SOL-USDT,178.0465,178.0783,5.527,5.13
2025-07-25T06:26:40.749300,ETH-USDT,3616.99,3617.0,3.5,2.7646
2025-07-25T06:26:40.749585,XRP-USDT,3.0632,3.0634,378.0,541.0
2025-07-25T06:26:40.750724,SOL-USDT,178.0465,178.0765,5.527,5.13
2025-07-25T06:26:40.849908,BTC-USDT,115291.44,115291.45,0.000395,0.06869
2025-07-25T06:26:40.850546,ETH-USDT,3616.99,3617.0,3.0,3.3038
2025-07-25T06:26:40.949981,BTC-USDT,115291.44,115291.45,0.000395,0.330509
2025-07-25T06:26:40.952086,SOL-USDT,178.0677,178.0765,1.599,5.13
2025-07-25T06:26:41.051876,LTC-USDT,110.31,110.35,2.97,2.97
2025-07-25T06:26:41.250125,BTC-USDT,115291.44,115291.45,0.000395,0.590719
2025-07-25T06:26:41.250342,XRP-USDT,3.06315,3.0634,282.71,541.0
2025-07-25T06:26:41.350157,BTC-USDT,115291.44,115291.45,0.000395,0.790719
2025-07-25T06:26:41.450282,BTC-USDT,115291.44,115291.45,0.000395,0.530509
2025-07-25T06:26:41.450499,ETH-USDT,3617.57,3617.58,0.5,3.858
2025-07-25T06:26:41.450704,XRP-USDT,3.06313,3.0634,378.0,541.0
2025-07-25T06:26:41.452032,SOL-USDT,178.0677,178.0766,9.131,1.455
2025-07-25T06:26:41.452230,LTC-USDT,110.31,110.35,2.97,2.97
2025-07-25T06:26:41.651384,BTC-USDT,115291.44,115291.45,0.41306,0.2
2025-07-25T06:26:41.651434,ETH-USDT,3617.57,3617.81,0.5,0.1496
2025-07-25T06:26:41.651804,XRP-USDT,3.06313,3.0634,378.0,163.0
2025-07-25T06:26:41.654068,SOL-USDT,178.0736,178.121,5.13,5.13
2025-07-25T06:26:41.654315,LTC-USDT,110.31,110.37,2.97,5.347
2025-07-25T06:26:41.750100,BTC-USDT,115291.44,115291.45,0.465173,0.2
2025-07-25T06:26:41.750640,ETH-USDT,3617.57,3617.58,0.5,0.0374
2025-07-25T06:26:41.750695,XRP-USDT,3.06339,3.0634,378.0,163.0
2025-07-25T06:26:41.752632,SOL-USDT,178.0564,178.121,5.13,5.13
2025-07-25T06:26:41.854271,SOL-USDT,178.0608,178.1106,3.71,5.13
2025-07-25T06:26:41.950919,SOL-USDT,178.0609,178.1036,5.13,1.561
2025-07-25T06:26:42.049938,XRP-USDT,3.06339,3.0634,1155.17,163.0
2025-07-25T06:26:42.051209,SOL-USDT,178.0608,178.1181,3.71,5.527
2025-07-25T06:26:42.051251,LTC-USDT,110.31,110.37,2.97,5.347
2025-07-25T06:26:42.149347,ETH-USDT,3617.57,3617.58,0.5,2.8016
2025-07-25T06:26:42.150988,SOL-USDT,178.0501,178.0958,5.13,5.13
2025-07-25T06:26:42.251008,ETH-USDT,3617.28,3617.57,0.0038,0.5
2025-07-25T06:26:42.251070,XRP-USDT,3.06339,3.0634,777.17,163.0
2025-07-25T06:26:42.252520,SOL-USDT,178.0354,178.0822,3.71,5.13
2025-07-25T06:26:42.350845,ETH-USDT,3617.13,3617.16,3.0,1.4995
2025-07-25T06:26:42.351206,XRP-USDT,3.06339,3.0634,777.17,823.34
2025-07-25T06:26:42.353061,LTC-USDT,110.31,110.37,2.97,5.347
2025-07-25T06:26:42.452206,ETH-USDT,3617.08,3617.09,3.5,0.5385
2025-07-25T06:26:42.453560,XRP-USDT,3.06339,3.0634,777.17,541.0
2025-07-25T06:26:42.457520,SOL-USDT,178.0668,178.0669,1.538,5.13
2025-07-25T06:26:42.577547,ETH-USDT,3616.92,3616.99,0.5,0.5
2025-07-25T06:26:42.578670,SOL-USDT,178.0288,178.0669,6.483,5.13
2025-07-25T06:26:42.578709,LTC-USDT,110.3,110.35,67.22,5.347
2025-07-25T06:26:42.649711,ETH-USDT,3616.98,3616.99,3.5,1.4995
2025-07-25T06:26:42.649775,XRP-USDT,3.06339,3.0634,777.17,821.26
2025-07-25T06:26:42.651027,LTC-USDT,110.3,110.35,48.72,5.347
2025-07-25T06:26:42.750968,SOL-USDT,178.0622,178.0669,1.517,5.13
2025-07-25T06:26:42.952944,ETH-USDT,3616.99,3617.0,6.763,0.0392
2025-07-25T06:26:42.954233,SOL-USDT,178.0622,178.071,1.517,1.518
2025-07-25T06:26:42.955287,LTC-USDT,110.31,110.35,2.97,5.347
2025-07-25T06:26:43.050053,ETH-USDT,3617.28,3617.56,0.5,1.4995
2025-07-25T06:26:43.154366,ETH-USDT,3617.28,3617.54,0.5,1.4995
2025-07-25T06:26:43.252437,BTC-USDT,115291.44,115291.45,0.465173,0.461614
2025-07-25T06:26:43.253467,ETH-USDT,3617.28,3617.29,0.5,0.0395
2025-07-25T06:26:43.255716,LTC-USDT,110.31,110.35,2.97,5.347
2025-07-25T06:26:43.451103,XRP-USDT,3.06339,3.0634,777.17,821.26
2025-07-25T06:26:43.456079,LTC-USDT,110.28,110.35,2.377,5.347
2025-07-25T06:26:43.550714,XRP-USDT,3.06296,3.06332,163.0,666.83
2025-07-25T06:26:43.552063,LTC-USDT,110.29,110.35,2.97,5.347
2025-07-25T06:26:43.650476,XRP-USDT,3.06304,3.06332,289.86,666.83
2025-07-25T06:26:43.749990,XRP-USDT,3.0627,3.06332,163.0,666.83
2025-07-25T06:26:43.751479,SOL-USDT,178.0288,178.0708,6.483,5.13
2025-07-25T06:26:43.751522,LTC-USDT,110.29,110.34,2.97,8.0039
2025-07-25T06:26:43.851300,XRP-USDT,3.06284,3.06332,163.0,666.83
2025-07-25T06:26:43.854646,SOL-USDT,178.0288,178.065,6.483,5.13
2025-07-25T06:26:43.854978,LTC-USDT,110.29,110.33,2.97,5.347
2025-07-25T06:26:43.951277,XRP-USDT,3.06284,3.06331,163.0,541.0
2025-07-25T06:26:44.050314,XRP-USDT,3.06287,3.06331,378.0,541.0
2025-07-25T06:26:44.052427,SOL-USDT,178.0567,178.0652,1.485,1.541
2025-07-25T06:26:44.150445,XRP-USDT,3.06294,3.06331,378.0,541.0
2025-07-25T06:26:44.351183,XRP-USDT,3.06293,3.06331,298.22,541.0
2025-07-25T06:26:44.351715,LTC-USDT,110.29,110.33,2.97,5.347
2025-07-25T06:26:44.451098,BTC-USDT,115291.44,115291.45,0.465173,0.466614
2025-07-25T06:26:44.451581,XRP-USDT,3.06294,3.06331,2.99,541.0
2025-07-25T06:26:44.549549,BTC-USDT,115291.44,115291.45,0.465173,0.461614
2025-07-25T06:26:44.649976,XRP-USDT,3.06265,3.06312,378.0,264.0
2025-07-25T06:26:44.748955,BTC-USDT,115291.44,115291.45,0.465173,0.466614
2025-07-25T06:26:44.749303,XRP-USDT,3.06253,3.06311,378.0,541.0
2025-07-25T06:26:44.750346,LTC-USDT,110.29,110.33,2.97,5.347
2025-07-25T06:26:44.854120,LTC-USDT,110.3,110.33,5.2949,5.347
2025-07-25T06:26:44.950146,XRP-USDT,3.06274,3.06311,378.0,541.0
2025-07-25T06:26:44.953760,LTC-USDT,110.28,110.33,48.561,5.347
2025-07-25T06:26:45.049627,BTC-USDT,115291.44,115291.45,0.460174,0.466614
2025-07-25T06:26:45.049685,ETH-USDT,3617.28,3617.29,3.2645,0.0395
2025-07-25T06:26:45.052612,LTC-USDT,110.29,110.33,2.97,5.347
2025-07-25T06:26:45.193272,BTC-USDT,115291.44,115291.45,0.465173,0.466614
2025-07-25T06:26:45.194025,ETH-USDT,3617.28,3617.29,0.5,0.0395
2025-07-25T06:26:45.194067,XRP-USDT,3.06287,3.0631,282.08,541.0
2025-07-25T06:26:45.196060,LTC-USDT,110.29,110.32,2.97,4.67
2025-07-25T06:26:45.249997,BTC-USDT,115291.44,115291.45,0.465173,0.461614
2025-07-25T06:26:45.250055,ETH-USDT,3617.28,3617.29,3.2645,0.0395
2025-07-25T06:26:45.250661,XRP-USDT,3.0629,3.0631,378.0,541.0
2025-07-25T06:26:45.450196,ETH-USDT,3617.28,3617.58,7.0125,3.856
2025-07-25T06:26:45.450260,XRP-USDT,3.06313,3.06343,378.0,378.0
2025-07-25T06:26:45.551526,ETH-USDT,3617.57,3617.58,3.663,3.856
2025-07-25T06:26:45.553122,XRP-USDT,3.06333,3.06493,378.0,663.0
2025-07-25T06:26:45.556616,LTC-USDT,110.29,110.32,2.97,4.67
2025-07-25T06:26:45.649986,ETH-USDT,3617.57,3617.58,3.2642,3.856
2025-07-25T06:26:45.650322,XRP-USDT,3.06324,3.06458,378.0,500.0
2025-07-25T06:26:45.749599,ETH-USDT,3617.57,3617.58,3.2642,3.8943
2025-07-25T06:26:45.750217,XRP-USDT,3.06314,3.06331,282.41,541.0
2025-07-25T06:26:45.850510,ETH-USDT,3617.57,3617.58,0.5,6.6585
2025-07-25T06:26:45.949118,ETH-USDT,3617.57,3617.58,3.2642,3.8943
2025-07-25T06:26:45.949336,XRP-USDT,3.06322,3.06331,378.0,163.0
2025-07-25T06:26:46.076494,XRP-USDT,3.06322,3.06438,378.0,642.0
2025-07-25T06:26:46.080111,SOL-USDT,178.0518,178.0945,5.527,0.168
2025-07-25T06:26:46.080501,LTC-USDT,110.29,110.32,2.97,4.67
2025-07-25T06:26:46.154841,ETH-USDT,3617.57,3617.58,3.9602,3.8943
2025-07-25T06:26:46.155960,XRP-USDT,3.06378,3.06423,378.0,541.0
2025-07-25T06:26:46.161922,SOL-USDT,178.0807,178.1201,1.451,5.13
2025-07-25T06:26:46.162236,LTC-USDT,110.31,110.36,1.7,2.97
2025-07-25T06:26:46.250806,ETH-USDT,3617.57,3617.58,3.9602,0.0383
2025-07-25T06:26:46.250945,XRP-USDT,3.06378,3.06423,378.0,163.0
2025-07-25T06:26:46.252509,SOL-USDT,178.0521,178.1023,5.13,5.13
2025-07-25T06:26:46.252732,LTC-USDT,110.32,110.36,2.97,10.9739
2025-07-25T06:26:46.350104,XRP-USDT,3.06395,3.06423,378.0,163.0
2025-07-25T06:26:46.351902,SOL-USDT,178.0521,178.0796,5.13,1.59
2025-07-25T06:26:46.450006,XRP-USDT,3.06422,3.06468,378.0,541.0
2025-07-25T06:26:46.451562,SOL-USDT,178.0707,178.0796,1.591,1.59
2025-07-25T06:26:46.451830,LTC-USDT,110.32,110.35,2.97,8.0039
2025-07-25T06:26:46.550600,XRP-USDT,3.06428,3.06498,378.0,642.0
2025-07-25T06:26:46.652671,ETH-USDT,3617.57,3617.58,6.9602,0.0383
2025-07-25T06:26:46.655293,XRP-USDT,3.06433,3.06495,378.0,541.0
2025-07-25T06:26:46.655342,SOL-USDT,178.0728,178.0796,5.13,1.59
2025-07-25T06:26:46.655376,LTC-USDT,110.32,110.35,2.97,8.0039
2025-07-25T06:26:46.752869,LTC-USDT,110.32,110.36,2.97,10.9739
2025-07-25T06:26:46.849464,XRP-USDT,3.06459,3.06492,283.82,541.0
2025-07-25T06:26:46.951170,XRP-USDT,3.06477,3.06492,378.0,541.0
2025-07-25T06:26:47.049333,XRP-USDT,3.06469,3.06492,288.98,541.0
2025-07-25T06:26:47.149563,BTC-USDT,115291.44,115291.45,0.465217,0.461614
2025-07-25T06:26:47.150835,LTC-USDT,110.32,110.35,2.97,8.2158
2025-07-25T06:26:47.251063,XRP-USDT,3.06474,3.06492,378.0,163.0
2025-07-25T06:26:47.252404,LTC-USDT,110.32,110.35,2.97,8.2158
2025-07-25T06:26:47.354423,ETH-USDT,3617.8,3617.81,3.2641,0.1496
2025-07-25T06:26:47.354480,XRP-USDT,3.06491,3.06515,378.0,163.0
2025-07-25T06:26:47.360047,LTC-USDT,110.32,110.36,2.97,2.97
2025-07-25T06:26:47.449612,ETH-USDT,3617.8,3617.81,3.6629,0.1496
2025-07-25T06:26:47.449958,XRP-USDT,3.06491,3.06517,378.0,54.0
2025-07-25T06:26:47.597945,ETH-USDT,3617.8,3617.81,7.3589,0.1496
2025-07-25T06:26:47.598350,XRP-USDT,3.06516,3.06517,677.47,54.0
2025-07-25T06:26:47.652819,ETH-USDT,3617.8,3617.81,7.3966,0.1496
2025-07-25T06:26:47.652862,XRP-USDT,3.06516,3.06517,738.47,54.0
2025-07-25T06:26:47.653497,LTC-USDT,110.33,110.38,2.97,2.97
2025-07-25T06:26:47.749725,XRP-USDT,3.06516,3.06517,61.0,54.0
2025-07-25T06:26:47.750805,LTC-USDT,110.35,110.38,2.97,2.97
2025-07-25T06:26:47.851118,XRP-USDT,3.06516,3.06517,61.0,696.0
2025-07-25T06:26:47.852893,LTC-USDT,110.34,110.38,4.67,2.97
2025-07-25T06:26:47.950333,XRP-USDT,3.06516,3.06517,61.0,318.0
2025-07-25T06:26:47.951384,LTC-USDT,110.34,110.38,4.67,2.97
2025-07-25T06:26:48.049219,XRP-USDT,3.06516,3.06517,439.0,54.0
2025-07-25T06:26:48.153128,XRP-USDT,3.06516,3.06517,61.0,432.0
2025-07-25T06:26:48.156605,SOL-USDT,178.0728,178.1196,5.13,3.71
2025-07-25T06:26:48.158040,LTC-USDT,110.35,110.38,2.97,2.97
2025-07-25T06:26:48.250610,XRP-USDT,3.06516,3.06517,61.0,54.0
2025-07-25T06:26:48.251838,SOL-USDT,178.0728,178.1194,5.13,5.13
2025-07-25T06:26:48.251878,LTC-USDT,110.35,110.38,2.97,2.97
2025-07-25T06:26:48.350049,BTC-USDT,115291.44,115291.45,0.440923,0.464596
2025-07-25T06:26:48.350113,XRP-USDT,3.06516,3.06517,439.0,54.0
2025-07-25T06:26:48.351089,SOL-USDT,178.0728,178.0796,5.13,1.597
2025-07-25T06:26:48.450944,LTC-USDT,110.35,110.38,2.97,2.97
2025-07-25T06:26:48.551134,XRP-USDT,3.06516,3.06517,727.87,54.0
2025-07-25T06:26:48.553718,SOL-USDT,178.0875,178.1253,1.523,0.168
2025-07-25T06:26:48.651315,XRP-USDT,3.06516,3.06517,1484.37,54.0
2025-07-25T06:26:48.655986,SOL-USDT,178.1033,178.1252,1.455,5.13
2025-07-25T06:26:48.857326,SOL-USDT,178.1033,178.1141,1.455,1.504
2025-07-25T06:26:48.857654,LTC-USDT,110.35,110.38,2.97,2.97
2025-07-25T06:26:49.051618,SOL-USDT,178.1035,178.1141,5.13,1.504
2025-07-25T06:26:49.254108,ETH-USDT,3618.36,3618.37,6.6624,0.3
2025-07-25T06:26:49.259819,LTC-USDT,110.35,110.39,2.97,0.8904
2025-07-25T06:26:49.352933,LTC-USDT,110.36,110.39,2.97,0.8904
2025-07-25T06:26:49.450919,ETH-USDT,3618.36,3618.37,7.3584,0.3
2025-07-25T06:26:49.451998,XRP-USDT,3.06516,3.06517,2275.91,54.0
2025-07-25T06:26:49.551145,LTC-USDT,110.36,110.39,2.97,3.8604
2025-07-25T06:26:49.751065,ETH-USDT,3618.36,3618.37,7.398,0.3
2025-07-25T06:26:49.751134,XRP-USDT,3.06516,3.06517,2702.91,54.0
2025-07-25T06:26:49.752680,SOL-USDT,178.1078,178.1489,1.541,3.71
2025-07-25T06:26:49.850537,BTC-USDT,115291.44,115291.45,0.64902,0.464596
2025-07-25T06:26:49.851140,XRP-USDT,3.06582,3.06603,378.0,163.0
2025-07-25T06:26:49.852650,SOL-USDT,178.1081,178.1543,5.13,5.13
2025-07-25T06:26:49.853859,LTC-USDT,110.36,110.39,2.97,3.8604
2025-07-25T06:26:49.949517,XRP-USDT,3.06582,3.06603,378.0,541.0
2025-07-25T06:26:49.950575,SOL-USDT,178.1244,178.1543,1.564,5.13
2025-07-25T06:26:50.050489,XRP-USDT,3.06602,3.06603,378.0,163.0
2025-07-25T06:26:50.052040,SOL-USDT,178.1244,178.1323,1.564,1.541
2025-07-25T06:26:50.261399,XRP-USDT,3.06548,3.06599,378.0,163.0
2025-07-25T06:26:50.262502,LTC-USDT,110.35,110.39,4.67,3.8604
2025-07-25T06:26:50.349993,BTC-USDT,115291.44,115291.45,0.440923,0.464596
2025-07-25T06:26:50.350289,XRP-USDT,3.06548,3.06581,378.0,541.0
2025-07-25T06:26:50.351366,LTC-USDT,110.35,110.39,4.67,6.2374
2025-07-25T06:26:50.449670,XRP-USDT,3.0658,3.06581,378.0,163.0
2025-07-25T06:26:50.550017,XRP-USDT,3.0658,3.06581,439.0,163.0
2025-07-25T06:26:50.551384,LTC-USDT,110.36,110.39,2.97,6.2374
2025-07-25T06:26:50.649821,XRP-USDT,3.0658,3.06581,710.9,163.0
2025-07-25T06:26:50.651305,LTC-USDT,110.36,110.39,2.97,3.8604
2025-07-25T06:26:50.750075,XRP-USDT,3.0658,3.06581,1413.85,163.0
2025-07-25T06:26:50.948914,BTC-USDT,115291.44,115291.45,0.440923,0.202982
2025-07-25T06:26:50.950227,LTC-USDT,110.36,110.39,2.97,3.8604
2025-07-25T06:26:51.049877,BTC-USDT,115291.44,115291.45,0.440923,0.463724
2025-07-25T06:26:51.150142,LTC-USDT,110.35,110.39,4.67,6.2374
2025-07-25T06:26:51.250974,LTC-USDT,110.35,110.39,4.67,6.2374
2025-07-25T06:26:51.450888,LTC-USDT,110.36,110.39,2.97,6.2374
2025-07-25T06:26:51.550833,ETH-USDT,3618.63,3618.64,6.6622,0.0385
2025-07-25T06:26:51.651474,ETH-USDT,3618.95,3618.96,0.8988,3.1633
2025-07-25T06:26:51.652691,LTC-USDT,110.36,110.39,2.97,3.8604
2025-07-25T06:26:51.750712,XRP-USDT,3.0661,3.06633,378.0,163.0
2025-07-25T06:26:51.851206,XRP-USDT,3.0661,3.06632,378.0,541.0
2025-07-25T06:26:51.852949,LTC-USDT,110.37,110.39,4.8555,3.8604
2025-07-25T06:26:51.950259,BTC-USDT,115291.44,115291.45,0.440923,0.202982
2025-07-25T06:26:51.950313,ETH-USDT,3618.95,3618.96,3.2632,3.2998
2025-07-25T06:26:51.950420,XRP-USDT,3.0661,3.06629,378.0,278.65
2025-07-25T06:26:52.049285,BTC-USDT,115291.44,115291.45,0.440923,0.463724
2025-07-25T06:26:52.049834,XRP-USDT,3.0661,3.06628,378.0,163.0
2025-07-25T06:26:52.251545,LTC-USDT,110.37,110.39,6.5555,3.8604
2025-07-25T06:26:52.552050,LTC-USDT,110.37,110.39,6.5555,3.8604
2025-07-25T06:26:52.651142,BTC-USDT,115302.44,115302.45,0.008671,0.000899
2025-07-25T06:26:52.651211,ETH-USDT,3618.95,3618.96,3.2632,0.5365
2025-07-25T06:26:52.651399,XRP-USDT,3.06622,3.06628,378.0,163.0
2025-07-25T06:26:52.751682,BTC-USDT,115304.99,115305.0,0.314242,0.00011
2025-07-25T06:26:52.752114,XRP-USDT,3.06627,3.06628,378.0,163.0
2025-07-25T06:26:52.754511,SOL-USDT,178.1269,178.1537,5.13,0.046
2025-07-25T06:26:52.755079,LTC-USDT,110.38,110.39,8.0042,0.8904
2025-07-25T06:26:52.887774,BTC-USDT,115304.99,115305.0,0.31518,0.00011
2025-07-25T06:26:52.890213,XRP-USDT,3.06627,3.06665,378.0,163.0
2025-07-25T06:26:52.899242,SOL-USDT,178.1297,178.157,5.13,5.527
2025-07-25T06:26:52.899510,LTC-USDT,110.38,110.39,8.0042,0.0001
2025-07-25T06:26:52.951038,XRP-USDT,3.06651,3.06665,378.0,541.0
2025-07-25T06:26:52.952826,LTC-USDT,110.38,110.39,12.0812,0.0001
2025-07-25T06:26:53.049679,ETH-USDT,3618.95,3618.96,3.9592,0.5365
2025-07-25T06:26:53.049920,XRP-USDT,3.06611,3.06663,378.0,541.0
2025-07-25T06:26:53.051277,SOL-USDT,178.1295,178.1374,1.556,1.563
2025-07-25T06:26:53.051483,LTC-USDT,110.38,110.39,17.648,0.0001
2025-07-25T06:26:53.151148,ETH-USDT,3618.95,3618.96,3.2632,0.5365
2025-07-25T06:26:53.250351,XRP-USDT,3.06642,3.06663,286.95,541.0
2025-07-25T06:26:53.253856,LTC-USDT,110.38,110.39,7.047,0.0001
2025-07-25T06:26:53.350225,BTC-USDT,115304.99,115305.0,0.315224,0.00011
2025-07-25T06:26:53.350631,XRP-USDT,3.06651,3.06663,378.0,163.0
2025-07-25T06:26:53.351945,LTC-USDT,110.38,110.39,12.178,0.0001
2025-07-25T06:26:53.449927,BTC-USDT,115304.99,115305.0,0.67289,0.00011
2025-07-25T06:26:53.551249,XRP-USDT,3.06662,3.06663,378.0,163.0
2025-07-25T06:26:53.553840,LTC-USDT,110.38,110.39,17.0897,0.0001
2025-07-25T06:26:53.651279,XRP-USDT,3.06657,3.06663,378.0,163.0
2025-07-25T06:26:53.755871,LTC-USDT,110.38,110.39,22.2909,0.0001
2025-07-25T06:26:53.951689,ETH-USDT,3618.66,3618.72,0.0045,1.4995
2025-07-25T06:26:53.951742,XRP-USDT,3.06601,3.06654,378.0,642.0
2025-07-25T06:26:53.953643,LTC-USDT,110.38,110.39,19.9139,0.0001
2025-07-25T06:26:54.053342,XRP-USDT,3.06601,3.06637,378.0,163.0
2025-07-25T06:26:54.057019,LTC-USDT,110.38,110.39,18.2139,0.0001
2025-07-25T06:26:54.149604,ETH-USDT,3618.59,3618.72,3.0,1.4995
2025-07-25T06:26:54.149945,XRP-USDT,3.06618,3.06635,666.98,163.0
2025-07-25T06:26:54.151161,LTC-USDT,110.38,110.39,24.0076,0.0001
2025-07-25T06:26:54.249256,ETH-USDT,3618.6,3618.72,0.0026,1.4995
2025-07-25T06:26:54.249312,XRP-USDT,3.06634,3.06635,439.0,163.0
2025-07-25T06:26:54.350101,ETH-USDT,3618.54,3618.72,0.0395,1.4995
2025-07-25T06:26:54.449950,ETH-USDT,3618.56,3618.72,3.0,1.4995
2025-07-25T06:26:54.450013,XRP-USDT,3.06634,3.06635,61.0,163.0
2025-07-25T06:26:54.550022,ETH-USDT,3618.57,3618.72,0.0026,1.4995
2025-07-25T06:26:54.650356,LTC-USDT,110.38,110.39,29.3349,0.0001
2025-07-25T06:26:54.951416,ETH-USDT,3618.55,3618.72,2.7634,1.4995
2025-07-25T06:26:54.951582,XRP-USDT,3.06634,3.06635,61.0,541.0
2025-07-25T06:26:55.050456,ETH-USDT,3618.56,3618.72,3.0026,1.4995
2025-07-25T06:26:55.050708,XRP-USDT,3.06634,3.06635,726.86,163.0
2025-07-25T06:26:55.251013,ETH-USDT,3618.58,3618.72,3.0,1.4995
2025-07-25T06:26:55.353710,ETH-USDT,3618.72,3618.73,6.2634,0.5
2025-07-25T06:26:55.650169,XRP-USDT,3.06634,3.06635,348.86,541.0
2025-07-25T06:26:56.050296,ETH-USDT,3618.72,3618.73,3.5,0.5
2025-07-25T06:26:56.150564,ETH-USDT,3619.06,3619.07,0.3988,7.0891
2025-07-25T06:26:56.150730,XRP-USDT,3.06634,3.06635,1096.45,163.0
2025-07-25T06:26:56.249935,ETH-USDT,3619.07,3619.86,0.0996,0.696
2025-07-25T06:26:56.250130,XRP-USDT,3.06634,3.06635,1877.67,163.0
2025-07-25T06:26:56.251677,LTC-USDT,110.38,110.39,31.7119,0.0001
2025-07-25T06:26:56.350003,ETH-USDT,3619.09,3619.1,2.7627,0.0379
2025-07-25T06:26:56.450150,ETH-USDT,3619.09,3619.1,2.7627,0.5379
2025-07-25T06:26:56.550243,ETH-USDT,3618.81,3618.82,3.1622,0.0398
2025-07-25T06:26:56.550492,XRP-USDT,3.06634,3.06635,1816.67,163.0
2025-07-25T06:26:56.649942,ETH-USDT,3618.81,3618.82,7.3582,0.0398
2025-07-25T06:26:57.149226,XRP-USDT,3.06634,3.06667,1816.67,1013.75
2025-07-25T06:26:57.249032,XRP-USDT,3.06664,3.06665,378.0,163.0
2025-07-25T06:26:57.449142,XRP-USDT,3.06664,3.06665,730.48,163.0
2025-07-25T06:26:57.778481,XRP-USDT,3.06664,3.06665,352.48,163.0
2025-07-25T06:26:57.850505,ETH-USDT,3618.81,3618.82,3.0,3.3031
2025-07-25T06:26:57.850557,XRP-USDT,3.06634,3.06654,1528.81,642.0
2025-07-25T06:26:57.950146,ETH-USDT,3618.52,3618.79,0.0044,1.5
2025-07-25T06:26:57.950195,XRP-USDT,3.06634,3.06635,1528.81,541.0
2025-07-25T06:26:58.049123,ETH-USDT,3618.81,3618.82,3.3988,3.3031
2025-07-25T06:26:58.150103,ETH-USDT,3618.81,3618.82,3.0,3.3031
2025-07-25T06:26:58.251171,XRP-USDT,3.06634,3.06635,1528.81,805.0
2025-07-25T06:26:58.253991,LTC-USDT,110.38,110.39,5.347,0.0001
2025-07-25T06:26:58.350917,SOL-USDT,178.116,178.1323,5.527,1.491
2025-07-25T06:26:58.350964,LTC-USDT,110.38,110.39,10.776,0.0001
2025-07-25T06:26:58.450395,XRP-USDT,3.06634,3.06635,1528.81,1280.31
2025-07-25T06:26:58.550609,XRP-USDT,3.06549,3.06629,663.0,642.0
2025-07-25T06:26:58.649408,XRP-USDT,3.06618,3.06619,287.89,642.0
2025-07-25T06:26:58.650908,SOL-USDT,178.1234,178.1323,1.574,1.491
2025-07-25T06:26:58.651052,LTC-USDT,110.38,110.39,16.4279,0.0001
2025-07-25T06:26:58.750430,XRP-USDT,3.06618,3.06619,287.89,805.0
2025-07-25T06:26:58.954078,LTC-USDT,110.38,110.39,21.9849,0.0001
2025-07-25T06:26:59.054895,ETH-USDT,3618.81,3618.82,5.7633,0.5398
2025-07-25T06:26:59.151319,XRP-USDT,3.06618,3.06619,287.89,163.0
2025-07-25T06:26:59.255057,SOL-USDT,178.124,178.1323,5.13,1.491
2025-07-25T06:26:59.255127,LTC-USDT,110.38,110.39,27.6271,0.0001
2025-07-25T06:26:59.349813,XRP-USDT,3.06618,3.06619,287.89,541.0
2025-07-25T06:26:59.648756,ETH-USDT,3618.81,3618.82,6.2633,0.5398
2025-07-25T06:26:59.751132,LTC-USDT,110.38,110.39,33.2611,0.0001
2025-07-25T06:26:59.950764,ETH-USDT,3618.81,3618.82,3.5,3.3031
2025-07-25T06:26:59.951081,XRP-USDT,3.06618,3.06619,205.41,969.16
2025-07-25T06:26:59.952682,SOL-USDT,178.084,178.1235,3.71,1.513
2025-07-25T06:26:59.953001,LTC-USDT,110.38,110.39,30.2911,2.9701
2025-07-25T06:27:00.059041,BTC-USDT,115304.99,115305.0,0.67289,0.00011
2025-07-25T06:27:00.059870,ETH-USDT,3618.81,3618.82,3.5,3.3031
2025-07-25T06:27:00.060369,XRP-USDT,3.06547,3.06599,378.0,264.0
2025-07-25T06:27:00.065290,SOL-USDT,178.0804,178.1032,5.13,1.566
2025-07-25T06:27:00.065358,LTC-USDT,110.38,110.39,30.2911,0.0001
2025-07-25T06:27:00.155885,BTC-USDT,115304.99,115305.0,0.67289,0.459957
2025-07-25T06:27:00.156355,ETH-USDT,3618.81,3618.82,3.5,0.5398
2025-07-25T06:27:00.156594,XRP-USDT,3.06523,3.06592,264.0,163.0
2025-07-25T06:27:00.159646,SOL-USDT,178.0804,178.1032,5.13,1.566
2025-07-25T06:27:00.159995,LTC-USDT,110.38,110.39,27.9141,0.0001
2025-07-25T06:27:00.250160,ETH-USDT,3618.81,3618.82,3.5,3.3031
2025-07-25T06:27:00.250549,XRP-USDT,3.06528,3.06554,378.0,378.0
2025-07-25T06:27:00.252386,SOL-USDT,178.0955,178.1032,1.579,1.566
2025-07-25T06:27:00.252467,LTC-USDT,110.38,110.39,22.5662,0.0001
2025-07-25T06:27:00.353233,XRP-USDT,3.06526,3.06543,378.0,378.0
2025-07-25T06:27:00.452196,XRP-USDT,3.06528,3.06529,163.0,378.0
2025-07-25T06:27:00.454328,SOL-USDT,178.0623,178.1178,5.13,5.13
2025-07-25T06:27:00.457063,LTC-USDT,110.38,110.39,22.5662,2.9701
2025-07-25T06:27:00.549873,XRP-USDT,3.06528,3.06529,163.0,541.0
2025-07-25T06:27:00.551073,SOL-USDT,178.0623,178.0919,5.13,1.459
2025-07-25T06:27:00.652934,XRP-USDT,3.06516,3.06517,832.31,541.0
2025-07-25T06:27:00.653629,SOL-USDT,178.0585,178.0814,0.168,1.491
2025-07-25T06:27:00.753870,ETH-USDT,3618.81,3618.82,3.0,3.3031
2025-07-25T06:27:00.754282,XRP-USDT,3.06516,3.06517,832.31,955.31
2025-07-25T06:27:00.759016,SOL-USDT,178.0591,178.0673,1.559,5.13
2025-07-25T06:27:00.759372,LTC-USDT,110.38,110.39,22.5662,4.6701
2025-07-25T06:27:00.851196,XRP-USDT,3.06516,3.06517,832.31,1498.47
2025-07-25T06:27:00.852287,SOL-USDT,178.0585,178.0622,0.168,5.13
2025-07-25T06:27:00.950892,SOL-USDT,178.0546,178.0622,3.0,5.13
2025-07-25T06:27:01.052273,ETH-USDT,3617.89,3618.53,0.0144,0.0251
2025-07-25T06:27:01.052494,XRP-USDT,3.06429,3.06451,163.0,378.0
2025-07-25T06:27:01.054879,SOL-USDT,178.0546,178.0547,3.0,6.671
2025-07-25T06:27:01.054927,LTC-USDT,110.3,110.38,2.97,5.347
2025-07-25T06:27:01.151562,BTC-USDT,115304.99,115305.0,0.464793,0.459957
2025-07-25T06:27:01.152368,ETH-USDT,3617.9,3618.23,0.04,0.5
2025-07-25T06:27:01.152423,XRP-USDT,3.06399,3.06447,163.0,264.0
2025-07-25T06:27:01.154928,SOL-USDT,178.0546,178.0547,3.0,10.381
2025-07-25T06:27:01.155189,LTC-USDT,110.32,110.38,2.97,5.347
2025-07-25T06:27:01.251854,ETH-USDT,3617.9,3618.34,0.04,1.9995
2025-07-25T06:27:01.252242,XRP-USDT,3.06402,3.06444,163.0,264.0
2025-07-25T06:27:01.255257,SOL-USDT,178.0546,178.0547,3.0,5.251
2025-07-25T06:27:01.351728,BTC-USDT,115304.99,115305.0,0.67289,0.459957
2025-07-25T06:27:01.352453,ETH-USDT,3618.32,3618.33,3.9597,0.0025
2025-07-25T06:27:01.352509,XRP-USDT,3.06502,3.06514,378.0,163.0
2025-07-25T06:27:01.355049,SOL-USDT,178.0546,178.0547,3.0,1.541
2025-07-25T06:27:01.451984,ETH-USDT,3618.32,3618.33,3.6625,0.0888
2025-07-25T06:27:01.453000,XRP-USDT,3.06513,3.06572,378.0,264.0
2025-07-25T06:27:01.457082,LTC-USDT,110.33,110.38,2.377,2.97
2025-07-25T06:27:01.552002,ETH-USDT,3618.32,3618.33,6.6625,0.0368
2025-07-25T06:27:01.552308,XRP-USDT,3.0651,3.06511,224.0,378.0
2025-07-25T06:27:01.554229,LTC-USDT,110.34,110.38,2.97,2.97
2025-07-25T06:27:01.650061,ETH-USDT,3618.32,3618.33,3.6625,0.0368
2025-07-25T06:27:01.651017,XRP-USDT,3.0651,3.06518,224.0,378.0
2025-07-25T06:27:01.653601,LTC-USDT,110.37,110.38,10.1771,2.97
2025-07-25T06:27:01.751330,ETH-USDT,3618.32,3618.33,0.8988,0.0368
2025-07-25T06:27:01.752605,LTC-USDT,110.37,110.38,7.2071,2.97
2025-07-25T06:27:01.848976,BTC-USDT,115304.99,115305.0,0.67289,0.20011
2025-07-25T06:27:01.949735,BTC-USDT,115304.99,115305.0,0.67289,0.459946
2025-07-25T06:27:01.951491,LTC-USDT,110.37,110.38,12.0691,2.97
2025-07-25T06:27:02.050137,ETH-USDT,3618.32,3618.33,0.8988,2.8005
2025-07-25T06:27:02.050480,XRP-USDT,3.0651,3.06511,61.0,378.0
2025-07-25T06:27:02.051403,LTC-USDT,110.37,110.38,10.3691,2.97
2025-07-25T06:27:02.150927,ETH-USDT,3618.32,3618.33,0.5,3.3005
2025-07-25T06:27:02.151317,XRP-USDT,3.0647,3.06486,163.0,378.0
2025-07-25T06:27:02.252946,ETH-USDT,3618.03,3618.26,0.004,0.696
2025-07-25T06:27:02.253691,XRP-USDT,3.06424,3.06464,663.0,378.0
2025-07-25T06:27:02.254685,SOL-USDT,178.0546,178.0547,3.0,6.671
2025-07-25T06:27:02.255396,LTC-USDT,110.32,110.38,2.97,12.6739
2025-07-25T06:27:02.349757,ETH-USDT,3617.61,3617.87,0.0039,1.0
2025-07-25T06:27:02.350029,XRP-USDT,3.06444,3.06452,299.89,378.0
2025-07-25T06:27:02.351551,LTC-USDT,110.32,110.37,2.97,5.347
2025-07-25T06:27:02.450313,ETH-USDT,3617.61,3617.87,0.0039,1.9995
2025-07-25T06:27:02.450635,XRP-USDT,3.06438,3.06444,163.0,378.0
2025-07-25T06:27:02.550841,ETH-USDT,3617.69,3617.87,0.0384,1.9995
2025-07-25T06:27:02.648889,ETH-USDT,3617.61,3617.87,0.0039,1.9995
2025-07-25T06:27:02.649092,XRP-USDT,3.06415,3.06426,163.0,378.0
2025-07-25T06:27:02.651261,LTC-USDT,110.3,110.37,2.97,5.432
2025-07-25T06:27:02.748826,ETH-USDT,3617.26,3617.87,0.1376,1.9995
2025-07-25T06:27:02.751587,LTC-USDT,110.31,110.37,2.97,5.347
2025-07-25T06:27:02.882138,BTC-USDT,115304.99,115305.0,0.464793,0.459946
2025-07-25T06:27:02.949344,ETH-USDT,3617.6,3617.87,0.0364,1.9995
2025-07-25T06:27:02.954516,LTC-USDT,110.31,110.37,2.97,5.432
2025-07-25T06:27:03.051715,ETH-USDT,3617.6,3617.77,0.0364,1.9995
2025-07-25T06:27:03.056888,SOL-USDT,178.0227,178.0263,0.168,1.506
2025-07-25T06:27:03.056937,LTC-USDT,110.31,110.37,2.97,5.347
2025-07-25T06:27:03.148529,XRP-USDT,3.06415,3.06434,163.0,378.0
2025-07-25T06:27:03.149263,SOL-USDT,178.002,178.0263,5.13,1.506
2025-07-25T06:27:03.149458,LTC-USDT,110.31,110.37,2.97,5.432
2025-07-25T06:27:03.250031,XRP-USDT,3.06419,3.06428,163.0,378.0
2025-07-25T06:27:03.254181,LTC-USDT,110.31,110.37,2.97,5.347
2025-07-25T06:27:03.349961,SOL-USDT,178.0155,178.0263,1.564,1.506
2025-07-25T06:27:03.350195,LTC-USDT,110.31,110.35,2.97,2.97
2025-07-25T06:27:03.451620,XRP-USDT,3.06424,3.06428,163.0,378.0
2025-07-25T06:27:03.549339,LTC-USDT,110.31,110.36,2.97,2.97
2025-07-25T06:27:03.649656,ETH-USDT,3617.26,3617.68,0.0025,1.9995
2025-07-25T06:27:03.649716,XRP-USDT,3.06384,3.06408,378.0,378.0
2025-07-25T06:27:03.651090,SOL-USDT,178.0014,178.0215,3.0,1.6
2025-07-25T06:27:03.748709,ETH-USDT,3616.94,3617.56,0.3,0.5
2025-07-25T06:27:03.752050,XRP-USDT,3.06398,3.06408,378.0,378.0
2025-07-25T06:27:03.849074,ETH-USDT,3617.25,3617.56,0.5,1.9995
2025-07-25T06:27:03.849216,XRP-USDT,3.06401,3.06408,163.0,378.0
2025-07-25T06:27:03.948586,ETH-USDT,3617.33,3617.56,0.0364,1.9995
2025-07-25T06:27:03.948843,XRP-USDT,3.06407,3.06408,457.34,378.0
2025-07-25T06:27:03.949924,SOL-USDT,178.012,178.0215,1.518,1.6
2025-07-25T06:27:04.148220,XRP-USDT,3.06409,3.06424,378.0,378.0
2025-07-25T06:27:04.247775,XRP-USDT,3.06409,3.06426,378.0,163.0
2025-07-25T06:27:04.348352,ETH-USDT,3617.56,3617.81,3.0,1.9995
2025-07-25T06:27:04.448106,BTC-USDT,115304.99,115305.0,0.67289,0.459946
2025-07-25T06:27:04.448437,ETH-USDT,3617.42,3617.81,0.0381,1.9995
2025-07-25T06:27:04.648020,ETH-USDT,3617.42,3617.62,0.0381,0.5
2025-07-25T06:27:04.648282,XRP-USDT,3.06409,3.06424,378.0,163.0
2025-07-25T06:27:04.649337,LTC-USDT,110.31,110.36,2.97,3.055
2025-07-25T06:27:04.751432,LTC-USDT,110.31,110.36,2.97,2.97
2025-07-25T06:27:05.047436,ETH-USDT,3617.42,3617.62,0.0381,1.9995
2025-07-25T06:27:05.149433,ETH-USDT,3617.18,3617.51,0.0025,0.5
2025-07-25T06:27:05.149475,XRP-USDT,3.06411,3.06427,378.0,280.75
2025-07-25T06:27:05.247918,ETH-USDT,3617.34,3617.51,0.5,0.5
2025-07-25T06:27:05.248173,XRP-USDT,3.0641,3.06426,163.0,163.0
2025-07-25T06:27:05.348862,ETH-USDT,3617.28,3617.42,0.5,0.5
2025-07-25T06:27:05.349109,XRP-USDT,3.0641,3.06415,163.0,378.0
2025-07-25T06:27:05.450272,ETH-USDT,3617.2,3617.42,0.0398,0.5
2025-07-25T06:27:05.685086,ETH-USDT,3616.96,3617.3,0.0074,1.4995
2025-07-25T06:27:05.685147,XRP-USDT,3.06407,3.06411,713.4,378.0
2025-07-25T06:27:05.686103,SOL-USDT,178.0014,178.0044,3.0,1.588
2025-07-25T06:27:05.686297,LTC-USDT,110.29,110.35,2.97,2.97
2025-07-25T06:27:05.748881,ETH-USDT,3617.13,3617.2,0.5,1.9995
2025-07-25T06:27:05.749065,XRP-USDT,3.06407,3.06411,713.4,378.0
2025-07-25T06:27:05.750368,LTC-USDT,110.29,110.35,2.97,2.97
2025-07-25T06:27:05.851580,SOL-USDT,178.0014,178.0015,3.0,6.701
2025-07-25T06:27:06.049474,BTC-USDT,115304.99,115305.0,0.464793,0.459946
2025-07-25T06:27:06.049865,ETH-USDT,3617.01,3617.2,0.0395,1.9995
2025-07-25T06:27:06.050077,XRP-USDT,3.06407,3.06408,713.4,282.03
2025-07-25T06:27:06.051929,LTC-USDT,110.29,110.34,2.97,5.347
2025-07-25T06:27:06.148948,XRP-USDT,3.06407,3.06408,713.4,445.03
2025-07-25T06:27:06.249389,XRP-USDT,3.06407,3.06408,713.4,823.03
2025-07-25T06:27:06.249552,SOL-USDT,177.9352,177.9722,5.13,1.472
2025-07-25T06:27:06.452405,SOL-USDT,177.9351,177.9678,3.71,1.453
2025-07-25T06:27:06.452637,LTC-USDT,110.29,110.34,2.97,5.347
2025-07-25T06:27:06.548764,SOL-USDT,177.9588,177.9678,1.544,1.453
2025-07-25T06:27:06.849974,SOL-USDT,177.9588,177.9676,1.544,5.13
2025-07-25T06:27:07.149419,XRP-USDT,3.06407,3.06408,713.4,1251.19
2025-07-25T06:27:07.152995,LTC-USDT,110.29,110.31,2.97,5.7738
2025-07-25T06:27:07.251576,SOL-USDT,177.9351,177.9628,3.71,1.548
2025-07-25T06:27:07.251819,LTC-USDT,110.29,110.36,2.97,24.0589
2025-07-25T06:27:07.347601,XRP-USDT,3.06407,3.06408,713.4,591.16
2025-07-25T06:27:07.348895,LTC-USDT,110.29,110.34,2.97,5.347
2025-07-25T06:27:07.455232,ETH-USDT,3616.95,3617.11,3.0,0.5
2025-07-25T06:27:07.455274,XRP-USDT,3.06407,3.06408,713.4,476.4
2025-07-25T06:27:07.455306,SOL-USDT,177.9019,177.9501,3.71,5.13
2025-07-25T06:27:07.455336,LTC-USDT,110.28,110.34,128.059,5.347
2025-07-25T06:27:07.552131,BTC-USDT,115304.99,115305.0,0.315224,0.459946
2025-07-25T06:27:07.553152,ETH-USDT,3617.04,3617.11,3.0,0.5
2025-07-25T06:27:07.553630,XRP-USDT,3.06407,3.06408,713.4,1179.4
2025-07-25T06:27:07.561588,SOL-USDT,177.9175,177.9302,1.515,6.726
2025-07-25T06:27:07.561625,LTC-USDT,110.28,110.33,48.561,8.0039
2025-07-25T06:27:07.650255,ETH-USDT,3616.95,3617.33,3.0,0.5
2025-07-25T06:27:07.653727,SOL-USDT,177.9175,177.9249,1.515,1.522
2025-07-25T06:27:07.654009,LTC-USDT,110.29,110.33,2.97,8.0039
2025-07-25T06:27:07.751950,BTC-USDT,115304.99,115305.0,0.315224,0.458830874389402
2025-07-25T06:27:07.752009,ETH-USDT,3616.95,3617.05,3.0,0.5
2025-07-25T06:27:07.752055,XRP-USDT,3.06407,3.06408,713.4,1593.71
2025-07-25T06:27:07.752098,SOL-USDT,177.9175,177.9531,1.515,5.527
2025-07-25T06:27:07.752147,LTC-USDT,110.28,110.33,48.561,8.0039
2025-07-25T06:27:07.849993,SOL-USDT,177.9175,177.9412,1.515,5.13
2025-07-25T06:27:07.949256,ETH-USDT,3616.95,3616.96,3.0,0.5
2025-07-25T06:27:07.949314,XRP-USDT,3.06407,3.06408,713.4,1329.71
2025-07-25T06:27:07.950242,SOL-USDT,177.9175,177.9244,1.515,1.5
2025-07-25T06:27:08.052687,BTC-USDT,115304.99,115305.0,4.4e-05,0.7906818743894021
2025-07-25T06:27:08.052749,ETH-USDT,3616.95,3616.96,3.0,0.54
2025-07-25T06:27:08.052821,XRP-USDT,3.06407,3.06408,713.4,1593.71
2025-07-25T06:27:08.059057,SOL-USDT,177.8848,177.9133,5.13,1.532
2025-07-25T06:27:08.059118,LTC-USDT,110.28,110.32,48.561,5.347
2025-07-25T06:27:08.148936,BTC-USDT,115304.99,115305.0,4.4e-05,0.998778874389402
2025-07-25T06:27:08.149234,ETH-USDT,3616.94,3616.95,0.3,0.5369
2025-07-25T06:27:08.150540,LTC-USDT,110.25,110.29,2.97,4.67
2025-07-25T06:27:08.250869,ETH-USDT,3616.94,3616.95,0.3,1.194
2025-07-25T06:27:08.251211,XRP-USDT,3.06304,3.06372,100.0,264.0
2025-07-25T06:27:08.253230,SOL-USDT,177.8856,177.8953,1.563,1.594
2025-07-25T06:27:08.353637,BTC-USDT,115302.44,115302.45,0.008671,0.063671
2025-07-25T06:27:08.354289,XRP-USDT,3.06322,3.06344,378.0,378.0
2025-07-25T06:27:08.355520,SOL-USDT,177.8856,177.8953,1.563,6.724
2025-07-25T06:27:08.356005,LTC-USDT,110.24,110.29,2.97,4.67
2025-07-25T06:27:08.450096,BTC-USDT,115302.44,115302.45,0.008671,0.063627
2025-07-25T06:27:08.450414,ETH-USDT,3616.65,3616.66,0.4,0.5385
2025-07-25T06:27:08.450444,XRP-USDT,3.06322,3.06355,378.0,378.0
2025-07-25T06:27:08.452228,SOL-USDT,177.8833,177.8889,3.0,5.13
2025-07-25T06:27:08.452517,LTC-USDT,110.24,110.29,2.97,4.67
2025-07-25T06:27:08.549933,XRP-USDT,3.06335,3.06353,378.0,378.0
2025-07-25T06:27:08.553465,SOL-USDT,177.8833,177.8851,3.0,1.473
2025-07-25T06:27:08.748594,XRP-USDT,3.06335,3.06353,378.0,378.0
2025-07-25T06:27:08.749971,LTC-USDT,110.24,110.29,2.97,4.67
2025-07-25T06:27:08.850384,BTC-USDT,115302.44,115302.45,0.268856,0.063627
2025-07-25T06:27:08.850445,ETH-USDT,3616.65,3616.66,3.6648,0.5385
2025-07-25T06:27:08.850488,XRP-USDT,3.06335,3.06352,378.0,163.0
2025-07-25T06:27:08.949025,XRP-USDT,3.06335,3.06359,378.0,378.0
2025-07-25T06:27:09.048556,BTC-USDT,115302.44,115302.45,0.008671,0.063627
2025-07-25T06:27:09.048863,ETH-USDT,3616.65,3616.66,6.6648,0.0385
2025-07-25T06:27:09.049007,XRP-USDT,3.06323,3.06359,163.0,642.0
2025-07-25T06:27:09.149141,XRP-USDT,3.06323,3.06329,163.0,378.0
2025-07-25T06:27:09.248259,XRP-USDT,3.06323,3.06324,163.0,378.0
2025-07-25T06:27:09.249268,SOL-USDT,177.8833,177.8834,3.0,1.549
2025-07-25T06:27:09.348602,BTC-USDT,115302.44,115302.45,0.008671,0.322829
2025-07-25T06:27:09.348900,ETH-USDT,3616.65,3616.66,6.6648,2.8033
2025-07-25T06:27:09.349145,XRP-USDT,3.06309,3.06324,378.0,378.0
2025-07-25T06:27:09.449278,XRP-USDT,3.06308,3.06323,378.0,792.31
2025-07-25T06:27:09.548896,ETH-USDT,3616.65,3616.66,6.6648,0.0385
2025-07-25T06:27:09.549109,XRP-USDT,3.06308,3.06318,378.0,163.0
2025-07-25T06:27:09.648954,XRP-USDT,3.06304,3.06316,100.0,541.0
2025-07-25T06:27:09.747594,BTC-USDT,115302.44,115302.45,0.008671,0.522829
2025-07-25T06:27:09.747922,ETH-USDT,3616.65,3616.66,7.3608,0.0385
2025-07-25T06:27:09.748160,XRP-USDT,3.06304,3.06316,100.0,163.0
2025-07-25T06:27:09.849246,XRP-USDT,3.06311,3.06316,378.0,163.0
2025-07-25T06:27:09.850675,SOL-USDT,177.8857,177.9311,1.454,5.298
2025-07-25T06:27:09.850849,LTC-USDT,110.24,110.29,2.97,4.67
2025-07-25T06:27:09.949922,BTC-USDT,115302.44,115302.45,0.268856,0.522829
2025-07-25T06:27:09.950498,ETH-USDT,3616.8,3617.89,0.696,0.5
2025-07-25T06:27:09.950545,XRP-USDT,3.06311,3.06312,378.0,163.0
2025-07-25T06:27:09.952579,SOL-USDT,177.8995,177.9579,3.71,0.168
2025-07-25T06:27:09.952620,LTC-USDT,110.25,110.29,2.97,4.67
2025-07-25T06:27:10.049470,ETH-USDT,3617.12,3617.13,0.3988,3.797
2025-07-25T06:27:10.050746,SOL-USDT,177.9098,177.9577,5.13,5.13
2025-07-25T06:27:10.149588,ETH-USDT,3617.12,3617.13,4.3594,0.0375
2025-07-25T06:27:10.149843,XRP-USDT,3.06341,3.06351,378.0,284.71
2025-07-25T06:27:10.151958,SOL-USDT,177.9233,177.9579,5.13,0.168
2025-07-25T06:27:10.252290,SOL-USDT,177.9317,177.9579,1.529,0.168
2025-07-25T06:27:10.252436,LTC-USDT,110.25,110.29,2.97,1.7
2025-07-25T06:27:10.349481,ETH-USDT,3617.12,3617.13,0.5,0.0375
2025-07-25T06:27:10.350980,SOL-USDT,177.9317,177.9682,1.529,5.13
2025-07-25T06:27:10.351196,LTC-USDT,110.25,110.29,2.97,4.67
2025-07-25T06:27:10.449529,XRP-USDT,3.06324,3.06337,541.0,378.0
2025-07-25T06:27:10.452595,SOL-USDT,177.9317,177.9389,1.529,1.532
2025-07-25T06:27:10.548714,XRP-USDT,3.06336,3.06351,378.0,378.0
2025-07-25T06:27:10.648743,XRP-USDT,3.06328,3.06351,163.0,378.0
2025-07-25T06:27:10.749131,XRP-USDT,3.06331,3.06351,378.0,378.0
2025-07-25T06:27:10.848456,XRP-USDT,3.06333,3.06353,284.69,163.0
2025-07-25T06:27:10.849242,LTC-USDT,110.27,110.29,2.97,4.67
2025-07-25T06:27:10.951130,XRP-USDT,3.06344,3.06353,378.0,163.0
2025-07-25T06:27:11.048007,XRP-USDT,3.06344,3.06362,378.0,163.0
2025-07-25T06:27:11.150695,XRP-USDT,3.06344,3.06354,378.0,163.0
2025-07-25T06:27:11.155153,LTC-USDT,110.27,110.29,2.97,4.67
2025-07-25T06:27:11.248626,XRP-USDT,3.06344,3.06354,299.7,163.0
2025-07-25T06:27:11.351052,XRP-USDT,3.06362,3.06373,378.0,378.0
2025-07-25T06:27:11.452287,XRP-USDT,3.06354,3.06367,378.0,163.0
2025-07-25T06:27:11.454420,LTC-USDT,110.27,110.28,2.97,5.1791
2025-07-25T06:27:11.548419,ETH-USDT,3617.12,3617.13,1.196,0.0375
2025-07-25T06:27:11.549912,LTC-USDT,110.27,110.29,2.97,4.67
2025-07-25T06:27:11.652824,ETH-USDT,3617.12,3617.13,0.5,0.0375
2025-07-25T06:27:11.751678,LTC-USDT,110.26,110.29,4.8666,2.97
2025-07-25T06:27:11.851386,BTC-USDT,115302.44,115302.45,0.008671,0.522829
2025-07-25T06:27:11.851632,XRP-USDT,3.06354,3.06376,163.0,285.14
2025-07-25T06:27:11.853609,SOL-USDT,177.8996,177.9338,0.168,1.441
2025-07-25T06:27:11.948738,BTC-USDT,115302.44,115302.45,0.008671,0.730926
2025-07-25T06:27:11.949031,XRP-USDT,3.06354,3.06365,163.0,378.0
2025-07-25T06:27:11.950771,SOL-USDT,177.8895,177.9334,3.71,5.13
2025-07-25T06:27:12.147856,BTC-USDT,115302.44,115302.45,0.268856,0.730926
2025-07-25T06:27:12.149995,SOL-USDT,177.925,177.9334,1.58,5.13
2025-07-25T06:27:12.150037,LTC-USDT,110.27,110.29,2.97,2.97
2025-07-25T06:27:12.248337,BTC-USDT,115302.44,115302.45,0.008671,0.730926
2025-07-25T06:27:12.248612,XRP-USDT,3.06356,3.06375,378.0,163.0
2025-07-25T06:27:12.249509,SOL-USDT,177.8908,177.9269,5.13,1.565
2025-07-25T06:27:12.348071,XRP-USDT,3.06356,3.06372,378.0,378.0
2025-07-25T06:27:12.348909,SOL-USDT,177.8919,177.9269,3.71,1.565
2025-07-25T06:27:12.548554,BTC-USDT,115302.44,115302.45,0.268856,0.730926
2025-07-25T06:27:12.548631,XRP-USDT,3.06356,3.06375,378.0,163.0
2025-07-25T06:27:12.549476,SOL-USDT,177.918,177.9269,1.553,1.565
2025-07-25T06:27:12.550226,LTC-USDT,110.27,110.29,2.97,2.97
2025-07-25T06:27:12.658866,ETH-USDT,3617.54,3617.55,0.3988,3.795
2025-07-25T06:27:12.660277,LTC-USDT,110.27,110.31,2.97,3.1819
2025-07-25T06:27:12.749325,ETH-USDT,3617.54,3617.55,0.5,6.5593
2025-07-25T06:27:12.749407,XRP-USDT,3.06374,3.06375,378.0,163.0
2025-07-25T06:27:12.750284,LTC-USDT,110.27,110.31,2.97,3.2669
2025-07-25T06:27:12.847362,BTC-USDT,115302.44,115302.45,0.268856,0.522829
2025-07-25T06:27:12.950691,ETH-USDT,3617.54,3617.55,0.5,6.5979
2025-07-25T06:27:13.048104,ETH-USDT,3617.54,3617.55,0.5,0.0386
2025-07-25T06:27:13.048686,SOL-USDT,177.8919,177.9265,3.71,5.13
2025-07-25T06:27:13.150234,XRP-USDT,3.06374,3.06375,1154.36,163.0
2025-07-25T06:27:13.150654,SOL-USDT,177.8919,177.9209,3.71,1.461
2025-07-25T06:27:13.253436,LTC-USDT,110.25,110.31,2.97,3.1819
2025-07-25T06:27:13.350338,SOL-USDT,177.913,177.9209,1.551,1.461
2025-07-25T06:27:13.350406,LTC-USDT,110.25,110.31,2.97,3.2669
2025-07-25T06:27:13.465752,BTC-USDT,115295.87,115295.88,0.262123,0.263672
2025-07-25T06:27:13.466132,ETH-USDT,3617.25,3617.26,0.0042,0.536
2025-07-25T06:27:13.466343,XRP-USDT,3.06231,3.06338,642.0,163.0
2025-07-25T06:27:13.469690,SOL-USDT,177.7122,177.7668,8.568,9.434
2025-07-25T06:27:13.469736,LTC-USDT,110.23,110.3,2.377,13.3509
2025-07-25T06:27:13.551029,BTC-USDT,115295.87,115295.88,0.262123,0.327362
2025-07-25T06:27:13.551359,ETH-USDT,3617.25,3617.26,0.0042,1.232
2025-07-25T06:27:13.551773,XRP-USDT,3.06252,3.06315,264.0,287.68
2025-07-25T06:27:13.554132,SOL-USDT,177.7122,177.7659,8.568,5.13
2025-07-25T06:27:13.554287,LTC-USDT,110.23,110.29,2.97,3.1819
2025-07-25T06:27:13.651052,ETH-USDT,3616.76,3616.97,0.0398,1.4995
2025-07-25T06:27:13.651108,XRP-USDT,3.06257,3.06307,162.0,378.0
2025-07-25T06:27:13.652382,SOL-USDT,177.7122,177.7749,8.568,5.13
2025-07-25T06:27:13.652638,LTC-USDT,110.23,110.28,2.97,5.347
2025-07-25T06:27:13.751077,ETH-USDT,3616.47,3616.86,0.0038,1.9995
2025-07-25T06:27:13.751959,XRP-USDT,3.0627,3.0629,162.0,378.0
2025-07-25T06:27:13.757320,SOL-USDT,177.7284,177.7373,1.539,1.587
2025-07-25T06:27:13.757364,LTC-USDT,110.22,110.28,48.14,5.347
2025-07-25T06:27:13.849106,ETH-USDT,3616.41,3616.77,11.0,1.9995
2025-07-25T06:27:13.850882,SOL-USDT,177.6925,177.7326,8.84,1.476
2025-07-25T06:27:13.850925,LTC-USDT,110.21,110.28,2.97,5.347
2025-07-25T06:27:13.949354,ETH-USDT,3616.12,3616.57,0.0045,0.5
2025-07-25T06:27:13.949414,XRP-USDT,3.0627,3.06271,162.0,378.0
2025-07-25T06:27:14.049141,ETH-USDT,3616.36,3616.57,0.0381,1.9995
2025-07-25T06:27:14.052422,SOL-USDT,177.7259,177.7326,1.52,1.476
2025-07-25T06:27:14.052777,LTC-USDT,110.21,110.26,2.97,5.347
2025-07-25T06:27:14.149761,SOL-USDT,177.7259,177.7326,6.65,1.476
2025-07-25T06:27:14.250733,XRP-USDT,3.0627,3.06285,903.52,378.0
2025-07-25T06:27:14.252682,SOL-USDT,177.7261,177.7905,8.84,5.13
2025-07-25T06:27:14.348499,BTC-USDT,115295.87,115295.88,0.262123,0.586508
2025-07-25T06:27:14.348758,XRP-USDT,3.0627,3.06293,903.52,378.0
2025-07-25T06:27:14.350505,SOL-USDT,177.7459,177.7903,1.571,5.13
2025-07-25T06:27:14.448415,XRP-USDT,3.0627,3.06294,903.52,378.0
2025-07-25T06:27:14.453341,SOL-USDT,177.7459,177.7903,6.701,5.13
2025-07-25T06:27:14.548447,XRP-USDT,3.06278,3.06293,674.91,163.0
2025-07-25T06:27:14.551383,SOL-USDT,177.7459,177.7554,6.701,1.459
2025-07-25T06:27:14.649534,ETH-USDT,3616.12,3616.57,0.0045,1.0
2025-07-25T06:27:14.649706,XRP-USDT,3.06278,3.06337,674.91,264.0
2025-07-25T06:27:14.650777,SOL-USDT,177.7459,177.7904,5.13,10.783
2025-07-25T06:27:14.651124,LTC-USDT,110.21,110.26,2.97,5.347
2025-07-25T06:27:14.749631,ETH-USDT,3616.57,3616.96,3.0,0.5
2025-07-25T06:27:14.749682,XRP-USDT,3.06278,3.06323,378.0,163.0
2025-07-25T06:27:14.751328,SOL-USDT,177.7553,177.7904,1.502,10.783
2025-07-25T06:27:14.751526,LTC-USDT,110.22,110.27,2.97,2.97
2025-07-25T06:27:14.849084,ETH-USDT,3616.59,3616.98,3.0,3.2648
2025-07-25T06:27:14.849238,XRP-USDT,3.06278,3.06321,378.0,541.0
2025-07-25T06:27:14.948391,ETH-USDT,3616.67,3616.68,6.1636,0.0381
2025-07-25T06:27:14.949337,XRP-USDT,3.06286,3.06321,668.4,163.0
2025-07-25T06:27:14.949478,SOL-USDT,177.7553,177.7643,1.502,1.576
2025-07-25T06:27:15.048348,BTC-USDT,115295.87,115295.88,0.411692,0.522818
2025-07-25T06:27:15.048419,ETH-USDT,3616.67,3616.68,6.2648,0.0381
2025-07-25T06:27:15.248955,ETH-USDT,3616.68,3616.99,0.4304,6.6046
2025-07-25T06:27:15.249383,XRP-USDT,3.06306,3.06362,648.89,378.0
2025-07-25T06:27:15.348665,ETH-USDT,3616.98,3616.99,0.5,6.6046
2025-07-25T06:27:15.348938,XRP-USDT,3.06316,3.06362,657.72,378.0
2025-07-25T06:27:15.480842,ETH-USDT,3616.98,3616.99,0.5,6.6428
2025-07-25T06:27:15.484154,SOL-USDT,177.7553,177.7643,6.632,1.576
2025-07-25T06:27:15.484339,LTC-USDT,110.25,110.27,2.97,2.97
2025-07-25T06:27:15.550213,XRP-USDT,3.06318,3.06351,642.0,270.2
2025-07-25T06:27:15.650891,ETH-USDT,3617.11,3617.91,0.696,2.122
2025-07-25T06:27:15.651110,XRP-USDT,3.06357,3.0639,674.43,163.0
2025-07-25T06:27:15.654029,LTC-USDT,110.22,110.29,2.97,10.3809
2025-07-25T06:27:15.749499,ETH-USDT,3617.23,3617.24,0.3988,3.786
2025-07-25T06:27:15.749700,XRP-USDT,3.06367,3.06388,651.13,163.0
2025-07-25T06:27:15.752376,LTC-USDT,110.22,110.29,2.97,10.4659
2025-07-25T06:27:15.848597,ETH-USDT,3617.16,3617.17,0.5,0.0362
2025-07-25T06:27:16.149224,XRP-USDT,3.06367,3.06388,651.13,163.0
2025-07-25T06:27:16.150309,SOL-USDT,177.7636,177.7954,1.487,0.168
2025-07-25T06:27:16.250966,SOL-USDT,177.7865,177.8367,3.71,0.168
2025-07-25T06:27:16.383088,ETH-USDT,3617.16,3617.17,3.2645,0.0362
2025-07-25T06:27:16.383376,XRP-USDT,3.06384,3.06388,657.64,163.0
2025-07-25T06:27:16.385150,SOL-USDT,177.7988,177.8367,6.589,0.168
2025-07-25T06:27:16.448770,ETH-USDT,3617.23,3617.24,6.7153,3.786
2025-07-25T06:27:16.448856,XRP-USDT,3.06384,3.06431,378.0,163.0
2025-07-25T06:27:16.450002,SOL-USDT,177.8103,177.8167,1.473,1.479
2025-07-25T06:27:16.450231,LTC-USDT,110.24,110.29,2.97,2.97
2025-07-25T06:27:16.549343,LTC-USDT,110.24,110.29,2.97,3.055
2025-07-25T06:27:16.648426,BTC-USDT,115295.87,115295.88,0.416691,0.522818
2025-07-25T06:27:16.648715,ETH-USDT,3617.23,3617.24,3.552,6.5505
2025-07-25T06:27:16.648926,XRP-USDT,3.06411,3.06431,675.22,163.0
2025-07-25T06:27:16.749472,ETH-USDT,3617.23,3617.24,3.552,3.786
2025-07-25T06:27:16.849337,XRP-USDT,3.06419,3.06431,666.83,163.0
2025-07-25T06:27:16.949005,ETH-USDT,3617.31,3617.32,3.8988,2.8019
2025-07-25T06:27:16.949298,XRP-USDT,3.06427,3.06464,651.64,264.0
2025-07-25T06:27:16.951145,SOL-USDT,177.8148,177.8543,6.716,5.527
2025-07-25T06:27:16.951186,LTC-USDT,110.24,110.29,2.97,2.97
2025-07-25T06:27:17.048507,XRP-USDT,3.06435,3.06463,676.82,163.0
2025-07-25T06:27:17.050750,SOL-USDT,177.8196,177.8543,1.47,5.527
2025-07-25T06:27:17.050932,LTC-USDT,110.26,110.29,2.97,2.97
2025-07-25T06:27:17.148947,ETH-USDT,3617.31,3617.32,3.5,2.8019
2025-07-25T06:27:17.149115,XRP-USDT,3.06435,3.06461,676.82,378.0
2025-07-25T06:27:17.150298,SOL-USDT,177.8196,177.8287,1.47,1.512
2025-07-25T06:27:17.150662,LTC-USDT,110.28,110.34,1.7,5.347
2025-07-25T06:27:17.249072,BTC-USDT,115295.87,115295.88,0.411692,0.522818
2025-07-25T06:27:17.249247,XRP-USDT,3.06435,3.06456,676.82,378.0
2025-07-25T06:27:17.251374,LTC-USDT,110.28,110.32,1.7,3.1819
2025-07-25T06:27:17.349398,XRP-USDT,3.06435,3.06461,676.82,284.69
2025-07-25T06:27:17.349996,LTC-USDT,110.28,110.32,4.67,3.1819
2025-07-25T06:27:17.448591,XRP-USDT,3.06435,3.0646,676.82,163.0
2025-07-25T06:27:17.449282,LTC-USDT,110.28,110.32,4.67,3.2669
2025-07-25T06:27:17.553520,XRP-USDT,3.06435,3.06447,676.82,378.0
2025-07-25T06:27:17.648921,XRP-USDT,3.06435,3.06458,676.82,541.0
2025-07-25T06:27:17.750336,ETH-USDT,3617.23,3617.24,0.052,0.5357
2025-07-25T06:27:17.750624,XRP-USDT,3.06435,3.06436,61.0,642.0
2025-07-25T06:27:17.752011,SOL-USDT,177.7745,177.8095,5.298,1.555
2025-07-25T06:27:17.752150,LTC-USDT,110.28,110.32,1.7,3.1819
2025-07-25T06:27:17.849731,ETH-USDT,3616.52,3617.22,0.0078,0.328
2025-07-25T06:27:17.851138,LTC-USDT,110.28,110.32,1.7,3.2669
2025-07-25T06:27:17.949569,ETH-USDT,3616.83,3617.07,0.5,0.5
2025-07-25T06:27:17.950671,SOL-USDT,177.7966,177.8095,1.474,1.555
2025-07-25T06:27:18.048684,ETH-USDT,3616.8,3617.07,0.0373,1.0
2025-07-25T06:27:18.049018,XRP-USDT,3.06435,3.06436,61.0,922.34
2025-07-25T06:27:18.249368,LTC-USDT,110.28,110.32,1.7,3.1819
2025-07-25T06:27:18.448919,SOL-USDT,177.7966,177.8019,1.474,1.515
2025-07-25T06:27:18.648995,LTC-USDT,110.28,110.32,1.7,3.2669
2025-07-25T06:27:18.749071,ETH-USDT,3616.8,3616.93,0.0373,0.4995
2025-07-25T06:27:18.749133,XRP-USDT,3.06435,3.06436,811.06,922.34
2025-07-25T06:27:18.749329,LTC-USDT,110.28,110.32,1.7,3.1819
2025-07-25T06:27:18.848287,XRP-USDT,3.06435,3.06436,811.06,658.34
2025-07-25T06:27:18.849575,LTC-USDT,110.28,110.32,1.7,3.2669
2025-07-25T06:27:18.948070,ETH-USDT,3616.92,3616.93,3.5,0.4995
2025-07-25T06:27:18.949243,LTC-USDT,110.28,110.32,1.7,3.1819
2025-07-25T06:27:19.048485,XRP-USDT,3.06435,3.06436,811.06,821.34
2025-07-25T06:27:19.149427,XRP-USDT,3.06435,3.06436,750.06,821.34
2025-07-25T06:27:19.247989,ETH-USDT,3616.92,3616.93,6.2646,0.4995
2025-07-25T06:27:19.249246,SOL-USDT,177.7966,177.8019,6.604,1.515
2025-07-25T06:27:19.366346,ETH-USDT,3616.93,3616.94,3.9984,0.0373
2025-07-25T06:27:19.366388,SOL-USDT,177.7745,177.8017,24.236,22.497
2025-07-25T06:27:19.366415,LTC-USDT,110.28,110.32,1.7,3.2669
2025-07-25T06:27:19.451895,BTC-USDT,115295.87,115295.88,0.262123,0.522818
2025-07-25T06:27:19.452097,ETH-USDT,3616.18,3616.19,0.0067,0.7681
2025-07-25T06:27:19.452285,XRP-USDT,3.06275,3.06355,642.0,378.0
2025-07-25T06:27:19.454998,SOL-USDT,177.6002,177.6926,67.492,5.13
2025-07-25T06:27:19.455200,LTC-USDT,110.24,110.29,50.497,4.67
2025-07-25T06:27:19.553133,BTC-USDT,115295.87,115295.88,0.001923,0.846708
2025-07-25T06:27:19.553563,ETH-USDT,3616.05,3616.06,0.1307,0.5
2025-07-25T06:27:19.553764,XRP-USDT,3.06297,3.06377,500.0,378.0
2025-07-25T06:27:19.555997,SOL-USDT,177.6965,177.7569,67.492,5.13
2025-07-25T06:27:19.556261,LTC-USDT,110.22,110.28,2.97,5.347
2025-07-25T06:27:19.649446,ETH-USDT,3616.29,3616.3,0.1307,0.5
2025-07-25T06:27:19.649492,XRP-USDT,3.06363,3.06368,299.37,378.0
2025-07-25T06:27:19.650899,SOL-USDT,177.7009,177.7314,67.492,5.13
2025-07-25T06:27:19.749910,ETH-USDT,3616.29,3616.3,2.8039,0.5
2025-07-25T06:27:19.750718,SOL-USDT,177.6771,177.6898,1.468,1.455
2025-07-25T06:27:19.851248,XRP-USDT,3.06364,3.06368,162.0,378.0
2025-07-25T06:27:19.851656,SOL-USDT,177.6771,177.6839,1.468,1.478
2025-07-25T06:27:19.948103,XRP-USDT,3.06312,3.06368,500.0,264.0
2025-07-25T06:27:20.049174,XRP-USDT,3.06351,3.06369,296.68,273.05
2025-07-25T06:27:20.150108,XRP-USDT,3.06352,3.06363,162.0,378.0
2025-07-25T06:27:20.348370,BTC-USDT,115295.87,115295.88,0.001923,1.054805
2025-07-25T06:27:20.348595,ETH-USDT,3616.29,3616.3,2.8039,3.2652
2025-07-25T06:27:20.350090,LTC-USDT,110.19,110.26,5.347,2.377
2025-07-25T06:27:20.448633,ETH-USDT,3616.29,3616.3,2.8039,0.5
2025-07-25T06:27:20.450093,SOL-USDT,177.6449,177.6795,5.298,1.586
2025-07-25T06:27:20.450302,LTC-USDT,110.2,110.26,2.97,2.377
2025-07-25T06:27:20.549402,SOL-USDT,177.6493,177.6795,3.71,1.586
2025-07-25T06:27:20.549462,LTC-USDT,110.2,110.26,2.97,5.347
2025-07-25T06:27:20.648406,ETH-USDT,3616.41,3616.43,0.0376,0.5
2025-07-25T06:27:20.648626,XRP-USDT,3.06352,3.06369,540.0,273.05
2025-07-25T06:27:20.650055,SOL-USDT,177.6727,177.6795,1.504,1.586
2025-07-25T06:27:20.650305,LTC-USDT,110.21,110.26,2.97,5.347
2025-07-25T06:27:20.748662,ETH-USDT,3616.56,3616.57,2.8957,0.0398
2025-07-25T06:27:20.748945,SOL-USDT,177.6727,177.6794,1.504,11.345
2025-07-25T06:27:21.049981,ETH-USDT,3616.74,3617.1,0.5,3.78
2025-07-25T06:27:21.050206,XRP-USDT,3.06361,3.06425,378.0,378.0
2025-07-25T06:27:21.051648,SOL-USDT,177.6772,177.6794,1.55,11.345
2025-07-25T06:27:21.051882,LTC-USDT,110.21,110.26,2.97,2.97
2025-07-25T06:27:21.150052,ETH-USDT,3616.91,3616.92,0.1307,0.5
2025-07-25T06:27:21.151507,SOL-USDT,177.7097,177.7427,67.492,5.13
2025-07-25T06:27:21.250460,ETH-USDT,3616.91,3616.92,2.7646,0.5388
2025-07-25T06:27:21.252287,XRP-USDT,3.06393,3.06404,280.88,378.0
2025-07-25T06:27:21.252685,SOL-USDT,177.6881,177.6902,0.168,1.518
2025-07-25T06:27:21.349102,XRP-USDT,3.06393,3.06399,280.88,163.0
2025-07-25T06:27:21.350325,SOL-USDT,177.6793,177.6902,5.249,1.518
2025-07-25T06:27:21.448060,BTC-USDT,115295.87,115295.88,0.001923,0.846708
2025-07-25T06:27:21.448421,XRP-USDT,3.06393,3.06399,280.88,163.0
2025-07-25T06:27:21.549767,ETH-USDT,3616.91,3617.1,3.9606,3.78
2025-07-25T06:27:21.550336,XRP-USDT,3.06403,3.06437,282.69,163.0
2025-07-25T06:27:21.553218,LTC-USDT,110.22,110.27,2.97,5.432
2025-07-25T06:27:21.649145,ETH-USDT,3617.23,3617.24,3.6307,0.5
2025-07-25T06:27:21.650632,SOL-USDT,177.6967,177.7356,1.44,9.006
2025-07-25T06:27:21.651728,LTC-USDT,110.23,110.27,2.97,2.97
2025-07-25T06:27:21.749495,BTC-USDT,115295.87,115295.88,0.001923,0.586508
2025-07-25T06:27:21.749555,ETH-USDT,3617.23,3617.24,3.5,0.5
2025-07-25T06:27:21.750232,SOL-USDT,177.7095,177.7356,67.492,9.006
2025-07-25T06:27:21.848297,ETH-USDT,3617.23,3617.24,3.552,3.3026
2025-07-25T06:27:21.848470,XRP-USDT,3.06403,3.06429,282.69,541.0
2025-07-25T06:27:21.849463,SOL-USDT,177.7095,177.7096,67.492,1.541
2025-07-25T06:27:21.849674,LTC-USDT,110.25,110.27,2.97,2.97
2025-07-25T06:27:21.947989,XRP-USDT,3.06403,3.06421,282.69,163.0
2025-07-25T06:27:21.949043,LTC-USDT,110.22,110.27,2.97,2.97
2025-07-25T06:27:22.049231,LTC-USDT,110.23,110.27,2.97,2.97
2025-07-25T06:27:22.151084,SOL-USDT,177.7095,177.7356,67.492,9.006
2025-07-25T06:27:22.349410,XRP-USDT,3.06404,3.06429,540.0,163.0
2025-07-25T06:27:22.349481,SOL-USDT,177.7095,177.7107,67.492,1.55
2025-07-25T06:27:22.349622,LTC-USDT,110.25,110.27,2.97,2.97
2025-07-25T06:27:22.650001,SOL-USDT,177.7096,177.7561,8.84,0.168
2025-07-25T06:27:22.650044,LTC-USDT,110.25,110.28,2.97,2.97
2025-07-25T06:27:22.749618,ETH-USDT,3617.23,3617.24,3.552,0.0381
2025-07-25T06:27:22.749940,XRP-USDT,3.06416,3.06429,295.54,163.0
2025-07-25T06:27:22.752021,SOL-USDT,177.7463,177.7561,67.492,0.168
2025-07-25T06:27:22.752237,LTC-USDT,110.25,110.3,2.97,2.97
2025-07-25T06:27:22.852269,ETH-USDT,3617.23,3617.24,3.552,2.8026
2025-07-25T06:27:22.852322,XRP-USDT,3.06426,3.06466,540.0,378.0
2025-07-25T06:27:22.854296,SOL-USDT,177.7463,177.7738,67.492,20.202
2025-07-25T06:27:22.855043,LTC-USDT,110.26,110.3,2.97,2.97
2025-07-25T06:27:22.949103,ETH-USDT,3617.23,3617.24,3.552,0.0381
2025-07-25T06:27:22.949177,XRP-USDT,3.06455,3.06483,657.17,281.96
2025-07-25T06:27:22.950622,SOL-USDT,177.7463,177.7464,67.492,1.447
2025-07-25T06:27:22.950850,LTC-USDT,110.26,110.32,2.97,2.97
2025-07-25T06:27:23.048369,XRP-USDT,3.06462,3.06487,660.28,163.0
2025-07-25T06:27:23.149137,SOL-USDT,177.7355,177.7407,1.504,1.44
2025-07-25T06:27:23.248995,XRP-USDT,3.06462,3.06485,660.28,163.0
2025-07-25T06:27:23.349382,ETH-USDT,3617.23,3617.35,3.552,3.776
2025-07-25T06:27:23.349454,XRP-USDT,3.06474,3.06481,668.83,163.0
2025-07-25T06:27:23.350594,LTC-USDT,110.26,110.32,2.97,3.055
2025-07-25T06:27:23.450881,ETH-USDT,3617.34,3617.35,6.3951,3.776
2025-07-25T06:27:23.451043,XRP-USDT,3.0648,3.06481,662.9,163.0
2025-07-25T06:27:23.452272,SOL-USDT,177.7355,177.7407,6.634,1.44
2025-07-25T06:27:23.452492,LTC-USDT,110.26,110.32,2.97,2.97
2025-07-25T06:27:23.547985,ETH-USDT,3617.34,3617.35,6.2644,3.776
2025-07-25T06:27:23.648528,ETH-USDT,3617.34,3617.35,6.2644,7.0795
2025-07-25T06:27:23.649366,XRP-USDT,3.0648,3.06481,284.9,163.0
2025-07-25T06:27:23.749391,LTC-USDT,110.26,110.32,2.97,3.055
2025-07-25T06:27:23.848969,LTC-USDT,110.26,110.32,2.97,2.97
2025-07-25T06:27:23.951991,SOL-USDT,177.7355,177.7407,1.504,1.44
2025-07-25T06:27:24.048382,LTC-USDT,110.26,110.32,2.97,3.055
2025-07-25T06:27:24.149088,LTC-USDT,110.26,110.32,2.97,2.97
2025-07-25T06:27:24.247555,ETH-USDT,3617.34,3617.35,3.5,0.5391
2025-07-25T06:27:24.389930,ETH-USDT,3617.23,3617.29,0.052,0.5
2025-07-25T06:27:24.389997,XRP-USDT,3.0648,3.06481,284.9,541.0
2025-07-25T06:27:24.391285,LTC-USDT,110.26,110.32,2.97,5.432
2025-07-25T06:27:24.451513,ETH-USDT,3617.23,3617.24,0.052,0.9378
2025-07-25T06:27:24.452235,XRP-USDT,3.0648,3.06481,970.97,541.0
2025-07-25T06:27:24.453134,LTC-USDT,110.26,110.32,2.97,5.347
2025-07-25T06:27:24.548206,ETH-USDT,3617.09,3617.1,0.1307,0.8045
2025-07-25T06:27:24.549608,LTC-USDT,110.26,110.31,2.97,5.347
2025-07-25T06:27:24.648343,ETH-USDT,3616.94,3616.95,3.1307,0.5
2025-07-25T06:27:24.648618,XRP-USDT,3.0648,3.06481,686.07,541.0
2025-07-25T06:27:24.748832,XRP-USDT,3.0648,3.06481,686.07,541.0
2025-07-25T06:27:24.749974,LTC-USDT,110.26,110.31,2.97,5.432
2025-07-25T06:27:24.848925,BTC-USDT,115295.87,115295.88,0.001923,0.846708
2025-07-25T06:27:24.951500,BTC-USDT,115295.87,115295.88,0.001923,0.586508
2025-07-25T06:27:24.951767,ETH-USDT,3616.94,3616.95,3.0,0.5
2025-07-25T06:27:24.953850,SOL-USDT,177.7182,177.7407,46.012,1.44
2025-07-25T06:27:25.049270,ETH-USDT,3616.62,3616.63,0.0039,0.8988
2025-07-25T06:27:25.049926,XRP-USDT,3.0648,3.06481,686.07,1528.22
2025-07-25T06:27:25.148840,ETH-USDT,3616.53,3616.54,0.0025,0.5
2025-07-25T06:27:25.149104,SOL-USDT,177.7185,177.7362,22.505,1.523
2025-07-25T06:27:25.248594,BTC-USDT,115295.87,115295.88,0.001923,0.846708
2025-07-25T06:27:25.249075,ETH-USDT,3616.53,3616.54,0.0402,0.5
2025-07-25T06:27:25.348544,BTC-USDT,115295.87,115295.88,0.001923,1.054805
2025-07-25T06:27:25.348605,ETH-USDT,3616.53,3616.54,5.8027,3.265
2025-07-25T06:27:25.348890,XRP-USDT,3.0648,3.06481,686.07,1514.37
2025-07-25T06:27:25.349656,LTC-USDT,110.26,110.31,2.97,5.347
2025-07-25T06:27:25.449272,XRP-USDT,3.0648,3.06481,686.07,1589.22
2025-07-25T06:27:25.451546,SOL-USDT,177.6712,177.7084,5.13,1.544
2025-07-25T06:27:25.549542,SOL-USDT,177.673,177.7032,5.13,1.544
2025-07-25T06:27:25.651454,XRP-USDT,3.06371,3.06404,662.0,378.0
2025-07-25T06:27:25.748570,XRP-USDT,3.06415,3.06416,270.06,378.0
2025-07-25T06:27:25.750009,LTC-USDT,110.26,110.31,2.97,5.432
2025-07-25T06:27:25.849114,SOL-USDT,177.693,177.7032,1.53,1.544
2025-07-25T06:27:25.950099,XRP-USDT,3.06415,3.06426,270.06,378.0
2025-07-25T06:27:26.148827,LTC-USDT,110.26,110.31,2.97,5.347
2025-07-25T06:27:26.248233,XRP-USDT,3.0638,3.06416,162.0,378.0
2025-07-25T06:27:26.348061,XRP-USDT,3.06381,3.06416,540.0,378.0
2025-07-25T06:27:26.555402,BTC-USDT,115295.87,115295.88,0.001923,0.846708
2025-07-25T06:27:26.555838,ETH-USDT,3616.53,3616.54,6.3027,0.5
2025-07-25T06:27:26.556975,XRP-USDT,3.0641,3.06425,665.02,163.0
2025-07-25T06:27:26.559500,SOL-USDT,177.673,177.6771,5.13,1.469
2025-07-25T06:27:26.651240,ETH-USDT,3616.69,3617.01,3.5,0.5
2025-07-25T06:27:26.651691,XRP-USDT,3.06424,3.0648,439.0,163.0
2025-07-25T06:27:26.653859,SOL-USDT,177.6734,177.7032,8.84,1.544
2025-07-25T06:27:26.653900,LTC-USDT,110.26,110.31,2.97,5.432
2025-07-25T06:27:26.749139,ETH-USDT,3616.86,3616.87,3.1307,0.537
2025-07-25T06:27:26.749394,XRP-USDT,3.06425,3.0648,642.0,163.0
2025-07-25T06:27:26.752665,LTC-USDT,110.26,110.3,2.97,2.97
2025-07-25T06:27:26.848242,ETH-USDT,3616.94,3617.17,0.5,0.5
2025-07-25T06:27:26.848450,XRP-USDT,3.0646,3.0648,664.54,163.0
2025-07-25T06:27:26.849539,SOL-USDT,177.6945,177.7032,6.621,1.544
2025-07-25T06:27:26.950042,ETH-USDT,3617.16,3617.17,2.7645,0.5
2025-07-25T06:27:26.952071,SOL-USDT,177.695,177.7032,8.84,1.544
2025-07-25T06:27:27.087512,ETH-USDT,3617.16,3617.17,2.7645,3.2645
2025-07-25T06:27:27.149091,BTC-USDT,115295.87,115295.88,0.001923,0.586508
2025-07-25T06:27:27.149374,ETH-USDT,3617.16,3617.17,2.7645,0.5892
2025-07-25T06:27:27.150906,SOL-USDT,177.7041,177.7693,3.71,3.71
2025-07-25T06:27:27.151237,LTC-USDT,110.28,110.31,5.632,2.97
2025-07-25T06:27:27.248282,XRP-USDT,3.06486,3.06543,281.73,378.0
2025-07-25T06:27:27.250489,SOL-USDT,177.7041,177.7644,8.84,5.13
2025-07-25T06:27:27.250544,LTC-USDT,110.26,110.3,2.97,2.97
2025-07-25T06:27:27.348624,XRP-USDT,3.06486,3.06544,281.73,264.0
2025-07-25T06:27:27.353505,SOL-USDT,177.7221,177.7715,22.505,3.71
2025-07-25T06:27:27.448375,XRP-USDT,3.06493,3.06545,673.67,163.0
2025-07-25T06:27:27.449393,SOL-USDT,177.727,177.771,1.546,5.13
2025-07-25T06:27:27.549378,ETH-USDT,3616.87,3616.88,6.9653,0.2681
2025-07-25T06:27:27.549434,XRP-USDT,3.06524,3.06525,439.0,163.0
2025-07-25T06:27:27.551273,SOL-USDT,177.727,177.7384,1.546,1.446
2025-07-25T06:27:27.648186,ETH-USDT,3617.04,3617.05,3.3953,0.5
2025-07-25T06:27:27.748023,ETH-USDT,3617.04,3617.05,3.9606,0.552
2025-07-25T06:27:27.851024,XRP-USDT,3.06526,3.06574,661.78,163.0
2025-07-25T06:27:27.852721,SOL-USDT,177.7318,177.7723,6.647,0.168
2025-07-25T06:27:27.852991,LTC-USDT,110.28,110.3,2.97,2.97
2025-07-25T06:27:27.961221,ETH-USDT,3617.11,3617.48,0.696,0.5
2025-07-25T06:27:27.961433,XRP-USDT,3.06561,3.06574,292.07,163.0
2025-07-25T06:27:27.962032,LTC-USDT,110.27,110.31,5.347,3.055
2025-07-25T06:27:28.050905,ETH-USDT,3617.3,3617.42,0.5,0.5
2025-07-25T06:27:28.051208,LTC-USDT,110.28,110.33,2.97,2.377
2025-07-25T06:27:28.151284,ETH-USDT,3617.0,3617.31,0.5,0.0393
2025-07-25T06:27:28.152855,XRP-USDT,3.06573,3.06574,439.0,163.0
2025-07-25T06:27:28.152908,SOL-USDT,177.7318,177.7434,6.647,1.599
2025-07-25T06:27:28.250256,ETH-USDT,3617.3,3617.31,0.1307,0.0393
2025-07-25T06:27:28.252369,LTC-USDT,110.28,110.32,2.97,2.97
2025-07-25T06:27:28.349033,ETH-USDT,3617.3,3617.31,3.5,0.0393
2025-07-25T06:27:28.350077,LTC-USDT,110.3,110.32,2.97,2.97
2025-07-25T06:27:28.447404,BTC-USDT,115295.87,115295.88,0.151492,0.586508
2025-07-25T06:27:28.848102,BTC-USDT,115295.87,115295.88,0.151492,0.522818
2025-07-25T06:27:28.949239,SOL-USDT,177.7369,177.7723,6.583,0.168
2025-07-25T06:27:29.057688,ETH-USDT,3617.3,3617.31,6.2644,0.0393
2025-07-25T06:27:29.057952,XRP-USDT,3.06573,3.06592,601.0,100.0
2025-07-25T06:27:29.059953,SOL-USDT,177.7416,177.7723,6.678,0.168
2025-07-25T06:27:29.060173,LTC-USDT,110.3,110.34,2.97,5.525
2025-07-25T06:27:29.153619,SOL-USDT,177.7464,177.7555,6.692,1.447
2025-07-25T06:27:29.153687,LTC-USDT,110.31,110.34,2.97,5.525
2025-07-25T06:27:29.251272,LTC-USDT,110.31,110.34,2.97,2.555
2025-07-25T06:27:29.350358,LTC-USDT,110.31,110.34,2.97,5.525
2025-07-25T06:27:29.450893,LTC-USDT,110.31,110.34,2.97,2.555
2025-07-25T06:27:29.547736,XRP-USDT,3.06574,3.06592,642.0,100.0
2025-07-25T06:27:29.649057,XRP-USDT,3.06578,3.06592,540.0,100.0
2025-07-25T06:27:29.747380,ETH-USDT,3617.3,3617.31,3.5,0.0393
2025-07-25T06:27:29.747584,XRP-USDT,3.06586,3.06592,540.0,100.0
2025-07-25T06:27:29.748718,LTC-USDT,110.33,110.34,1.7,2.555
2025-07-25T06:27:29.848887,BTC-USDT,115295.87,115295.88,0.001923,0.522818
2025-07-25T06:27:29.848930,ETH-USDT,3617.3,3617.31,6.2644,0.0393
2025-07-25T06:27:29.951146,ETH-USDT,3617.3,3617.31,6.2644,2.8037
2025-07-25T06:27:30.049841,ETH-USDT,3617.3,3617.31,3.5,2.8037
2025-07-25T06:27:30.154993,BTC-USDT,115295.87,115295.88,0.001923,0.783018
2025-07-25T06:27:30.155037,ETH-USDT,3616.98,3617.13,0.0043,0.5
2025-07-25T06:27:30.155073,XRP-USDT,3.06586,3.0659,162.0,378.0
2025-07-25T06:27:30.155102,SOL-USDT,177.7464,177.7555,1.562,1.447
2025-07-25T06:27:30.249989,BTC-USDT,115295.87,115295.88,0.001923,0.586508
2025-07-25T06:27:30.250318,ETH-USDT,3616.98,3617.14,0.1307,0.5
2025-07-25T06:27:30.250360,XRP-USDT,3.06573,3.06579,61.0,288.94
2025-07-25T06:27:30.252574,LTC-USDT,110.31,110.34,2.97,2.555
2025-07-25T06:27:30.349907,ETH-USDT,3616.99,3617.0,0.6307,0.5
2025-07-25T06:27:30.349975,XRP-USDT,3.06578,3.06579,439.0,288.94
2025-07-25T06:27:30.352071,LTC-USDT,110.31,110.33,2.97,2.97
2025-07-25T06:27:30.448574,ETH-USDT,3617.11,3617.12,0.1307,3.3531
2025-07-25T06:27:30.450085,LTC-USDT,110.31,110.34,2.97,2.555
2025-07-25T06:27:30.548889,ETH-USDT,3616.96,3616.97,2.8011,0.3988
2025-07-25T06:27:30.649870,ETH-USDT,3616.97,3617.12,0.5498,0.0885
2025-07-25T06:27:30.747393,ETH-USDT,3616.97,3616.98,3.5,0.3988
2025-07-25T06:27:30.747816,XRP-USDT,3.06578,3.06579,61.0,288.94
2025-07-25T06:27:30.749892,SOL-USDT,177.7246,177.7555,8.84,1.447
2025-07-25T06:27:30.750151,LTC-USDT,110.31,110.33,2.97,2.97
2025-07-25T06:27:30.848812,BTC-USDT,115295.87,115295.88,0.001923,0.846708
2025-07-25T06:27:30.848871,ETH-USDT,3616.96,3616.97,0.0365,0.7681
2025-07-25T06:27:30.849138,XRP-USDT,3.06459,3.06545,264.0,264.0
2025-07-25T06:27:30.850063,SOL-USDT,177.7313,177.7555,45.947,1.447
2025-07-25T06:27:30.950249,XRP-USDT,3.06483,3.06546,500.0,295.48
2025-07-25T06:27:30.950308,LTC-USDT,110.3,110.33,2.97,2.97
2025-07-25T06:27:31.047567,BTC-USDT,115295.87,115295.88,0.001923,0.586508
2025-07-25T06:27:31.047772,ETH-USDT,3616.96,3617.12,6.3011,0.052
2025-07-25T06:27:31.048003,XRP-USDT,3.0649,3.06537,1040.0,273.56
2025-07-25T06:27:31.049045,SOL-USDT,177.7418,177.7509,6.713,1.563
2025-07-25T06:27:31.148193,ETH-USDT,3617.11,3617.12,2.7646,2.8166
2025-07-25T06:27:31.148256,XRP-USDT,3.06523,3.06537,540.0,273.56
2025-07-25T06:27:31.149090,SOL-USDT,177.7418,177.7509,1.583,1.563
2025-07-25T06:27:31.248230,BTC-USDT,115295.87,115295.88,0.001923,0.846708
2025-07-25T06:27:31.248279,ETH-USDT,3617.11,3617.12,2.7646,3.3166
2025-07-25T06:27:31.248506,XRP-USDT,3.06523,3.06537,540.0,651.56
2025-07-25T06:27:31.359146,ETH-USDT,3616.82,3617.12,0.0042,2.8563
2025-07-25T06:27:31.359205,XRP-USDT,3.06523,3.06535,162.0,378.0
2025-07-25T06:27:31.360504,SOL-USDT,177.7217,177.737,22.505,1.454
2025-07-25T06:27:31.360653,LTC-USDT,110.29,110.33,53.701,2.97
2025-07-25T06:27:31.449827,ETH-USDT,3616.78,3616.79,3.1307,0.5
2025-07-25T06:27:31.449894,XRP-USDT,3.06492,3.06516,540.0,271.35
2025-07-25T06:27:31.451069,SOL-USDT,177.7089,177.7324,8.84,1.458
2025-07-25T06:27:31.549490,ETH-USDT,3616.78,3616.79,5.9345,0.5
2025-07-25T06:27:31.549548,XRP-USDT,3.06492,3.06514,162.0,378.0
2025-07-25T06:27:31.550506,SOL-USDT,177.7089,177.7599,8.84,5.13
2025-07-25T06:27:31.648856,ETH-USDT,3616.78,3616.79,5.8038,3.2648
2025-07-25T06:27:31.649039,XRP-USDT,3.06494,3.06514,162.0,378.0
2025-07-25T06:27:31.650551,SOL-USDT,177.7134,177.725,1.548,1.504
2025-07-25T06:27:31.853212,SOL-USDT,177.7045,177.7201,0.168,1.494
2025-07-25T06:27:31.950716,SOL-USDT,177.6928,177.7149,45.929,1.457
2025-07-25T06:27:31.951051,LTC-USDT,110.29,110.33,53.701,2.97
2025-07-25T06:27:32.047306,XRP-USDT,3.06495,3.06514,162.0,378.0
2025-07-25T06:27:32.048309,SOL-USDT,177.6862,177.7149,8.84,1.457
2025-07-25T06:27:32.149049,LTC-USDT,110.3,110.33,2.97,2.97
2025-07-25T06:27:32.248172,XRP-USDT,3.06495,3.06514,540.0,378.0
2025-07-25T06:27:32.250582,SOL-USDT,177.7023,177.7149,1.545,1.457
2025-07-25T06:27:32.347891,SOL-USDT,177.6862,177.7087,8.84,1.483
2025-07-25T06:27:32.589561,SOL-USDT,177.6975,177.7087,1.55,1.483
2025-07-25T06:27:32.849312,ETH-USDT,3616.78,3616.79,3.0,3.2648
2025-07-25T06:27:32.849494,XRP-USDT,3.06464,3.06496,378.0,673.94
2025-07-25T06:27:32.851080,LTC-USDT,110.29,110.33,53.701,2.97
2025-07-25T06:27:32.949256,XRP-USDT,3.06416,3.06476,1040.0,378.0
2025-07-25T06:27:32.950496,SOL-USDT,177.6815,177.7023,45.92,1.598
2025-07-25T06:27:32.950702,LTC-USDT,110.29,110.33,53.701,2.97
2025-07-25T06:27:33.049505,ETH-USDT,3616.49,3616.5,6.7619,0.8988
2025-07-25T06:27:33.049711,XRP-USDT,3.06418,3.06476,1040.0,378.0
2025-07-25T06:27:33.050764,SOL-USDT,177.6806,177.6963,22.505,1.545
2025-07-25T06:27:33.148280,ETH-USDT,3616.49,3616.5,6.7964,0.5
2025-07-25T06:27:33.148485,XRP-USDT,3.06451,3.06476,540.0,378.0
2025-07-25T06:27:33.151075,SOL-USDT,177.6913,177.6963,1.505,1.545
2025-07-25T06:27:33.151236,LTC-USDT,110.29,110.33,5.732,2.97
2025-07-25T06:27:33.249015,XRP-USDT,3.06453,3.06476,540.0,378.0
2025-07-25T06:27:33.250106,LTC-USDT,110.28,110.33,2.97,2.97
2025-07-25T06:27:33.450119,XRP-USDT,3.06453,3.06476,162.0,378.0
2025-07-25T06:27:33.550296,LTC-USDT,110.28,110.33,2.97,2.97
2025-07-25T06:27:33.651088,ETH-USDT,3616.49,3616.5,3.0384,0.5
2025-07-25T06:27:33.748651,XRP-USDT,3.06453,3.06476,540.0,378.0
2025-07-25T06:27:33.847987,ETH-USDT,3616.49,3616.5,3.0784,0.5
2025-07-25T06:27:33.947775,XRP-USDT,3.06453,3.06454,162.0,658.85
2025-07-25T06:27:33.948839,LTC-USDT,110.28,110.32,2.97,2.97
2025-07-25T06:27:34.249241,XRP-USDT,3.06453,3.06473,162.0,378.0
2025-07-25T06:27:34.348958,XRP-USDT,3.06377,3.06452,500.0,378.0
2025-07-25T06:27:34.447540,XRP-USDT,3.06411,3.06452,540.0,378.0
2025-07-25T06:27:34.547547,XRP-USDT,3.06411,3.06456,540.0,378.0
2025-07-25T06:27:34.549212,LTC-USDT,110.28,110.31,2.97,2.97
2025-07-25T06:27:34.656466,BTC-USDT,115295.0,115295.01,0.00011,0.685028
2025-07-25T06:27:34.657374,ETH-USDT,3615.27,3615.77,0.0025,0.696
2025-07-25T06:27:34.657417,XRP-USDT,3.06342,3.06388,2.99,378.0
2025-07-25T06:27:34.660975,SOL-USDT,177.6518,177.6666,1.5,1.453
2025-07-25T06:27:34.661485,LTC-USDT,110.23,110.29,2.377,1.7
2025-07-25T06:27:34.752597,ETH-USDT,3614.15,3614.75,0.4304,1.9995
2025-07-25T06:27:34.752918,XRP-USDT,3.0625,3.06342,264.0,378.0
2025-07-25T06:27:34.755755,SOL-USDT,177.6518,177.6619,1.5,1.552
2025-07-25T06:27:34.755815,LTC-USDT,110.2,110.28,2.377,2.377
2025-07-25T06:27:34.852657,ETH-USDT,3614.53,3614.54,0.0371,0.3988
2025-07-25T06:27:34.853029,XRP-USDT,3.06278,3.06342,264.0,378.0
2025-07-25T06:27:34.855560,LTC-USDT,110.21,110.28,2.97,2.377
2025-07-25T06:27:34.949730,BTC-USDT,115295.0,115295.01,0.00011,0.6845925952066789
2025-07-25T06:27:34.950069,ETH-USDT,3614.53,3614.54,0.0371,0.8988
2025-07-25T06:27:34.950392,XRP-USDT,3.06303,3.06342,162.0,278.0
2025-07-25T06:27:34.952008,LTC-USDT,110.22,110.28,2.97,2.377
2025-07-25T06:27:35.051703,BTC-USDT,115295.0,115295.01,0.00011,0.535023595206679
2025-07-25T06:27:35.052057,ETH-USDT,3614.53,3614.54,0.0371,0.3988
2025-07-25T06:27:35.052516,XRP-USDT,3.06303,3.06342,162.0,542.0
2025-07-25T06:27:35.148972,XRP-USDT,3.06303,3.06329,162.0,291.56
2025-07-25T06:27:35.150000,LTC-USDT,110.22,110.28,2.97,2.462
2025-07-25T06:27:35.249348,ETH-USDT,3614.75,3614.76,0.1307,0.0382
2025-07-25T06:27:35.249393,XRP-USDT,3.06316,3.06327,162.0,378.0
2025-07-25T06:27:35.251726,SOL-USDT,177.6565,177.6619,1.558,1.552
2025-07-25T06:27:35.252122,LTC-USDT,110.22,110.27,2.97,2.97
2025-07-25T06:27:35.449763,BTC-USDT,115295.0,115295.01,0.00011,0.536950595206679
2025-07-25T06:27:35.450017,ETH-USDT,3614.75,3614.76,0.5,0.0382
2025-07-25T06:27:35.450153,XRP-USDT,3.06316,3.06382,162.0,264.0
2025-07-25T06:27:35.451473,SOL-USDT,177.6518,177.6619,1.5,1.552
2025-07-25T06:27:35.548981,BTC-USDT,115291.0,115291.01,0.000258,0.705374
2025-07-25T06:27:35.549282,ETH-USDT,3614.75,3614.76,3.5,3.3046
2025-07-25T06:27:35.549547,XRP-USDT,3.06316,3.06319,162.0,378.0
2025-07-25T06:27:35.551342,LTC-USDT,110.22,110.25,2.97,2.97
2025-07-25T06:27:35.648092,BTC-USDT,115291.0,115291.01,0.000258,0.712074
2025-07-25T06:27:35.648146,XRP-USDT,3.06275,3.06319,378.0,378.0
2025-07-25T06:27:35.749321,XRP-USDT,3.06286,3.063,540.0,378.0
2025-07-25T06:27:35.849635,XRP-USDT,3.06288,3.063,162.0,378.0
2025-07-25T06:27:35.850675,SOL-USDT,177.6563,177.6619,1.59,1.552
2025-07-25T06:27:35.954008,XRP-USDT,3.06294,3.063,162.0,378.0
2025-07-25T06:27:35.954085,SOL-USDT,177.6563,177.6948,1.59,0.168
2025-07-25T06:27:36.049679,ETH-USDT,3614.75,3614.76,6.2664,0.5382
2025-07-25T06:27:36.049970,XRP-USDT,3.06313,3.06325,378.0,378.0
2025-07-25T06:27:36.051548,SOL-USDT,177.6674,177.6947,22.505,7.987
2025-07-25T06:27:36.148778,BTC-USDT,115291.0,115291.01,0.000258,0.861643
2025-07-25T06:27:36.149068,ETH-USDT,3614.75,3614.76,3.5,3.3046
2025-07-25T06:27:36.149262,XRP-USDT,3.06314,3.06349,378.0,163.0
2025-07-25T06:27:36.151060,SOL-USDT,177.6674,177.714,22.505,5.13
2025-07-25T06:27:36.151328,LTC-USDT,110.22,110.25,2.97,2.97
2025-07-25T06:27:36.248352,ETH-USDT,3614.75,3614.76,3.5,0.0382
2025-07-25T06:27:36.248393,XRP-USDT,3.06314,3.06343,378.0,378.0
2025-07-25T06:27:36.250087,SOL-USDT,177.6674,177.6726,22.505,1.49
2025-07-25T06:27:36.348601,BTC-USDT,115291.0,115291.01,0.000258,1.120947
2025-07-25T06:27:36.348923,ETH-USDT,3614.75,3614.76,6.2664,2.8046
2025-07-25T06:27:36.351214,XRP-USDT,3.06315,3.06331,162.0,378.0
2025-07-25T06:27:36.449380,XRP-USDT,3.06315,3.06323,162.0,378.0
2025-07-25T06:27:37.047925,XRP-USDT,3.06304,3.06333,288.14,378.0
2025-07-25T06:27:37.148329,ETH-USDT,3614.75,3614.76,3.5,2.8046
2025-07-25T06:27:37.148381,XRP-USDT,3.06311,3.06328,162.0,378.0
2025-07-25T06:27:37.248110,ETH-USDT,3614.75,3614.76,3.5,0.0382
2025-07-25T06:27:37.248157,XRP-USDT,3.06325,3.06332,378.0,290.1
2025-07-25T06:27:37.248848,LTC-USDT,110.21,110.25,48.113,2.97
2025-07-25T06:27:37.352043,XRP-USDT,3.06325,3.06331,378.0,163.0
2025-07-25T06:27:37.354347,LTC-USDT,110.22,110.25,2.97,2.97
2025-07-25T06:27:37.649850,XRP-USDT,3.0633,3.06331,378.0,163.0
2025-07-25T06:27:37.748460,XRP-USDT,3.0633,3.06331,1148.56,163.0
2025-07-25T06:27:37.948420,BTC-USDT,115285.0,115285.01,0.00076,0.158242
2025-07-25T06:27:37.949835,LTC-USDT,110.22,110.25,2.97,2.97
2025-07-25T06:27:38.089889,BTC-USDT,115285.0,115285.01,0.00076,0.729509
2025-07-25T06:27:38.248686,XRP-USDT,3.0633,3.06331,1888.87,163.0
2025-07-25T06:27:38.349064,BTC-USDT,115285.0,115285.01,0.00076,0.988931
2025-07-25T06:27:38.351446,ETH-USDT,3614.75,3614.76,3.0,3.3046
2025-07-25T06:27:38.452049,ETH-USDT,3614.75,3614.76,3.0,0.5382
2025-07-25T06:27:38.453907,LTC-USDT,110.22,110.23,2.97,1.7
2025-07-25T06:27:38.548227,XRP-USDT,3.0633,3.06331,378.0,163.0
2025-07-25T06:27:38.549431,LTC-USDT,110.22,110.23,7.9188,1.7
2025-07-25T06:27:38.649523,LTC-USDT,110.22,110.23,4.9488,1.7
2025-07-25T06:27:38.750261,BTC-USDT,115285.0,115285.01,0.00076,1.197028
2025-07-25T06:27:38.848620,ETH-USDT,3614.75,3614.76,3.0,3.3046
2025-07-25T06:27:38.948113,XRP-USDT,3.0633,3.06331,1158.43,163.0
2025-07-25T06:27:39.149152,ETH-USDT,3614.75,3614.76,3.0,0.5382
2025-07-25T06:27:39.548616,LTC-USDT,110.22,110.23,4.9488,1.7
2025-07-25T06:27:39.647589,XRP-USDT,3.0633,3.06331,1919.47,163.0
2025-07-25T06:27:39.648695,LTC-USDT,110.22,110.23,4.9488,1.7
2025-07-25T06:27:39.752065,LTC-USDT,110.22,110.23,4.9488,1.7
2025-07-25T06:27:40.048023,XRP-USDT,3.0633,3.06331,2630.44,163.0
2025-07-25T06:27:40.049217,LTC-USDT,110.22,110.23,4.9488,1.7
2025-07-25T06:27:40.147653,BTC-USDT,115285.0,115285.01,0.00076,1.047459
2025-07-25T06:27:40.348730,BTC-USDT,115285.0,115285.01,0.00076,1.307683
2025-07-25T06:27:40.789639,ETH-USDT,3614.75,3614.76,3.0,3.3046
2025-07-25T06:27:40.948069,ETH-USDT,3614.75,3614.76,3.0,0.5382
2025-07-25T06:27:41.047814,XRP-USDT,3.0633,3.06331,3408.3,163.0
2025-07-25T06:27:41.048585,LTC-USDT,110.22,110.23,4.9488,1.7
2025-07-25T06:27:41.549179,BTC-USDT,115285.0,115285.01,0.00076,0.840164
2025-07-25T06:27:41.647552,BTC-USDT,115285.0,115285.01,0.00076,1.09915
2025-07-25T06:27:41.648976,LTC-USDT,110.22,110.23,4.9488,1.7
2025-07-25T06:27:41.848128,XRP-USDT,3.0633,3.06339,3030.3,163.0
2025-07-25T06:27:41.955402,XRP-USDT,3.06338,3.06455,378.0,378.0
2025-07-25T06:27:42.050330,XRP-USDT,3.06339,3.06388,281.17,378.0
2025-07-25T06:27:42.148047,XRP-USDT,3.06358,3.06372,378.0,163.0
2025-07-25T06:27:42.149523,LTC-USDT,110.22,110.23,4.9488,4.67
2025-07-25T06:27:42.248291,XRP-USDT,3.06358,3.06364,378.0,163.0
2025-07-25T06:27:42.249421,LTC-USDT,110.22,110.25,4.9488,2.97
2025-07-25T06:27:42.348122,BTC-USDT,115285.0,115285.01,0.00076,1.307247
2025-07-25T06:27:42.349429,XRP-USDT,3.06347,3.06361,378.0,541.0
2025-07-25T06:27:42.448074,XRP-USDT,3.06347,3.06358,378.0,378.0
2025-07-25T06:27:42.647648,XRP-USDT,3.06343,3.06358,378.0,378.0
2025-07-25T06:27:42.747813,XRP-USDT,3.06346,3.06358,162.0,378.0
2025-07-25T06:27:42.847415,BTC-USDT,115285.0,115285.01,0.000326,1.307247
2025-07-25T06:27:42.847633,XRP-USDT,3.06346,3.06358,540.0,378.0
2025-07-25T06:27:42.948065,XRP-USDT,3.06346,3.06358,162.0,378.0
2025-07-25T06:27:43.048476,XRP-USDT,3.0635,3.06351,61.0,378.0
2025-07-25T06:27:43.148399,LTC-USDT,110.22,110.25,4.9488,2.97
2025-07-25T06:27:43.249092,LTC-USDT,110.2,110.25,2.97,2.97
2025-07-25T06:27:43.501041,BTC-USDT,115285.0,115285.01,0.000326,1.308814
2025-07-25T06:27:43.501334,ETH-USDT,3612.8,3614.55,0.0025,0.5375
2025-07-25T06:27:43.501659,XRP-USDT,3.06202,3.06331,264.0,378.0
2025-07-25T06:27:43.507956,SOL-USDT,177.609,177.6656,3.71,1.449
2025-07-25T06:27:43.507997,LTC-USDT,110.19,110.24,50.509,8.0039
2025-07-25T06:27:43.554890,BTC-USDT,115285.0,115285.01,0.000326,1.458383
2025-07-25T06:27:43.555365,ETH-USDT,3611.82,3612.38,0.5,0.0563
2025-07-25T06:27:43.555549,XRP-USDT,3.06219,3.06267,162.0,378.0
2025-07-25T06:27:43.558453,SOL-USDT,177.6104,177.639,8.84,1.48
2025-07-25T06:27:43.558738,LTC-USDT,110.18,110.23,2.97,2.377
2025-07-25T06:27:43.651855,ETH-USDT,3611.93,3612.39,0.696,1.9995
2025-07-25T06:27:43.654313,LTC-USDT,110.15,110.23,2.97,2.377
2025-07-25T06:27:43.751438,ETH-USDT,3612.39,3612.4,1.3267,0.0372
2025-07-25T06:27:43.751480,XRP-USDT,3.06243,3.06267,162.0,378.0
2025-07-25T06:27:43.755154,SOL-USDT,177.6283,177.639,1.493,1.48
2025-07-25T06:27:43.755203,LTC-USDT,110.16,110.21,2.97,2.377
2025-07-25T06:27:43.850416,ETH-USDT,3612.39,3612.4,1.3267,0.0433
2025-07-25T06:27:43.850725,XRP-USDT,3.06243,3.06253,162.0,378.0
2025-07-25T06:27:43.852175,SOL-USDT,177.6283,177.6335,1.493,1.532
2025-07-25T06:27:44.050379,LTC-USDT,110.16,110.2,2.97,2.97
2025-07-25T06:27:44.147938,ETH-USDT,3613.37,3613.38,0.3567,1.6468
2025-07-25T06:27:44.147991,XRP-USDT,3.06243,3.06244,162.0,378.0
2025-07-25T06:27:44.148875,SOL-USDT,177.6104,177.6335,3.71,1.532
2025-07-25T06:27:44.249515,ETH-USDT,3613.37,3613.38,0.3517,1.6468
2025-07-25T06:27:44.250473,SOL-USDT,177.6104,177.6335,8.84,1.532
2025-07-25T06:27:44.349364,ETH-USDT,3613.37,3613.38,0.3487,1.6468
2025-07-25T06:27:44.349578,XRP-USDT,3.06243,3.06249,162.0,378.0
2025-07-25T06:27:44.353734,SOL-USDT,177.6222,177.6335,1.588,1.532
2025-07-25T06:27:44.449095,XRP-USDT,3.06246,3.0625,162.0,378.0
2025-07-25T06:27:44.450649,LTC-USDT,110.18,110.2,5.04,2.97
2025-07-25T06:27:44.548856,ETH-USDT,3613.37,3613.38,0.3487,1.683
2025-07-25T06:27:44.549065,XRP-USDT,3.06246,3.06251,162.0,277.22
2025-07-25T06:27:44.550756,LTC-USDT,110.16,110.2,2.97,2.97
2025-07-25T06:27:44.648280,ETH-USDT,3613.37,3613.38,0.3487,5.502
2025-07-25T06:27:44.754063,XRP-USDT,3.06246,3.06247,162.0,378.0
2025-07-25T06:27:44.849713,ETH-USDT,3613.37,3613.38,0.3487,0.5362
2025-07-25T06:27:44.850823,XRP-USDT,3.06247,3.06268,287.89,378.0
2025-07-25T06:27:44.851765,SOL-USDT,177.6224,177.6335,8.84,1.532
2025-07-25T06:27:44.852018,LTC-USDT,110.16,110.21,2.97,2.97
2025-07-25T06:27:44.949389,ETH-USDT,3613.37,3613.38,0.3487,4.3542
2025-07-25T06:27:44.949674,XRP-USDT,3.06257,3.06292,289.51,378.0
2025-07-25T06:27:44.951247,SOL-USDT,177.6309,177.6335,8.84,1.532
2025-07-25T06:27:45.048937,ETH-USDT,3613.37,3613.38,4.3121,0.0362
2025-07-25T06:27:45.049138,XRP-USDT,3.06276,3.06287,162.0,378.0
2025-07-25T06:27:45.149018,ETH-USDT,3613.37,3613.38,0.8487,0.5362
2025-07-25T06:27:45.249590,XRP-USDT,3.06276,3.06277,914.36,378.0
2025-07-25T06:27:45.348905,BTC-USDT,115285.0,115285.01,0.000326,1.469593
2025-07-25T06:27:45.349283,ETH-USDT,3613.37,3613.38,0.3487,0.5362
2025-07-25T06:27:45.349336,XRP-USDT,3.06276,3.06295,914.36,378.0
2025-07-25T06:27:45.350590,SOL-USDT,177.6309,177.6335,3.71,1.532
2025-07-25T06:27:45.549271,XRP-USDT,3.06277,3.06294,378.0,541.0
2025-07-25T06:27:45.550426,SOL-USDT,177.6309,177.6335,8.84,1.532
2025-07-25T06:27:45.550662,LTC-USDT,110.16,110.21,2.97,2.97
2025-07-25T06:27:45.648247,XRP-USDT,3.06277,3.06309,378.0,378.0
2025-07-25T06:27:45.748756,XRP-USDT,3.06277,3.06306,378.0,163.0
2025-07-25T06:27:45.849598,XRP-USDT,3.06277,3.06305,378.0,378.0
2025-07-25T06:27:45.948040,XRP-USDT,3.06286,3.06307,378.0,378.0
2025-07-25T06:27:45.953007,LTC-USDT,110.19,110.21,2.97,2.97
2025-07-25T06:27:46.049060,XRP-USDT,3.06279,3.06288,378.0,378.0
2025-07-25T06:27:46.050083,SOL-USDT,177.6309,177.6335,3.71,1.532
2025-07-25T06:27:46.050126,LTC-USDT,110.16,110.21,2.97,2.97
2025-07-25T06:27:46.148303,XRP-USDT,3.06295,3.06296,378.0,275.53
2025-07-25T06:27:46.249138,XRP-USDT,3.06295,3.06309,378.0,163.0
2025-07-25T06:27:46.393236,BTC-USDT,115285.0,115285.01,2.6e-05,1.320024
2025-07-25T06:27:46.448274,XRP-USDT,3.06302,3.06304,378.0,273.66
2025-07-25T06:27:46.548986,SOL-USDT,177.6309,177.6335,8.84,1.532
2025-07-25T06:27:46.648222,XRP-USDT,3.06302,3.06324,378.0,163.0
2025-07-25T06:27:46.752339,XRP-USDT,3.06333,3.06354,378.0,378.0
2025-07-25T06:27:46.849635,BTC-USDT,115285.0,115285.01,2.6e-05,1.469593
2025-07-25T06:27:46.849684,ETH-USDT,3613.53,3614.41,0.696,3.267
2025-07-25T06:27:46.849908,XRP-USDT,3.06333,3.06349,378.0,163.0
2025-07-25T06:27:46.948108,ETH-USDT,3613.84,3613.85,0.1307,7.0816
2025-07-25T06:27:47.048264,ETH-USDT,3613.84,3613.85,0.1307,7.1204
2025-07-25T06:27:47.048552,XRP-USDT,3.06346,3.06349,378.0,163.0
2025-07-25T06:27:47.147772,ETH-USDT,3613.61,3613.62,3.1307,0.0377
2025-07-25T06:27:47.248688,ETH-USDT,3613.61,3613.62,3.0,3.305
2025-07-25T06:27:47.250324,SOL-USDT,177.6309,177.6335,3.71,1.532
2025-07-25T06:27:47.347887,BTC-USDT,115285.0,115285.01,2.6e-05,1.4689210000582904
2025-07-25T06:27:47.349240,LTC-USDT,110.16,110.21,2.97,2.97
2025-07-25T06:27:47.449642,ETH-USDT,3613.61,3614.03,4.196,0.7584
2025-07-25T06:27:47.449688,XRP-USDT,3.06346,3.06359,378.0,163.0
2025-07-25T06:27:47.450924,SOL-USDT,177.6309,177.6335,8.84,1.532
2025-07-25T06:27:47.549179,ETH-USDT,3614.4,3614.63,0.5,0.7584
2025-07-25T06:27:47.648291,ETH-USDT,3613.93,3613.94,0.5,0.3988
2025-07-25T06:27:47.648529,XRP-USDT,3.06346,3.06351,378.0,163.0
2025-07-25T06:27:47.748376,ETH-USDT,3613.93,3613.94,0.5,0.0362
2025-07-25T06:27:47.848618,ETH-USDT,3613.93,3613.94,0.5,0.5362
2025-07-25T06:27:47.951628,LTC-USDT,110.16,110.21,2.97,2.97
2025-07-25T06:27:48.251585,ETH-USDT,3613.38,3613.67,3.0,0.4995
2025-07-25T06:27:48.251845,XRP-USDT,3.06301,3.06342,722.85,163.0
2025-07-25T06:27:48.255264,SOL-USDT,177.5649,177.565,5.13,1.55
2025-07-25T06:27:48.255592,LTC-USDT,110.15,110.21,48.367,2.97
2025-07-25T06:27:48.351374,ETH-USDT,3613.38,3613.39,6.4634,0.3988
2025-07-25T06:27:48.351443,XRP-USDT,3.06303,3.06312,162.0,378.0
2025-07-25T06:27:48.354561,SOL-USDT,177.5034,177.5811,8.84,3.71
2025-07-25T06:27:48.354846,LTC-USDT,110.16,110.22,2.97,2.377
2025-07-25T06:27:48.451837,ETH-USDT,3613.4,3613.66,2.7673,0.8988
2025-07-25T06:27:48.452042,XRP-USDT,3.06303,3.06306,162.0,378.0
2025-07-25T06:27:48.455921,SOL-USDT,177.5083,177.6031,8.84,5.13
2025-07-25T06:27:48.456152,LTC-USDT,110.16,110.2,2.97,2.377
2025-07-25T06:27:48.550087,ETH-USDT,3613.64,3613.65,3.0,3.5353
2025-07-25T06:27:48.550132,XRP-USDT,3.06303,3.06304,162.0,664.06
2025-07-25T06:27:48.553289,SOL-USDT,177.5547,177.6021,1.44,3.71
2025-07-25T06:27:48.553333,LTC-USDT,110.16,110.19,2.97,2.97
2025-07-25T06:27:48.649190,ETH-USDT,3613.64,3613.65,3.0,0.8988
2025-07-25T06:27:48.649284,XRP-USDT,3.0628,3.06304,297.64,827.06
2025-07-25T06:27:48.650325,SOL-USDT,177.5562,177.6013,3.0,5.13
2025-07-25T06:27:48.749018,ETH-USDT,3613.37,3613.38,6.116,0.2681
2025-07-25T06:27:48.749455,XRP-USDT,3.06266,3.06285,162.0,378.0
2025-07-25T06:27:48.750136,SOL-USDT,177.5562,177.57,3.0,1.545
2025-07-25T06:27:48.849333,ETH-USDT,3613.67,3613.68,2.8979,0.0397
2025-07-25T06:27:48.849576,XRP-USDT,3.06276,3.06285,162.0,378.0
2025-07-25T06:27:48.851119,LTC-USDT,110.16,110.19,2.97,2.97
2025-07-25T06:27:48.948490,ETH-USDT,3613.67,3613.68,5.8979,0.0397
2025-07-25T06:27:49.050644,SOL-USDT,177.5691,177.6013,1.447,5.13
2025-07-25T06:27:49.190297,ETH-USDT,3613.68,3614.12,3.0,0.5
2025-07-25T06:27:49.190366,XRP-USDT,3.06262,3.06283,281.32,284.73
2025-07-25T06:27:49.191991,SOL-USDT,177.5562,177.5994,3.0,3.71
2025-07-25T06:27:49.250113,ETH-USDT,3613.38,3613.66,3.0,0.5
2025-07-25T06:27:49.250169,XRP-USDT,3.06214,3.06245,162.0,378.0
2025-07-25T06:27:49.251687,SOL-USDT,177.4407,177.5174,5.13,1.586
2025-07-25T06:27:49.251929,LTC-USDT,110.15,110.19,48.367,2.377
2025-07-25T06:27:49.350597,ETH-USDT,3613.65,3613.66,3.0,1.9995
2025-07-25T06:27:49.351564,XRP-USDT,3.06218,3.06245,162.0,378.0
2025-07-25T06:27:49.355024,SOL-USDT,177.4452,177.5169,8.84,1.559
2025-07-25T06:27:49.355226,LTC-USDT,110.15,110.18,48.367,2.97
2025-07-25T06:27:49.451639,XRP-USDT,3.06218,3.06239,162.0,378.0
2025-07-25T06:27:49.453056,SOL-USDT,177.5079,177.5169,1.556,1.559
2025-07-25T06:27:49.548757,BTC-USDT,115280.0,115280.01,0.00021,0.288637
2025-07-25T06:27:49.549145,XRP-USDT,3.0622,3.06229,162.0,378.0
2025-07-25T06:27:49.551298,LTC-USDT,110.15,110.18,48.2583,2.97
2025-07-25T06:27:49.653772,BTC-USDT,115270.33,115270.34,0.001443,0.54692
2025-07-25T06:27:49.656926,ETH-USDT,3611.32,3613.22,0.696,4.2678
2025-07-25T06:27:49.657076,XRP-USDT,3.06138,3.06198,5.0,378.0
2025-07-25T06:27:49.668076,SOL-USDT,177.4868,177.5032,3.71,1.566
2025-07-25T06:27:49.668864,LTC-USDT,110.11,110.17,2.377,10.3809
2025-07-25T06:27:49.753009,BTC-USDT,115270.0,115270.01,0.00076,0.127364
2025-07-25T06:27:49.753341,ETH-USDT,3611.32,3611.92,0.696,0.5
2025-07-25T06:27:49.753516,XRP-USDT,3.06138,3.06172,5.0,378.0
2025-07-25T06:27:49.755377,SOL-USDT,177.4741,177.5032,1.5,1.566
2025-07-25T06:27:49.755713,LTC-USDT,110.11,110.16,2.97,2.377
2025-07-25T06:27:49.851007,BTC-USDT,115270.0,115270.01,0.00076,0.38888
2025-07-25T06:27:49.851298,ETH-USDT,3611.92,3611.93,0.6827,0.0386
2025-07-25T06:27:49.853599,SOL-USDT,177.4911,177.5032,1.579,1.566
2025-07-25T06:27:49.951527,ETH-USDT,3611.92,3612.8,0.052,0.5
2025-07-25T06:27:49.951681,XRP-USDT,3.06165,3.06178,288.94,378.0
2025-07-25T06:27:50.051074,ETH-USDT,3612.34,3612.71,0.5,0.1501
2025-07-25T06:27:50.051138,XRP-USDT,3.06166,3.0618,5.0,163.0
2025-07-25T06:27:50.052847,LTC-USDT,110.11,110.16,2.97,2.377
2025-07-25T06:27:50.149772,ETH-USDT,3612.34,3612.35,0.5,0.3988
2025-07-25T06:27:50.149945,XRP-USDT,3.06166,3.06181,5.0,279.94
2025-07-25T06:27:50.249373,ETH-USDT,3612.34,3612.35,0.5,0.0383
2025-07-25T06:27:50.249646,XRP-USDT,3.06167,3.06209,378.0,378.0
2025-07-25T06:27:50.253542,LTC-USDT,110.11,110.15,2.97,2.97
2025-07-25T06:27:50.349336,BTC-USDT,115270.0,115270.01,0.00076,0.651175
2025-07-25T06:27:50.349625,ETH-USDT,3612.34,3612.35,3.2682,0.0383
2025-07-25T06:27:50.349876,XRP-USDT,3.06172,3.06209,299.53,378.0
2025-07-25T06:27:50.448158,BTC-USDT,115270.0,115270.01,0.00076,0.859272
2025-07-25T06:27:50.448491,XRP-USDT,3.06188,3.06209,378.0,378.0
2025-07-25T06:27:50.547898,BTC-USDT,115270.0,115270.01,0.00076,0.859149
2025-07-25T06:27:50.549357,XRP-USDT,3.06189,3.06194,5.0,757.51
2025-07-25T06:27:50.651531,ETH-USDT,3612.34,3612.35,0.5,2.8065
2025-07-25T06:27:50.651591,XRP-USDT,3.06191,3.06194,5.0,378.0
2025-07-25T06:27:50.653824,SOL-USDT,177.4741,177.4764,1.5,1.54
2025-07-25T06:27:50.748998,ETH-USDT,3612.34,3612.35,0.5,3.3065
2025-07-25T06:27:50.751813,SOL-USDT,177.4741,177.4742,1.5,1.504
2025-07-25T06:27:50.854752,XRP-USDT,3.06191,3.06201,5.0,378.0
2025-07-25T06:27:50.947911,XRP-USDT,3.06196,3.06213,378.0,378.0
2025-07-25T06:27:51.047500,XRP-USDT,3.06196,3.06242,378.0,163.0
2025-07-25T06:27:51.148478,ETH-USDT,3611.92,3611.93,3.3205,0.3988
2025-07-25T06:27:51.148719,XRP-USDT,3.06198,3.06217,378.0,163.0
2025-07-25T06:27:51.149927,SOL-USDT,177.4361,177.458,5.13,0.168
2025-07-25T06:27:51.248061,ETH-USDT,3611.96,3611.97,3.3992,0.0371
2025-07-25T06:27:51.249121,SOL-USDT,177.4477,177.5063,8.84,3.71
2025-07-25T06:27:51.349093,XRP-USDT,3.062,3.06212,383.0,378.0
2025-07-25T06:27:51.351726,SOL-USDT,177.4529,177.5059,1.457,5.13
2025-07-25T06:27:51.352163,LTC-USDT,110.11,110.15,2.97,2.97
2025-07-25T06:27:51.448885,ETH-USDT,3611.96,3611.97,3.4512,0.0371
2025-07-25T06:27:51.449391,XRP-USDT,3.06204,3.06214,383.0,283.03
2025-07-25T06:27:51.451526,SOL-USDT,177.4529,177.4619,6.587,1.574
2025-07-25T06:27:51.648006,ETH-USDT,3611.96,3611.97,6.4512,0.0371
2025-07-25T06:27:51.648209,XRP-USDT,3.06205,3.06214,378.0,283.03
2025-07-25T06:27:51.748072,ETH-USDT,3612.66,3612.67,0.5,4.0264
2025-07-25T06:27:51.849040,ETH-USDT,3612.33,3612.34,0.5,0.3988
2025-07-25T06:27:51.849608,XRP-USDT,3.06193,3.06214,296.51,283.03
2025-07-25T06:27:51.952496,ETH-USDT,3612.11,3613.15,0.696,2.7678
2025-07-25T06:27:51.952700,XRP-USDT,3.06202,3.06244,378.0,378.0
2025-07-25T06:27:52.048518,ETH-USDT,3612.38,3612.39,3.2682,0.4381
2025-07-25T06:27:52.048713,XRP-USDT,3.06196,3.06243,378.0,163.0
2025-07-25T06:27:52.049946,SOL-USDT,177.3913,177.5059,3.71,5.13
2025-07-25T06:27:52.149385,ETH-USDT,3612.38,3612.39,3.2682,0.0393
2025-07-25T06:27:52.150267,XRP-USDT,3.0623,3.06231,61.0,163.0
2025-07-25T06:27:52.153478,SOL-USDT,177.3932,177.4932,3.71,5.13
2025-07-25T06:27:52.248839,XRP-USDT,3.0623,3.06244,66.0,378.0
2025-07-25T06:27:52.250291,SOL-USDT,177.4165,177.4932,8.84,5.13
2025-07-25T06:27:52.347958,XRP-USDT,3.06235,3.06273,378.0,163.0
2025-07-25T06:27:52.348944,SOL-USDT,177.4457,177.5028,3.71,3.71
2025-07-25T06:27:52.449026,BTC-USDT,115270.0,115270.01,0.00076,0.596854
2025-07-25T06:27:52.449564,ETH-USDT,3612.8,3613.14,0.5,0.7584
2025-07-25T06:27:52.450118,XRP-USDT,3.0623,3.06247,61.0,288.75
2025-07-25T06:27:52.548482,BTC-USDT,115270.0,115270.01,0.00076,0.650738
2025-07-25T06:27:52.548826,ETH-USDT,3612.8,3612.81,0.5,3.6667
2025-07-25T06:27:52.548964,XRP-USDT,3.06191,3.06212,378.0,378.0
2025-07-25T06:27:52.550370,SOL-USDT,177.4535,177.5058,6.662,5.13
2025-07-25T06:27:52.647819,BTC-USDT,115270.0,115270.01,0.00076,0.587048
2025-07-25T06:27:52.647873,ETH-USDT,3612.8,3612.81,0.5,0.8988
2025-07-25T06:27:52.648093,XRP-USDT,3.06196,3.06212,5.0,378.0
2025-07-25T06:27:52.649281,SOL-USDT,177.4535,177.503,6.662,5.13
2025-07-25T06:27:52.649380,LTC-USDT,110.11,110.16,2.97,5.347
2025-07-25T06:27:52.749575,ETH-USDT,3611.96,3612.8,0.052,0.5
2025-07-25T06:27:52.750709,XRP-USDT,3.06198,3.06199,5.0,280.97
2025-07-25T06:27:52.754147,SOL-USDT,177.4535,177.4636,1.532,1.447
2025-07-25T06:27:52.754582,LTC-USDT,110.11,110.15,2.97,2.97
2025-07-25T06:27:52.848923,ETH-USDT,3612.48,3612.49,3.2681,0.2681
2025-07-25T06:27:52.948897,ETH-USDT,3612.56,3612.57,0.1307,0.0373
2025-07-25T06:27:53.048496,BTC-USDT,115270.0,115270.01,0.00076,0.650738
2025-07-25T06:27:53.048844,ETH-USDT,3612.56,3612.57,2.7681,0.0373
2025-07-25T06:27:53.050395,SOL-USDT,177.4431,177.4636,0.168,1.447
2025-07-25T06:27:53.149524,XRP-USDT,3.06137,3.0616,5.0,378.0
2025-07-25T06:27:53.150504,SOL-USDT,177.4215,177.4636,8.84,1.447
2025-07-25T06:27:53.249056,ETH-USDT,3612.26,3612.27,3.2682,0.3988
2025-07-25T06:27:53.249111,XRP-USDT,3.06144,3.06153,383.0,289.54
2025-07-25T06:27:53.348359,ETH-USDT,3612.47,3612.48,3.2682,0.0399
2025-07-25T06:27:53.348418,XRP-USDT,3.06146,3.06153,383.0,289.54
2025-07-25T06:27:53.349299,SOL-USDT,177.4472,177.4636,1.585,1.447
2025-07-25T06:27:53.448272,XRP-USDT,3.06148,3.06153,5.0,289.54
2025-07-25T06:27:53.549446,SOL-USDT,177.4472,177.4561,1.585,1.528
2025-07-25T06:27:53.647610,XRP-USDT,3.06152,3.06153,383.0,289.54
2025-07-25T06:27:53.648433,SOL-USDT,177.4472,177.4561,6.715,1.528
2025-07-25T06:27:53.750723,ETH-USDT,3612.93,3612.94,0.5,0.7584
2025-07-25T06:27:53.750989,XRP-USDT,3.06172,3.06236,378.0,264.0
2025-07-25T06:27:53.753899,SOL-USDT,177.4486,177.5126,8.84,5.527
2025-07-25T06:27:53.754117,LTC-USDT,110.11,110.17,2.97,5.347
2025-07-25T06:27:53.851993,ETH-USDT,3612.93,3612.94,0.5,0.8983
2025-07-25T06:27:53.852359,XRP-USDT,3.06172,3.06219,378.0,163.0
2025-07-25T06:27:53.855424,SOL-USDT,177.4616,177.5126,8.84,5.527
2025-07-25T06:27:53.855641,LTC-USDT,110.12,110.18,2.97,5.347
2025-07-25T06:27:53.948854,XRP-USDT,3.06197,3.06219,378.0,163.0
2025-07-25T06:27:53.950567,SOL-USDT,177.4658,177.4706,8.84,1.563
2025-07-25T06:27:53.950721,LTC-USDT,110.12,110.17,2.97,2.97
2025-07-25T06:27:54.049431,ETH-USDT,3612.93,3612.94,0.5,3.7024
2025-07-25T06:27:54.049504,XRP-USDT,3.06195,3.06196,736.32,288.76
2025-07-25T06:27:54.050876,LTC-USDT,110.12,110.18,2.97,2.377
2025-07-25T06:27:54.149616,XRP-USDT,3.06195,3.06268,736.32,264.0
2025-07-25T06:27:54.149659,LTC-USDT,110.12,110.18,2.97,2.97
2025-07-25T06:27:54.247682,XRP-USDT,3.06195,3.06219,736.32,163.0
2025-07-25T06:27:54.248748,SOL-USDT,177.4704,177.5126,8.84,5.527
2025-07-25T06:27:54.348552,XRP-USDT,3.06212,3.06261,378.0,264.0
2025-07-25T06:27:54.448107,XRP-USDT,3.06212,3.06237,378.0,163.0
2025-07-25T06:27:54.449089,SOL-USDT,177.4781,177.5371,8.84,3.71
2025-07-25T06:27:54.449131,LTC-USDT,110.12,110.18,2.97,2.97
2025-07-25T06:27:54.548519,ETH-USDT,3612.93,3612.94,0.5,0.9346
2025-07-25T06:27:54.548857,XRP-USDT,3.06195,3.06237,736.32,163.0
2025-07-25T06:27:54.550052,SOL-USDT,177.4851,177.5371,1.551,3.71
2025-07-25T06:27:54.648637,XRP-USDT,3.06226,3.06227,378.0,277.72
2025-07-25T06:27:54.651220,SOL-USDT,177.4807,177.5371,6.726,3.71
2025-07-25T06:27:54.748190,BTC-USDT,115270.0,115270.01,0.00076,0.587048
2025-07-25T06:27:54.749804,SOL-USDT,177.4811,177.5405,8.84,5.527
2025-07-25T06:27:54.850219,XRP-USDT,3.06226,3.06227,444.0,277.72
2025-07-25T06:27:54.852995,SOL-USDT,177.4929,177.5405,6.696,5.527
2025-07-25T06:27:54.853274,LTC-USDT,110.12,110.18,2.97,2.97
2025-07-25T06:27:54.948547,ETH-USDT,3612.93,3612.94,0.5,3.7024
2025-07-25T06:27:54.949479,SOL-USDT,177.4931,177.5405,8.84,5.527
2025-07-25T06:27:54.949902,LTC-USDT,110.14,110.18,2.97,2.97
2025-07-25T06:27:55.048215,XRP-USDT,3.06226,3.06227,1174.84,277.72
2025-07-25T06:27:55.049198,SOL-USDT,177.4931,177.5019,8.84,1.567
2025-07-25T06:27:55.148248,XRP-USDT,3.06226,3.06227,791.84,277.72
2025-07-25T06:27:55.252948,SOL-USDT,177.4932,177.5019,46.614,1.567
2025-07-25T06:27:55.348970,ETH-USDT,3612.93,3612.94,0.5,0.5358
2025-07-25T06:27:55.350550,SOL-USDT,177.5067,177.5515,1.563,3.0
2025-07-25T06:27:55.448645,ETH-USDT,3612.93,3612.94,0.5,3.3036
2025-07-25T06:27:55.449905,SOL-USDT,177.5076,177.5515,8.84,3.0
2025-07-25T06:27:55.550096,LTC-USDT,110.14,110.18,2.97,2.97
2025-07-25T06:27:55.649421,ETH-USDT,3612.93,3612.94,0.5,0.5358
2025-07-25T06:27:55.653030,SOL-USDT,177.5076,177.5135,8.84,1.589
2025-07-25T06:27:55.749215,ETH-USDT,3612.6,3612.61,0.5,0.3988
2025-07-25T06:27:55.750412,SOL-USDT,177.5076,177.5135,3.71,1.589
2025-07-25T06:27:55.850471,ETH-USDT,3612.6,3612.61,3.268,0.5
2025-07-25T06:27:55.949112,SOL-USDT,177.5076,177.5135,8.84,1.589
2025-07-25T06:27:55.949407,LTC-USDT,110.14,110.18,2.97,2.97
2025-07-25T06:27:56.049077,BTC-USDT,115270.0,115270.01,0.00076,0.650738
2025-07-25T06:27:56.049285,ETH-USDT,3612.23,3612.24,3.399,0.0394
2025-07-25T06:27:56.049506,XRP-USDT,3.06226,3.06227,730.84,277.72
2025-07-25T06:27:56.050934,SOL-USDT,177.5076,177.5135,3.71,1.589
2025-07-25T06:27:56.149239,SOL-USDT,177.5076,177.5135,8.84,1.589
2025-07-25T06:27:56.250643,ETH-USDT,3612.23,3612.24,0.5,0.0914
2025-07-25T06:27:56.250894,XRP-USDT,3.06226,3.06227,730.84,277.72
2025-07-25T06:27:56.348579,ETH-USDT,3612.23,3612.24,3.2683,0.0914
2025-07-25T06:27:56.649182,LTC-USDT,110.14,110.18,2.97,2.97
2025-07-25T06:27:56.748564,LTC-USDT,110.14,110.18,2.97,2.97
2025-07-25T06:27:56.848485,LTC-USDT,110.14,110.18,2.97,2.97
2025-07-25T06:27:57.247771,XRP-USDT,3.06226,3.06227,730.84,277.72
2025-07-25T06:27:57.357964,SOL-USDT,177.5237,177.5515,1.562,3.0
2025-07-25T06:27:57.450579,XRP-USDT,3.06226,3.06227,730.84,655.72
2025-07-25T06:27:57.454069,SOL-USDT,177.5237,177.5515,6.692,3.0
2025-07-25T06:27:57.547731,XRP-USDT,3.06226,3.06227,730.84,277.72
2025-07-25T06:27:57.648557,SOL-USDT,177.5237,177.5343,6.692,1.541
2025-07-25T06:27:57.848483,XRP-USDT,3.06226,3.06227,730.84,655.72
2025-07-25T06:27:57.849642,SOL-USDT,177.5309,177.5637,6.576,5.527
2025-07-25T06:27:57.949176,ETH-USDT,3612.23,3612.24,3.2683,0.0394
2025-07-25T06:27:57.949239,XRP-USDT,3.06226,3.06227,730.84,501.72
2025-07-25T06:27:58.048220,XRP-USDT,3.06226,3.06227,730.84,893.57
2025-07-25T06:27:58.048965,LTC-USDT,110.14,110.18,2.97,2.97
2025-07-25T06:27:58.147908,XRP-USDT,3.06226,3.06227,730.84,1318.39
2025-07-25T06:27:58.148773,SOL-USDT,177.5309,177.5381,6.576,1.594
2025-07-25T06:27:58.248397,XRP-USDT,3.06226,3.06227,730.84,1304.54
2025-07-25T06:27:58.348597,ETH-USDT,3612.88,3612.89,0.5,3.1666
2025-07-25T06:27:58.348649,XRP-USDT,3.06226,3.06227,730.84,1318.39
2025-07-25T06:27:58.448588,ETH-USDT,3612.88,3612.89,0.5,3.6666
2025-07-25T06:27:58.448644,XRP-USDT,3.06226,3.06227,730.84,1582.39
2025-07-25T06:27:58.449269,SOL-USDT,177.5309,177.5381,1.446,1.594
2025-07-25T06:27:58.548420,ETH-USDT,3612.88,3612.89,0.5,3.7054
2025-07-25T06:27:58.550460,LTC-USDT,110.14,110.18,2.97,2.97
2025-07-25T06:27:58.647582,ETH-USDT,3612.45,3612.46,6.3989,0.0384
2025-07-25T06:27:58.647866,XRP-USDT,3.06136,3.06152,5.0,378.0
2025-07-25T06:27:58.748631,BTC-USDT,115270.0,115270.01,0.00076,0.587048
2025-07-25T06:27:58.749123,XRP-USDT,3.06141,3.06152,5.0,378.0
2025-07-25T06:27:58.752009,SOL-USDT,177.5128,177.5381,8.84,1.594
2025-07-25T06:27:58.951449,ETH-USDT,3612.45,3612.46,6.2682,0.0384
2025-07-25T06:27:58.951520,XRP-USDT,3.06141,3.06142,5.0,378.0
2025-07-25T06:27:58.952990,SOL-USDT,177.5262,177.5381,1.49,1.594
2025-07-25T06:27:59.049074,SOL-USDT,177.5262,177.5381,1.49,1.433471076912505
2025-07-25T06:27:59.148391,ETH-USDT,3612.45,3612.46,3.5,3.6486
2025-07-25T06:27:59.148753,XRP-USDT,3.06141,3.06142,722.81,378.0
2025-07-25T06:27:59.250508,ETH-USDT,3612.45,3612.46,0.5,3.3066
2025-07-25T06:27:59.250896,XRP-USDT,3.06141,3.06142,717.81,835.63
2025-07-25T06:27:59.350809,LTC-USDT,110.14,110.18,2.97,2.97
2025-07-25T06:27:59.449051,BTC-USDT,115270.0,115270.01,0.00076,0.650738
2025-07-25T06:27:59.449978,ETH-USDT,3611.88,3611.89,3.5,0.0593
2025-07-25T06:27:59.454461,SOL-USDT,177.4978,177.5337,8.84,1.583
2025-07-25T06:27:59.549040,ETH-USDT,3612.23,3612.24,0.5,0.0396
2025-07-25T06:27:59.549095,XRP-USDT,3.06083,3.06084,100.0,822.85
2025-07-25T06:27:59.647892,ETH-USDT,3612.23,3612.24,3.2683,0.0396
2025-07-25T06:27:59.647943,XRP-USDT,3.06083,3.06084,802.94,822.85
2025-07-25T06:27:59.648840,SOL-USDT,177.5267,177.5337,1.564,1.583
2025-07-25T06:28:00.053149,BTC-USDT,115270.0,115270.01,0.00076,0.650738
2025-07-25T06:28:00.053211,XRP-USDT,3.06083,3.06084,802.94,822.85
2025-07-25T06:28:00.156440,ETH-USDT,3612.71,3613.03,0.5,0.0593
2025-07-25T06:28:00.160478,SOL-USDT,177.5267,177.5337,1.564,1.583
2025-07-25T06:28:00.160533,LTC-USDT,110.14,110.18,2.97,2.97
2025-07-25T06:28:00.251059,ETH-USDT,3612.74,3612.75,3.6667,3.8
2025-07-25T06:28:00.251317,XRP-USDT,3.06083,3.06136,863.94,264.0
2025-07-25T06:28:00.255456,SOL-USDT,177.5267,177.5784,6.694,3.71
2025-07-25T06:28:00.349032,BTC-USDT,115270.0,115270.01,0.00076,0.650637
2025-07-25T06:28:00.350195,ETH-USDT,3612.74,3612.75,3.2679,0.0593
2025-07-25T06:28:00.350475,XRP-USDT,3.06083,3.06091,863.94,163.0
2025-07-25T06:28:00.353253,SOL-USDT,177.5267,177.5781,6.694,5.13
2025-07-25T06:28:00.449828,ETH-USDT,3612.74,3612.75,3.9639,0.0984
2025-07-25T06:28:00.450024,XRP-USDT,3.0609,3.06124,439.0,378.0
2025-07-25T06:28:00.451660,SOL-USDT,177.5321,177.541,9.347,1.52
2025-07-25T06:28:00.452008,LTC-USDT,110.16,110.18,2.97,2.97
2025-07-25T06:28:00.550898,ETH-USDT,3612.74,3612.75,6.9639,0.0984
2025-07-25T06:28:00.550941,XRP-USDT,3.06104,3.06148,378.0,378.0
2025-07-25T06:28:00.551593,SOL-USDT,177.5545,177.5829,1.496,0.168
2025-07-25T06:28:00.551871,LTC-USDT,110.15,110.2,2.97,2.377
2025-07-25T06:28:00.649635,ETH-USDT,3613.26,3613.27,0.5,0.0593
2025-07-25T06:28:00.748846,ETH-USDT,3613.26,3613.27,0.5,1.8765
2025-07-25T06:28:00.750222,LTC-USDT,110.15,110.19,2.97,2.97
2025-07-25T06:28:00.848337,ETH-USDT,3612.64,3612.81,0.0384,0.0381
2025-07-25T06:28:00.848555,XRP-USDT,3.06099,3.06128,289.9,298.04
2025-07-25T06:28:00.850432,SOL-USDT,177.5545,177.5652,1.496,1.448
2025-07-25T06:28:00.948666,ETH-USDT,3612.8,3612.81,7.3627,0.0381
2025-07-25T06:28:00.949830,XRP-USDT,3.06127,3.06128,444.0,298.04
2025-07-25T06:28:01.047545,XRP-USDT,3.06127,3.06161,66.0,378.0
2025-07-25T06:28:01.248548,XRP-USDT,3.06137,3.06155,378.0,163.0
2025-07-25T06:28:01.350114,XRP-USDT,3.06137,3.06138,378.0,293.3
2025-07-25T06:28:01.450911,SOL-USDT,177.5545,177.5652,6.626,1.448
2025-07-25T06:28:01.548523,XRP-USDT,3.06128,3.06129,444.0,298.7
2025-07-25T06:28:01.549260,SOL-USDT,177.5545,177.5652,1.496,1.448
2025-07-25T06:28:01.648778,ETH-USDT,3612.8,3612.81,6.6667,0.0381
2025-07-25T06:28:01.649069,XRP-USDT,3.06128,3.06129,61.0,839.7
2025-07-25T06:28:01.650014,LTC-USDT,110.17,110.19,2.97,2.97
2025-07-25T06:28:01.747892,ETH-USDT,3612.8,3612.81,6.2679,2.806
2025-07-25T06:28:01.748137,XRP-USDT,3.06083,3.06084,802.94,833.77
2025-07-25T06:28:01.748881,LTC-USDT,110.15,110.19,2.97,2.97
2025-07-25T06:28:02.048209,XRP-USDT,3.06083,3.06084,1520.08,833.77
2025-07-25T06:28:02.049263,LTC-USDT,110.16,110.19,4.67,2.97
2025-07-25T06:28:02.247321,ETH-USDT,3612.8,3612.81,6.2679,0.0381
2025-07-25T06:28:02.448124,XRP-USDT,3.06022,3.06038,378.0,378.0
2025-07-25T06:28:02.547584,XRP-USDT,3.06025,3.06038,5.0,378.0
2025-07-25T06:28:02.648571,XRP-USDT,3.06042,3.06043,5.0,278.35
2025-07-25T06:28:02.748259,XRP-USDT,3.06042,3.06078,383.0,264.0
2025-07-25T06:28:02.888463,XRP-USDT,3.06103,3.06122,378.0,163.0
2025-07-25T06:28:02.889943,SOL-USDT,177.5545,177.5829,5.13,0.168
2025-07-25T06:28:02.890603,LTC-USDT,110.17,110.19,2.97,2.97
2025-07-25T06:28:02.950767,ETH-USDT,3613.58,3613.59,0.3988,1.0412
2025-07-25T06:28:02.950858,XRP-USDT,3.06103,3.06156,378.0,378.0
2025-07-25T06:28:02.953520,SOL-USDT,177.5738,177.5829,5.13,0.168
2025-07-25T06:28:02.953576,LTC-USDT,110.17,110.2,2.97,2.97
2025-07-25T06:28:03.050329,ETH-USDT,3613.56,3613.57,0.3988,0.5
2025-07-25T06:28:03.050773,XRP-USDT,3.06134,3.06142,378.0,163.0
