timestamp,symbol,bid,ask,bid_vol,ask_vol
2025-07-24T06:13:26.498955,BTC-USDT,117678.99,117679.0,0.260956,0.450551
2025-07-24T06:13:26.499166,ETH-USDT,3559.33,3559.34,4.6321,0.5
2025-07-24T06:13:26.499209,SOL-USDT,183.1056,183.1134,1.497,1.524
2025-07-24T06:13:26.499243,LTC-USDT,109.33,109.39,2.97,2.97
2025-07-24T06:13:26.499274,ETH-USDT,3559.33,3559.34,3.0368,0.5
2025-07-24T06:13:26.500153,LTC-USDT,109.33,109.35,2.97,2.97
2025-07-24T06:13:26.518702,XRP-USDT,3.07108,3.07126,162.0,282.5
2025-07-24T06:13:26.596075,ETH-USDT,3559.33,3559.34,4.3368,0.5
2025-07-24T06:13:26.596697,XRP-USDT,3.07109,3.07126,162.0,282.5
2025-07-24T06:13:26.599418,SOL-USDT,183.1056,183.1134,1.497,6.384
2025-07-24T06:13:26.599913,LTC-USDT,109.33,109.39,2.97,2.97
2025-07-24T06:13:26.698631,BTC-USDT,117678.99,117679.0,0.330116,0.443135
2025-07-24T06:13:26.698680,ETH-USDT,3559.33,3559.34,4.5178,3.3095
2025-07-24T06:13:26.698929,XRP-USDT,3.0711,3.07171,351.0,351.0
2025-07-24T06:13:26.700476,SOL-USDT,183.1056,183.1134,1.497,1.524
2025-07-24T06:13:26.700520,LTC-USDT,109.33,109.37,2.97,2.97
2025-07-24T06:13:26.796615,ETH-USDT,3559.33,3559.34,3.0368,3.3095
2025-07-24T06:13:26.796663,XRP-USDT,3.07106,3.07167,635.68,621.0
2025-07-24T06:13:26.797795,LTC-USDT,109.33,109.39,2.97,2.97
2025-07-24T06:13:26.899120,BTC-USDT,117678.99,117679.0,0.260956,0.543135
2025-07-24T06:13:26.900263,XRP-USDT,3.07035,3.07124,270.0,351.0
2025-07-24T06:13:26.902150,SOL-USDT,183.0815,183.1134,4.86,1.524
2025-07-24T06:13:26.902295,LTC-USDT,109.32,109.37,0.1071,2.97
2025-07-24T06:13:26.995823,BTC-USDT,117678.99,117679.0,0.210956,0.543135
2025-07-24T06:13:26.996324,XRP-USDT,3.0711,3.07166,351.0,621.0
2025-07-24T06:13:26.998975,LTC-USDT,109.3,109.35,2.97,2.97
2025-07-24T06:13:27.195663,BTC-USDT,117678.99,117679.0,0.210571,0.884838
2025-07-24T06:13:27.196023,XRP-USDT,3.07072,3.07166,351.0,621.0
2025-07-24T06:13:27.197704,SOL-USDT,183.1056,183.1134,1.542,1.524
2025-07-24T06:13:27.295001,BTC-USDT,117678.99,117679.0,0.210571,0.815678
2025-07-24T06:13:27.296263,XRP-USDT,3.07073,3.07107,162.0,636.23
2025-07-24T06:13:27.396093,BTC-USDT,117678.99,117679.0,0.211057,0.815165
2025-07-24T06:13:27.398126,SOL-USDT,183.075,183.1401,0.164,4.86
2025-07-24T06:13:27.398171,LTC-USDT,109.3,109.35,2.97,2.97
2025-07-24T06:13:27.497829,XRP-USDT,3.0705,3.0709,351.0,631.79
2025-07-24T06:13:27.500428,SOL-USDT,183.0691,183.1007,4.86,6.315
2025-07-24T06:13:27.596658,ETH-USDT,3559.0,3559.01,0.0039,3.7085
2025-07-24T06:13:27.596963,XRP-USDT,3.07053,3.07075,162.0,625.49
2025-07-24T06:13:27.729862,BTC-USDT,117678.99,117679.0,0.211057,0.884838
2025-07-24T06:13:27.730527,ETH-USDT,3559.0,3559.01,0.0039,3.3097
2025-07-24T06:13:27.730563,XRP-USDT,3.07039,3.07067,162.0,631.51
2025-07-24T06:13:27.733057,SOL-USDT,183.089,183.1007,1.443,6.315
2025-07-24T06:13:27.796482,ETH-USDT,3559.0,3559.01,3.0423,0.5
2025-07-24T06:13:27.796960,XRP-USDT,3.07043,3.07067,513.0,631.51
2025-07-24T06:13:27.896016,BTC-USDT,117678.99,117679.0,0.211057,0.815165
2025-07-24T06:13:27.896197,ETH-USDT,3559.0,3559.01,4.3717,0.5
2025-07-24T06:13:27.896411,XRP-USDT,3.07028,3.07098,351.0,351.0
2025-07-24T06:13:27.995589,BTC-USDT,117678.99,117679.0,0.211057,0.815678
2025-07-24T06:13:27.995932,ETH-USDT,3559.0,3559.01,5.0492,0.5
2025-07-24T06:13:27.996163,XRP-USDT,3.07007,3.07095,162.0,270.0
2025-07-24T06:13:28.096989,XRP-USDT,3.06961,3.07053,270.0,287.07
2025-07-24T06:13:28.197183,ETH-USDT,3559.0,3559.01,5.0772,0.5
2025-07-24T06:13:28.197611,XRP-USDT,3.06992,3.07034,162.0,351.0
2025-07-24T06:13:28.199312,LTC-USDT,109.3,109.35,2.97,2.97
2025-07-24T06:13:28.296041,XRP-USDT,3.07004,3.07128,351.0,270.0
2025-07-24T06:13:28.398453,XRP-USDT,3.07037,3.07038,351.0,273.77
2025-07-24T06:13:28.400342,LTC-USDT,109.3,109.35,2.97,2.97
2025-07-24T06:13:28.501652,BTC-USDT,117678.99,117679.0,0.211057,0.543648
2025-07-24T06:13:28.501710,ETH-USDT,3559.0,3559.01,5.1172,0.5
2025-07-24T06:13:28.501749,XRP-USDT,3.07037,3.07038,351.0,1100.77
2025-07-24T06:13:28.596802,BTC-USDT,117678.99,117679.0,0.211057,0.543135
2025-07-24T06:13:28.795948,XRP-USDT,3.07037,3.07038,1147.75,1100.77
2025-07-24T06:13:28.999592,ETH-USDT,3559.0,3559.01,3.1064,3.3097
2025-07-24T06:13:28.999634,XRP-USDT,3.07037,3.07038,796.75,1100.77
2025-07-24T06:13:29.002230,SOL-USDT,183.0526,183.0872,4.86,1.454
2025-07-24T06:13:29.002287,LTC-USDT,109.29,109.35,2.97,2.97
2025-07-24T06:13:29.102387,SOL-USDT,183.0526,183.0872,4.86,6.314
2025-07-24T06:13:29.102461,LTC-USDT,109.29,109.34,2.97,2.832
2025-07-24T06:13:29.198928,BTC-USDT,117678.99,117679.0,0.211057,0.543648
2025-07-24T06:13:29.199561,ETH-USDT,3559.0,3559.01,3.0664,3.3097
2025-07-24T06:13:29.199601,XRP-USDT,3.07037,3.07038,796.75,827.0
2025-07-24T06:13:29.201739,LTC-USDT,109.29,109.33,2.97,2.97
2025-07-24T06:13:29.296484,ETH-USDT,3559.0,3559.01,3.0664,0.5
2025-07-24T06:13:29.296646,XRP-USDT,3.07037,3.07119,796.75,621.0
2025-07-24T06:13:29.298892,SOL-USDT,183.0781,183.0872,1.46,6.314
2025-07-24T06:13:29.398311,XRP-USDT,3.07037,3.07095,796.75,270.0
2025-07-24T06:13:29.399859,LTC-USDT,109.28,109.33,2.97,2.97
2025-07-24T06:13:29.495567,ETH-USDT,3559.0,3559.01,4.4657,0.5
2025-07-24T06:13:29.495819,XRP-USDT,3.07037,3.07038,796.75,636.53
2025-07-24T06:13:29.896039,ETH-USDT,3559.0,3559.01,3.0664,3.3097
2025-07-24T06:13:29.897466,SOL-USDT,183.0526,183.0872,4.86,6.314
2025-07-24T06:13:29.897687,LTC-USDT,109.28,109.3,2.97,5.0446
2025-07-24T06:13:29.999113,ETH-USDT,3559.0,3559.01,3.0664,0.5
2025-07-24T06:13:30.002269,LTC-USDT,109.28,109.33,2.97,2.97
2025-07-24T06:13:30.097307,BTC-USDT,117678.99,117679.0,0.211057,0.815678
2025-07-24T06:13:30.097759,ETH-USDT,3559.0,3559.01,3.0664,3.3097
2025-07-24T06:13:30.098355,XRP-USDT,3.07037,3.07038,796.75,636.53
2025-07-24T06:13:30.100007,SOL-USDT,183.071,183.0872,1.527,6.314
2025-07-24T06:13:30.241326,ETH-USDT,3559.0,3559.01,4.1457,0.5
2025-07-24T06:13:30.243666,SOL-USDT,183.0778,183.0872,1.507,1.454
2025-07-24T06:13:30.295772,XRP-USDT,3.07037,3.07038,796.75,285.53
2025-07-24T06:13:30.298034,SOL-USDT,183.078,183.0872,4.86,1.454
2025-07-24T06:13:30.398371,BTC-USDT,117678.99,117679.0,0.0104,0.884838
2025-07-24T06:13:30.400301,ETH-USDT,3558.27,3558.28,2.2814,0.703
2025-07-24T06:13:30.400350,XRP-USDT,3.06955,3.07014,162.0,351.0
2025-07-24T06:13:30.402236,SOL-USDT,183.0836,183.1206,1.566,8.22
2025-07-24T06:13:30.402349,LTC-USDT,109.27,109.34,3.0771,5.802
2025-07-24T06:13:30.499699,BTC-USDT,117678.99,117679.0,0.008496,0.884838
2025-07-24T06:13:30.500498,ETH-USDT,3558.27,3558.28,2.2814,0.7419
2025-07-24T06:13:30.501419,XRP-USDT,3.06956,3.06991,351.0,678.28
2025-07-24T06:13:30.508170,SOL-USDT,183.0448,183.1161,4.86,8.22
2025-07-24T06:13:30.508794,LTC-USDT,109.26,109.33,5.9092,2.832
2025-07-24T06:13:30.597429,XRP-USDT,3.06926,3.06966,100.0,280.49
2025-07-24T06:13:30.600059,SOL-USDT,183.0448,183.0609,4.86,1.471
2025-07-24T06:13:30.600099,LTC-USDT,109.27,109.32,2.97,2.97
2025-07-24T06:13:30.698029,XRP-USDT,3.06942,3.06966,162.0,280.49
2025-07-24T06:13:30.699817,SOL-USDT,183.0519,183.0609,4.86,1.471
2025-07-24T06:13:30.799663,XRP-USDT,3.06926,3.06964,100.0,351.0
2025-07-24T06:13:30.801799,SOL-USDT,183.0507,183.0609,1.592,1.471
2025-07-24T06:13:30.898119,XRP-USDT,3.06942,3.0695,162.0,284.92
2025-07-24T06:13:30.902935,SOL-USDT,183.0386,183.0609,4.86,1.471
2025-07-24T06:13:30.996978,XRP-USDT,3.06928,3.06963,162.0,351.0
2025-07-24T06:13:31.095984,BTC-USDT,117678.0,117678.01,0.007406,0.108496
2025-07-24T06:13:31.096938,XRP-USDT,3.06926,3.06963,100.0,351.0
2025-07-24T06:13:31.196089,BTC-USDT,117678.0,117678.01,0.007406,0.530186
2025-07-24T06:13:31.196359,XRP-USDT,3.06929,3.0693,162.0,293.18
2025-07-24T06:13:31.198153,SOL-USDT,183.0507,183.0609,1.476,1.471
2025-07-24T06:13:31.302906,XRP-USDT,3.06929,3.06973,162.0,351.0
2025-07-24T06:13:31.308109,LTC-USDT,109.25,109.3,2.97,2.97
2025-07-24T06:13:31.396938,BTC-USDT,117678.0,117678.01,0.009326,0.530186
2025-07-24T06:13:31.397208,ETH-USDT,3557.99,3558.0,0.1866,3.7493
2025-07-24T06:13:31.397275,XRP-USDT,3.06938,3.06991,162.0,678.28
2025-07-24T06:13:31.400576,SOL-USDT,183.0516,183.0895,4.86,4.86
2025-07-24T06:13:31.400732,LTC-USDT,109.26,109.3,2.97,2.97
2025-07-24T06:13:31.496838,ETH-USDT,3557.99,3558.0,0.004,3.3505
2025-07-24T06:13:31.497395,XRP-USDT,3.06947,3.06965,351.0,351.0
2025-07-24T06:13:31.596018,BTC-USDT,117678.0,117678.01,0.009326,0.802216
2025-07-24T06:13:31.596352,ETH-USDT,3557.99,3558.0,0.1866,3.3505
2025-07-24T06:13:31.596630,XRP-USDT,3.06926,3.06927,100.0,274.3
2025-07-24T06:13:31.695668,ETH-USDT,3557.99,3558.0,0.0152,3.3505
2025-07-24T06:13:31.699397,SOL-USDT,183.0516,183.0609,4.86,1.558
2025-07-24T06:13:31.896118,XRP-USDT,3.06926,3.06928,100.0,686.08
2025-07-24T06:13:31.996278,XRP-USDT,3.06927,3.06928,351.0,686.08
2025-07-24T06:13:32.095946,ETH-USDT,3557.99,3558.0,0.0152,0.54
2025-07-24T06:13:32.096196,XRP-USDT,3.06926,3.06928,100.0,686.08
2025-07-24T06:13:32.225809,ETH-USDT,3557.99,3558.0,0.1978,3.3505
2025-07-24T06:13:32.232993,XRP-USDT,3.06926,3.06927,100.0,293.41
2025-07-24T06:13:32.244245,LTC-USDT,109.26,109.3,2.97,2.97
2025-07-24T06:13:32.304253,XRP-USDT,3.06926,3.06927,100.0,914.41
2025-07-24T06:13:32.399633,ETH-USDT,3557.99,3558.0,0.1978,0.54
2025-07-24T06:13:32.402099,SOL-USDT,183.0608,183.0609,4.86,1.558
2025-07-24T06:13:32.499452,XRP-USDT,3.06926,3.06927,855.8,621.0
2025-07-24T06:13:32.513250,SOL-USDT,183.0608,183.1072,4.86,0.164
2025-07-24T06:13:32.513289,LTC-USDT,109.28,109.34,2.97,2.832
2025-07-24T06:13:32.601677,BTC-USDT,117678.0,117678.01,0.009326,0.645616
2025-07-24T06:13:32.602032,ETH-USDT,3557.99,3558.0,0.6978,0.54
2025-07-24T06:13:32.602261,XRP-USDT,3.06937,3.06991,284.65,678.28
2025-07-24T06:13:32.603547,SOL-USDT,183.0795,183.1072,4.86,4.86
2025-07-24T06:13:32.603700,LTC-USDT,109.28,109.33,2.97,2.97
2025-07-24T06:13:32.730036,XRP-USDT,3.06973,3.0699,787.99,351.0
2025-07-24T06:13:32.733434,SOL-USDT,183.0785,183.1072,1.516,4.86
2025-07-24T06:13:32.796360,XRP-USDT,3.06962,3.06963,351.0,293.85
2025-07-24T06:13:32.798722,SOL-USDT,183.0804,183.0859,4.86,1.487
2025-07-24T06:13:32.798771,LTC-USDT,109.3,109.33,2.97,2.97
2025-07-24T06:13:32.898490,SOL-USDT,183.0804,183.1072,4.86,4.86
2025-07-24T06:13:32.898541,LTC-USDT,109.28,109.33,2.97,2.97
2025-07-24T06:13:32.996582,XRP-USDT,3.0699,3.06991,513.0,678.28
2025-07-24T06:13:32.999021,SOL-USDT,183.0804,183.1206,4.86,4.86
2025-07-24T06:13:32.999313,LTC-USDT,109.3,109.33,2.97,2.97
2025-07-24T06:13:33.099122,SOL-USDT,183.0804,183.093,4.86,1.561
2025-07-24T06:13:33.196226,XRP-USDT,3.0699,3.06991,1002.0,678.28
2025-07-24T06:13:33.497457,XRP-USDT,3.0699,3.06992,138.0,351.0
2025-07-24T06:13:33.499915,SOL-USDT,183.0785,183.093,1.516,1.561
2025-07-24T06:13:33.499965,LTC-USDT,109.28,109.33,2.97,2.97
2025-07-24T06:13:33.598010,XRP-USDT,3.06926,3.06927,72.97,351.0
2025-07-24T06:13:33.600071,SOL-USDT,183.0735,183.0866,4.86,1.485
2025-07-24T06:13:33.600391,LTC-USDT,109.29,109.33,2.97,2.97
2025-07-24T06:13:33.696204,ETH-USDT,3557.99,3558.0,0.5152,0.54
2025-07-24T06:13:33.696457,XRP-USDT,3.06926,3.06928,72.97,351.0
2025-07-24T06:13:33.698452,LTC-USDT,109.28,109.33,0.1072,2.97
2025-07-24T06:13:33.797065,ETH-USDT,3557.99,3558.0,0.6978,0.54
2025-07-24T06:13:33.797510,XRP-USDT,3.06926,3.06927,72.97,271.98
2025-07-24T06:13:33.800741,LTC-USDT,109.29,109.33,2.97,2.97
2025-07-24T06:13:33.896804,XRP-USDT,3.06926,3.06927,72.97,622.98
2025-07-24T06:13:33.897645,SOL-USDT,183.0865,183.0866,4.86,1.485
2025-07-24T06:13:33.998000,XRP-USDT,3.06926,3.06927,72.97,271.98
2025-07-24T06:13:34.095639,XRP-USDT,3.06926,3.06927,72.97,622.98
2025-07-24T06:13:34.197504,SOL-USDT,183.0767,183.0866,4.86,1.485
2025-07-24T06:13:34.295932,ETH-USDT,3557.99,3558.0,0.5152,3.3505
2025-07-24T06:13:34.295975,XRP-USDT,3.06926,3.06927,835.78,622.98
2025-07-24T06:13:34.298566,LTC-USDT,109.28,109.33,2.97,2.97
2025-07-24T06:13:34.396655,XRP-USDT,3.06926,3.06927,835.78,271.98
2025-07-24T06:13:34.497486,ETH-USDT,3557.99,3558.0,0.6978,0.54
2025-07-24T06:13:34.497831,XRP-USDT,3.06926,3.06927,835.78,267.0928444222893
2025-07-24T06:13:34.598685,XRP-USDT,3.06936,3.06977,351.0,351.0
2025-07-24T06:13:34.599860,SOL-USDT,183.0999,183.1332,4.86,8.22
2025-07-24T06:13:34.699256,BTC-USDT,117678.0,117678.01,0.007406,0.645616
2025-07-24T06:13:34.699751,ETH-USDT,3555.52,3555.54,1.5931,0.703
2025-07-24T06:13:34.700926,XRP-USDT,3.06779,3.06896,162.0,270.0
2025-07-24T06:13:34.703676,SOL-USDT,183.0656,183.1332,4.86,8.22
2025-07-24T06:13:34.704273,LTC-USDT,109.27,109.32,0.1072,2.97
2025-07-24T06:13:34.799049,BTC-USDT,117657.64,117657.65,0.008498,0.100353
2025-07-24T06:13:34.799098,ETH-USDT,3555.57,3556.01,2.0,0.0284
2025-07-24T06:13:34.799512,XRP-USDT,3.06795,3.06848,162.0,270.92
2025-07-24T06:13:34.801647,SOL-USDT,183.0536,183.1332,4.86,8.22
2025-07-24T06:13:34.801993,LTC-USDT,109.26,109.31,2.97,2.832
2025-07-24T06:13:34.897452,BTC-USDT,117657.64,117657.65,0.008498,0.326157
2025-07-24T06:13:34.897500,ETH-USDT,3555.59,3557.31,0.0382,0.0016
2025-07-24T06:13:34.897671,XRP-USDT,3.06795,3.0684,162.0,289.72
2025-07-24T06:13:34.899474,SOL-USDT,183.0536,183.0762,4.86,6.33
2025-07-24T06:13:34.899671,LTC-USDT,109.26,109.31,2.97,2.832
2025-07-24T06:13:34.996924,BTC-USDT,117657.64,117657.65,0.010443,0.326113
2025-07-24T06:13:34.997171,ETH-USDT,3555.89,3557.24,0.0382,4.8116
2025-07-24T06:13:34.997972,XRP-USDT,3.06825,3.06865,162.0,351.0
2025-07-24T06:13:34.999800,SOL-USDT,183.0675,183.0762,4.86,1.47
2025-07-24T06:13:34.999983,LTC-USDT,109.26,109.3,2.97,2.97
2025-07-24T06:13:35.095989,BTC-USDT,117657.64,117657.65,0.010443,0.326157
2025-07-24T06:13:35.096601,ETH-USDT,3555.89,3557.18,0.0382,2.8134
2025-07-24T06:13:35.097520,XRP-USDT,3.06794,3.06845,351.0,283.23
2025-07-24T06:13:35.100112,SOL-USDT,183.0677,183.0762,4.86,1.47
2025-07-24T06:13:35.231744,BTC-USDT,117657.64,117657.65,0.010443,0.326113
2025-07-24T06:13:35.232123,ETH-USDT,3555.89,3556.05,0.5,0.04
2025-07-24T06:13:35.232361,XRP-USDT,3.06796,3.0681,162.0,284.65
2025-07-24T06:13:35.234191,LTC-USDT,109.26,109.3,2.97,2.97
2025-07-24T06:13:35.295925,BTC-USDT,117657.64,117657.65,0.010443,0.575202
2025-07-24T06:13:35.296395,ETH-USDT,3555.89,3556.05,2.0,0.0251
2025-07-24T06:13:35.296718,XRP-USDT,3.06809,3.0681,162.0,274.54
2025-07-24T06:13:35.396385,BTC-USDT,117657.64,117657.65,0.010443,0.575158
2025-07-24T06:13:35.396597,XRP-USDT,3.06809,3.0681,513.0,274.54
2025-07-24T06:13:35.495951,BTC-USDT,117657.64,117657.65,0.010443,1.042753
2025-07-24T06:13:35.496217,ETH-USDT,3555.98,3556.05,3.185,0.0251
2025-07-24T06:13:35.596651,BTC-USDT,117657.64,117657.65,0.010443,1.042709
2025-07-24T06:13:35.596799,ETH-USDT,3556.0,3556.05,0.1849,0.0251
2025-07-24T06:13:35.695746,BTC-USDT,117657.64,117657.65,0.010443,0.886153
2025-07-24T06:13:35.695793,ETH-USDT,3556.04,3556.05,2.0131,0.0251
2025-07-24T06:13:35.798052,BTC-USDT,117657.64,117657.65,0.010443,0.886109
2025-07-24T06:13:35.897331,LTC-USDT,109.26,109.3,2.97,2.97
2025-07-24T06:13:35.998187,ETH-USDT,3556.04,3556.05,5.0131,0.0251
2025-07-24T06:13:35.998645,XRP-USDT,3.06809,3.0681,1275.44,274.54
2025-07-24T06:13:36.096265,BTC-USDT,117657.64,117657.65,0.010443,0.886153
2025-07-24T06:13:36.096706,XRP-USDT,3.06809,3.0681,924.44,274.54
2025-07-24T06:13:36.098940,SOL-USDT,183.0656,183.0762,1.543,1.47
2025-07-24T06:13:36.196794,XRP-USDT,3.06809,3.0681,762.44,274.54
2025-07-24T06:13:36.199352,SOL-USDT,183.045,183.0714,4.86,6.4
2025-07-24T06:13:36.396795,ETH-USDT,3555.9,3556.05,0.685,0.0186
2025-07-24T06:13:36.396849,XRP-USDT,3.06809,3.06846,762.44,351.0
2025-07-24T06:13:36.400750,SOL-USDT,183.045,183.0663,4.86,6.341
2025-07-24T06:13:36.400809,LTC-USDT,109.25,109.3,3.0772,2.97
2025-07-24T06:13:36.498365,ETH-USDT,3555.92,3556.05,0.5,0.0186
2025-07-24T06:13:36.498428,XRP-USDT,3.06809,3.06825,762.44,351.0
2025-07-24T06:13:36.501366,SOL-USDT,183.0527,183.0663,1.57,6.341
2025-07-24T06:13:36.501420,LTC-USDT,109.26,109.3,2.97,2.97
2025-07-24T06:13:36.595532,ETH-USDT,3555.94,3555.95,0.185,0.3988
2025-07-24T06:13:36.595681,XRP-USDT,3.06809,3.0681,762.44,270.04
2025-07-24T06:13:36.701933,BTC-USDT,117657.64,117657.65,0.010443,0.886109
2025-07-24T06:13:36.701999,ETH-USDT,3555.3,3555.83,0.0042,0.5
2025-07-24T06:13:36.702247,XRP-USDT,3.06809,3.0681,762.44,621.04
2025-07-24T06:13:36.704829,SOL-USDT,182.9978,183.0371,6.752,1.578
2025-07-24T06:13:36.705110,LTC-USDT,109.24,109.29,2.97,2.832
2025-07-24T06:13:36.800817,BTC-USDT,117657.64,117657.65,0.010443,0.886153
2025-07-24T06:13:36.801235,ETH-USDT,3555.38,3555.73,2.1038,0.5
2025-07-24T06:13:36.801931,SOL-USDT,183.0062,183.0239,4.86,1.49
2025-07-24T06:13:36.801979,LTC-USDT,109.24,109.28,2.97,2.97
2025-07-24T06:13:36.899676,BTC-USDT,117657.64,117657.65,0.010443,0.886109
2025-07-24T06:13:36.899752,ETH-USDT,3555.67,3555.68,0.0373,0.3988
2025-07-24T06:13:36.899781,XRP-USDT,3.06734,3.06743,351.0,276.76
2025-07-24T06:13:36.901304,SOL-USDT,183.0096,183.0239,1.492,1.49
2025-07-24T06:13:36.998472,XRP-USDT,3.06742,3.06743,351.0,276.76
2025-07-24T06:13:37.001186,SOL-USDT,183.0114,183.0239,4.86,1.49
2025-07-24T06:13:37.098137,BTC-USDT,117648.3,117648.31,0.00131,0.776796
2025-07-24T06:13:37.098338,ETH-USDT,3555.38,3555.39,0.0046,0.3988
2025-07-24T06:13:37.098821,XRP-USDT,3.06689,3.06803,163.0,270.0
2025-07-24T06:13:37.102512,SOL-USDT,182.9977,183.0124,4.86,1.539
2025-07-24T06:13:37.200129,BTC-USDT,117646.94,117646.95,0.000986,0.465521
2025-07-24T06:13:37.200569,ETH-USDT,3555.21,3555.52,3.1494,0.0378
2025-07-24T06:13:37.201441,XRP-USDT,3.06659,3.06761,270.0,351.0
2025-07-24T06:13:37.204279,SOL-USDT,182.9977,183.0429,4.86,3.36
2025-07-24T06:13:37.204319,LTC-USDT,109.24,109.31,2.97,2.832
2025-07-24T06:13:37.299141,ETH-USDT,3555.29,3556.11,0.5,3.657
2025-07-24T06:13:37.299603,XRP-USDT,3.06719,3.06802,351.0,351.0
2025-07-24T06:13:37.302175,SOL-USDT,182.9977,183.0429,4.86,8.22
2025-07-24T06:13:37.397446,ETH-USDT,3555.59,3556.11,1.0,3.657
2025-07-24T06:13:37.397508,XRP-USDT,3.06724,3.06817,282.37,351.0
2025-07-24T06:13:37.400530,SOL-USDT,183.011,183.0429,4.86,8.22
2025-07-24T06:13:37.400573,LTC-USDT,109.26,109.31,2.97,2.832
2025-07-24T06:13:37.496170,BTC-USDT,117646.94,117646.95,0.000836,0.465521
2025-07-24T06:13:37.496427,ETH-USDT,3555.59,3555.79,2.0,0.0394
2025-07-24T06:13:37.496625,XRP-USDT,3.06726,3.0682,162.0,621.0
2025-07-24T06:13:37.498854,LTC-USDT,109.26,109.3,2.97,2.97
2025-07-24T06:13:37.596263,ETH-USDT,3555.64,3555.79,0.1853,0.0394
2025-07-24T06:13:37.596575,XRP-USDT,3.06776,3.06777,351.0,273.39
2025-07-24T06:13:37.600128,SOL-USDT,183.011,183.0111,4.86,1.45
2025-07-24T06:13:37.600270,LTC-USDT,109.24,109.27,2.97,2.97
2025-07-24T06:13:37.695695,ETH-USDT,3555.73,3555.79,1.1853,0.0394
2025-07-24T06:13:37.699110,SOL-USDT,183.0023,183.0111,4.86,1.45
2025-07-24T06:13:37.699395,LTC-USDT,109.24,109.3,2.97,2.97
2025-07-24T06:13:37.799268,ETH-USDT,3555.78,3555.79,4.7448,0.0394
2025-07-24T06:13:37.799296,XRP-USDT,3.06767,3.06825,351.0,351.0
2025-07-24T06:13:37.897912,BTC-USDT,117646.94,117646.95,0.000836,0.934889
2025-07-24T06:13:37.898580,XRP-USDT,3.06798,3.06853,351.0,351.0
2025-07-24T06:13:37.901652,LTC-USDT,109.24,109.26,2.97,2.97
2025-07-24T06:13:37.998723,BTC-USDT,117644.0,117644.01,7.9e-05,0.2566
2025-07-24T06:13:37.998771,XRP-USDT,3.06798,3.06831,351.0,351.0
2025-07-24T06:13:37.998799,LTC-USDT,109.23,109.26,2.97,2.97
2025-07-24T06:13:38.095647,BTC-USDT,117644.0,117644.01,7.9e-05,0.802734
2025-07-24T06:13:38.095974,ETH-USDT,3555.78,3555.79,3.5,0.0394
2025-07-24T06:13:38.096126,XRP-USDT,3.06688,3.06758,500.0,273.94
2025-07-24T06:13:38.195643,ETH-USDT,3555.78,3555.79,4.772,0.0394
2025-07-24T06:13:38.196713,XRP-USDT,3.06757,3.06758,1618.86,273.94
2025-07-24T06:13:38.197445,LTC-USDT,109.23,109.28,2.97,2.97
2025-07-24T06:13:38.296620,BTC-USDT,117640.0,117640.01,0.001489,0.787139
2025-07-24T06:13:38.296695,XRP-USDT,3.06787,3.06849,351.0,351.0
2025-07-24T06:13:38.395947,BTC-USDT,117640.0,117640.01,0.001489,0.798349
2025-07-24T06:13:38.396509,XRP-USDT,3.06787,3.06854,351.0,270.0
2025-07-24T06:13:38.496184,ETH-USDT,3555.78,3555.79,3.5,0.0394
2025-07-24T06:13:38.496351,XRP-USDT,3.06788,3.06877,162.0,270.0
2025-07-24T06:13:38.497861,LTC-USDT,109.23,109.28,2.97,2.97
2025-07-24T06:13:38.595356,BTC-USDT,117640.0,117640.01,0.001489,1.2659
2025-07-24T06:13:38.595726,XRP-USDT,3.06818,3.0687,351.0,351.0
2025-07-24T06:13:38.695919,ETH-USDT,3555.78,3555.79,4.776,0.0394
2025-07-24T06:13:38.696185,XRP-USDT,3.06789,3.068,162.0,298.03
2025-07-24T06:13:38.797411,ETH-USDT,3555.78,3555.79,3.5,0.0394
2025-07-24T06:13:38.799124,XRP-USDT,3.06799,3.068,513.0,298.03
2025-07-24T06:13:38.898671,ETH-USDT,3555.78,3555.79,4.766,0.0394
2025-07-24T06:13:38.900733,XRP-USDT,3.06799,3.0687,513.0,351.0
2025-07-24T06:13:39.001214,ETH-USDT,3555.83,3556.23,1.0,2.648
2025-07-24T06:13:39.001267,XRP-USDT,3.0686,3.06919,351.0,621.0
2025-07-24T06:13:39.003461,SOL-USDT,183.0394,183.0619,4.86,8.22
2025-07-24T06:13:39.003725,LTC-USDT,109.23,109.28,2.97,2.97
2025-07-24T06:13:39.098528,ETH-USDT,3556.15,3556.23,0.6848,2.648
2025-07-24T06:13:39.098593,XRP-USDT,3.06891,3.06926,351.0,705.94
2025-07-24T06:13:39.101317,SOL-USDT,183.05,183.0759,4.86,8.22
2025-07-24T06:13:39.101787,LTC-USDT,109.26,109.29,2.97,2.97
2025-07-24T06:13:39.198161,BTC-USDT,117640.0,117640.01,0.001489,1.1093
2025-07-24T06:13:39.201120,ETH-USDT,3556.22,3556.23,5.211,2.648
2025-07-24T06:13:39.201155,XRP-USDT,3.06925,3.07048,275.0,351.0
2025-07-24T06:13:39.201446,SOL-USDT,183.05,183.0578,4.86,1.481
2025-07-24T06:13:39.201483,LTC-USDT,109.28,109.31,2.97,2.97
2025-07-24T06:13:39.300376,BTC-USDT,117640.0,117640.01,0.001489,1.358379
2025-07-24T06:13:39.300603,ETH-USDT,3556.22,3556.23,5.211,2.6452
2025-07-24T06:13:39.300638,XRP-USDT,3.0695,3.07025,351.0,351.0
2025-07-24T06:13:39.305451,SOL-USDT,183.0725,183.089,4.86,0.528
2025-07-24T06:13:39.305749,LTC-USDT,109.28,109.31,5.802,2.97
2025-07-24T06:13:39.396582,XRP-USDT,3.06983,3.07044,351.0,351.0
2025-07-24T06:13:39.399047,LTC-USDT,109.29,109.33,2.97,2.97
2025-07-24T06:13:39.499570,XRP-USDT,3.06891,3.06996,351.0,351.0
2025-07-24T06:13:39.502425,SOL-USDT,183.0293,183.088,4.86,8.22
2025-07-24T06:13:39.596956,ETH-USDT,3556.22,3556.23,5.1723,3.1452
2025-07-24T06:13:39.597400,XRP-USDT,3.06922,3.06989,351.0,270.0
2025-07-24T06:13:39.600513,SOL-USDT,183.0293,183.062,4.86,6.36
2025-07-24T06:13:39.601034,LTC-USDT,109.28,109.3,2.97,2.97
2025-07-24T06:13:39.696763,ETH-USDT,3556.22,3556.23,5.1723,5.9571
2025-07-24T06:13:39.696798,XRP-USDT,3.06927,3.06928,1133.57,351.0
2025-07-24T06:13:39.698823,SOL-USDT,183.0293,183.062,4.86,1.5
2025-07-24T06:13:39.797002,XRP-USDT,3.06927,3.06928,782.57,351.0
2025-07-24T06:13:39.799370,SOL-USDT,183.0454,183.062,1.568,6.36
2025-07-24T06:13:39.799561,LTC-USDT,109.28,109.33,2.97,2.97
2025-07-24T06:13:39.902155,ETH-USDT,3556.22,3556.23,5.0257,5.9571
2025-07-24T06:13:39.902226,XRP-USDT,3.06927,3.06928,782.57,1464.0
2025-07-24T06:13:39.995266,ETH-USDT,3556.22,3556.23,3.5381,5.9571
2025-07-24T06:13:39.995347,XRP-USDT,3.06927,3.06928,782.57,1393.09
2025-07-24T06:13:40.195736,XRP-USDT,3.06927,3.06928,782.57,1393.09
2025-07-24T06:13:40.198238,LTC-USDT,109.28,109.33,2.97,2.97
2025-07-24T06:13:40.301579,ETH-USDT,3556.22,3556.23,3.5,5.9571
2025-07-24T06:13:40.396990,ETH-USDT,3556.22,3556.23,3.0,5.9967
2025-07-24T06:13:40.397353,XRP-USDT,3.06927,3.06928,782.57,1113.0
2025-07-24T06:13:40.497601,ETH-USDT,3556.22,3556.23,3.5,3.1848
2025-07-24T06:13:40.498962,XRP-USDT,3.06951,3.06996,351.0,351.0
2025-07-24T06:13:40.502453,SOL-USDT,183.0522,183.062,4.86,1.5
2025-07-24T06:13:40.502689,LTC-USDT,109.28,109.33,2.97,2.97
2025-07-24T06:13:40.596431,ETH-USDT,3556.22,3556.23,5.6916,2.6452
2025-07-24T06:13:40.596474,XRP-USDT,3.06982,3.07012,351.0,351.0
2025-07-24T06:13:40.599083,SOL-USDT,183.0522,183.088,4.86,8.22
2025-07-24T06:13:40.599122,LTC-USDT,109.3,109.33,2.97,2.97
2025-07-24T06:13:40.697955,ETH-USDT,3556.22,3556.91,5.1916,1.0732
2025-07-24T06:13:40.698270,XRP-USDT,3.06994,3.07036,162.0,100.0
2025-07-24T06:13:40.701595,SOL-USDT,183.0749,183.089,4.86,0.528
2025-07-24T06:13:40.798501,ETH-USDT,3556.54,3556.68,0.5,0.0363
2025-07-24T06:13:40.798627,XRP-USDT,3.07011,3.07036,351.0,100.0
2025-07-24T06:13:40.802774,SOL-USDT,183.0816,183.089,4.86,0.528
2025-07-24T06:13:40.802821,LTC-USDT,109.3,109.34,2.97,49.282
2025-07-24T06:13:40.896692,BTC-USDT,117640.0,117640.01,0.001489,1.1093
2025-07-24T06:13:40.896983,ETH-USDT,3556.67,3556.68,5.5694,0.0363
2025-07-24T06:13:40.897526,XRP-USDT,3.07035,3.07036,513.0,100.0
2025-07-24T06:13:41.048230,BTC-USDT,117640.0,117640.01,0.001489,1.358563
2025-07-24T06:13:41.051159,LTC-USDT,109.32,109.37,2.97,2.97
2025-07-24T06:13:41.096971,SOL-USDT,183.0786,183.089,4.86,0.528
2025-07-24T06:13:41.196091,ETH-USDT,3556.72,3556.91,2.0972,1.0732
2025-07-24T06:13:41.199128,LTC-USDT,109.32,109.37,2.97,2.97
2025-07-24T06:13:41.295524,ETH-USDT,3556.84,3556.91,1.0,1.0732
2025-07-24T06:13:41.295741,XRP-USDT,3.07035,3.07036,797.01,100.0
2025-07-24T06:13:41.396206,ETH-USDT,3556.9,3556.91,3.0569,1.0732
2025-07-24T06:13:41.498414,BTC-USDT,117640.0,117640.01,0.001489,1.1093
2025-07-24T06:13:41.498611,ETH-USDT,3556.9,3556.91,6.0933,1.0732
2025-07-24T06:13:41.499140,XRP-USDT,3.07071,3.07111,286.02,765.61
2025-07-24T06:13:41.502106,SOL-USDT,183.0667,183.089,5.514,0.528
2025-07-24T06:13:41.502351,LTC-USDT,109.34,109.37,2.97,2.97
2025-07-24T06:13:41.597523,BTC-USDT,117640.0,117640.01,0.001489,1.358563
2025-07-24T06:13:41.597949,XRP-USDT,3.07132,3.07175,351.0,351.0
2025-07-24T06:13:41.600487,SOL-USDT,183.0889,183.089,6.379,0.528
2025-07-24T06:13:41.601816,LTC-USDT,109.36,109.41,2.97,2.97
2025-07-24T06:13:41.697140,XRP-USDT,3.07133,3.07207,162.0,1.72
2025-07-24T06:13:41.700039,SOL-USDT,183.0889,183.089,15.853,0.528
2025-07-24T06:13:41.798573,BTC-USDT,117640.0,117640.01,0.001489,1.1093
2025-07-24T06:13:41.798625,ETH-USDT,3556.91,3557.49,0.5,0.0365
2025-07-24T06:13:41.798764,XRP-USDT,3.07193,3.07194,351.0,295.88
2025-07-24T06:13:41.801338,SOL-USDT,183.0999,183.1162,6.304,8.697
2025-07-24T06:13:41.801544,LTC-USDT,109.38,109.41,2.97,2.97
2025-07-24T06:13:41.903780,BTC-USDT,117640.0,117640.01,0.001489,1.358513
2025-07-24T06:13:41.903856,ETH-USDT,3557.5,3558.21,1.5,0.0043
2025-07-24T06:13:41.903908,XRP-USDT,3.07224,3.07267,351.0,1.72
2025-07-24T06:13:41.903933,SOL-USDT,183.116,183.1162,4.86,3.261
2025-07-24T06:13:41.998164,ETH-USDT,3557.57,3558.21,0.6827,0.0043
2025-07-24T06:13:41.998457,XRP-USDT,3.07224,3.07265,351.0,351.0
2025-07-24T06:13:42.000422,SOL-USDT,183.116,183.1376,4.86,3.0
2025-07-24T06:13:42.096809,BTC-USDT,117640.0,117640.01,0.001489,0.778295
2025-07-24T06:13:42.097079,ETH-USDT,3557.62,3557.88,1.4657,0.0398
2025-07-24T06:13:42.097231,XRP-USDT,3.07211,3.07293,351.0,270.0
2025-07-24T06:13:42.098855,SOL-USDT,183.1375,183.1376,4.86,3.0
2025-07-24T06:13:42.099714,LTC-USDT,109.38,109.41,2.97,2.97
2025-07-24T06:13:42.199089,BTC-USDT,117640.0,117640.01,0.001489,0.776592
2025-07-24T06:13:42.201479,ETH-USDT,3557.72,3557.84,1.5,2.6264
2025-07-24T06:13:42.201505,XRP-USDT,3.07211,3.07277,351.0,270.0
2025-07-24T06:13:42.203564,SOL-USDT,183.1375,183.1376,4.86,3.0
2025-07-24T06:13:42.297208,BTC-USDT,117640.0,117640.01,0.001489,1.025829
2025-07-24T06:13:42.297277,ETH-USDT,3557.77,3557.78,0.5,0.3987
2025-07-24T06:13:42.297737,XRP-USDT,3.07139,3.07231,270.0,351.0
2025-07-24T06:13:42.300715,SOL-USDT,183.116,183.1376,4.86,3.0
2025-07-24T06:13:42.396256,ETH-USDT,3557.78,3557.79,4.823,0.3988
2025-07-24T06:13:42.396329,XRP-USDT,3.07203,3.07323,162.0,270.0
2025-07-24T06:13:42.397785,SOL-USDT,183.1204,183.1396,4.86,1.461
2025-07-24T06:13:42.398004,LTC-USDT,109.39,109.41,2.97,2.97
2025-07-24T06:13:42.500174,BTC-USDT,117640.0,117640.01,0.001489,0.504562
2025-07-24T06:13:42.500613,ETH-USDT,3557.81,3557.84,0.5,2.6264
2025-07-24T06:13:42.500655,XRP-USDT,3.07209,3.07281,351.0,351.0
2025-07-24T06:13:42.596541,BTC-USDT,117640.0,117640.01,0.001489,0.753794
2025-07-24T06:13:42.597040,ETH-USDT,3557.83,3557.84,1.6828,2.6264
2025-07-24T06:13:42.598740,SOL-USDT,183.1297,183.1396,1.591,1.461
2025-07-24T06:13:42.598791,LTC-USDT,109.39,109.42,2.97,49.28
2025-07-24T06:13:42.696438,BTC-USDT,117640.0,117640.01,0.001489,0.762293
2025-07-24T06:13:42.697376,XRP-USDT,3.07233,3.07323,351.0,270.0
2025-07-24T06:13:42.698493,SOL-USDT,183.1342,183.1396,4.86,1.461
2025-07-24T06:13:42.796105,XRP-USDT,3.07233,3.07278,351.0,351.0
2025-07-24T06:13:42.797892,LTC-USDT,109.39,109.43,2.97,2.97
2025-07-24T06:13:42.896706,XRP-USDT,3.07163,3.0722,351.0,272.06
2025-07-24T06:13:42.898401,LTC-USDT,109.41,109.45,2.97,52.245
2025-07-24T06:13:42.997035,ETH-USDT,3557.83,3557.84,0.5,2.6264
2025-07-24T06:13:42.997331,XRP-USDT,3.07195,3.07368,162.0,351.0
2025-07-24T06:13:42.998900,LTC-USDT,109.41,109.44,2.97,2.97
2025-07-24T06:13:43.098737,BTC-USDT,117640.0,117640.01,0.001489,0.663996
2025-07-24T06:13:43.100128,ETH-USDT,3557.81,3557.84,0.6828,2.6649
2025-07-24T06:13:43.101711,XRP-USDT,3.07225,3.07368,351.0,351.0
2025-07-24T06:13:43.196650,ETH-USDT,3557.8,3557.81,1.5088,0.3988
2025-07-24T06:13:43.196950,XRP-USDT,3.07225,3.07226,351.0,299.09
2025-07-24T06:13:43.198744,LTC-USDT,109.42,109.44,7.9283,2.97
2025-07-24T06:13:43.299158,BTC-USDT,117640.0,117640.01,0.001489,0.414764
2025-07-24T06:13:43.299492,ETH-USDT,3557.83,3557.84,0.6828,2.6649
2025-07-24T06:13:43.300323,SOL-USDT,183.1343,183.1396,7.614,1.461
2025-07-24T06:13:43.300365,LTC-USDT,109.42,109.44,2.97,2.97
2025-07-24T06:13:43.462321,BTC-USDT,117640.0,117640.01,0.276879,0.212519
2025-07-24T06:13:43.463213,XRP-USDT,3.07255,3.07368,351.0,351.0
2025-07-24T06:13:43.467396,SOL-USDT,183.1578,183.1753,4.86,1.5
2025-07-24T06:13:43.467510,LTC-USDT,109.42,109.45,2.97,49.275
2025-07-24T06:13:43.501333,BTC-USDT,117640.0,117640.01,0.320479,0.266175
2025-07-24T06:13:43.501377,ETH-USDT,3557.83,3557.84,3.7204,2.6264
2025-07-24T06:13:43.501411,XRP-USDT,3.07279,3.07331,351.0,351.0
2025-07-24T06:13:43.503957,SOL-USDT,183.1662,183.1753,4.86,1.5
2025-07-24T06:13:43.504096,LTC-USDT,109.42,109.47,2.97,2.97
2025-07-24T06:13:43.599592,BTC-USDT,117645.99,117646.0,0.215486,0.0001
2025-07-24T06:13:43.600310,ETH-USDT,3557.83,3557.84,4.3674,2.6264
2025-07-24T06:13:43.600352,XRP-USDT,3.07279,3.07341,351.0,351.0
2025-07-24T06:13:43.602794,SOL-USDT,183.1752,183.204,4.86,3.36
2025-07-24T06:13:43.697689,BTC-USDT,117645.99,117646.0,0.215486,0.002096
2025-07-24T06:13:43.797451,BTC-USDT,117645.99,117646.0,0.333775,0.0001
2025-07-24T06:13:43.797862,XRP-USDT,3.07281,3.07349,281.87,351.0
2025-07-24T06:13:43.800849,SOL-USDT,183.1977,183.2126,4.86,3.36
2025-07-24T06:13:43.898856,ETH-USDT,3557.83,3557.84,4.3674,2.6179
2025-07-24T06:13:43.899308,XRP-USDT,3.07311,3.07371,351.0,351.0
2025-07-24T06:13:43.903028,SOL-USDT,183.1977,183.217,4.86,3.0
2025-07-24T06:13:43.998022,ETH-USDT,3558.46,3559.32,0.0191,0.0041
2025-07-24T06:13:43.998062,XRP-USDT,3.0732,3.07469,270.0,351.0
2025-07-24T06:13:44.002452,SOL-USDT,183.2036,183.2097,4.86,1.527
2025-07-24T06:13:44.002506,LTC-USDT,109.42,109.48,2.97,52.098
2025-07-24T06:13:44.099326,BTC-USDT,117645.99,117646.0,0.37113,0.0001
2025-07-24T06:13:44.100892,ETH-USDT,3558.63,3558.79,0.1818,0.037
2025-07-24T06:13:44.101769,XRP-USDT,3.07335,3.07456,278.0,270.0
2025-07-24T06:13:44.106499,SOL-USDT,183.2036,183.217,4.86,3.0
2025-07-24T06:13:44.106791,LTC-USDT,109.44,109.48,2.97,49.266
2025-07-24T06:13:44.199080,BTC-USDT,117648.99,117649.0,0.335698,0.0001
2025-07-24T06:13:44.199443,ETH-USDT,3558.89,3559.34,1.4663,0.0026
2025-07-24T06:13:44.200123,XRP-USDT,3.07344,3.07425,162.0,351.0
2025-07-24T06:13:44.296934,BTC-USDT,117655.99,117656.0,0.578651,1.9038893044129e-05
2025-07-24T06:13:44.297696,ETH-USDT,3558.94,3559.34,2.0,0.0026
2025-07-24T06:13:44.298124,XRP-USDT,3.07364,3.07425,285.34,351.0
2025-07-24T06:13:44.302526,SOL-USDT,183.2144,183.217,6.36,3.0
2025-07-24T06:13:44.302773,LTC-USDT,109.47,109.49,2.97,2.97
2025-07-24T06:13:44.401293,BTC-USDT,117655.99,117656.0,0.780602,1.9038893044129e-05
2025-07-24T06:13:44.401563,ETH-USDT,3558.98,3559.34,2.0,0.0026
2025-07-24T06:13:44.403461,XRP-USDT,3.07364,3.07445,285.34,351.0
2025-07-24T06:13:44.405521,LTC-USDT,109.47,109.51,2.97,49.262
2025-07-24T06:13:44.497466,BTC-USDT,117655.99,117656.0,0.809902,1.9038893044129e-05
2025-07-24T06:13:44.497729,ETH-USDT,3559.03,3559.38,0.1812,0.188
2025-07-24T06:13:44.498195,XRP-USDT,3.07364,3.07431,285.34,351.0
2025-07-24T06:13:44.501001,SOL-USDT,183.2144,183.2258,6.36,1.551
2025-07-24T06:13:44.501056,LTC-USDT,109.46,109.51,2.97,49.262
2025-07-24T06:13:44.596856,BTC-USDT,117655.99,117656.0,1.081932,1.9038893044129e-05
2025-07-24T06:13:44.597262,ETH-USDT,3559.08,3559.09,1.6813,0.3988
2025-07-24T06:13:44.597484,XRP-USDT,3.07373,3.0744,351.0,351.0
2025-07-24T06:13:44.599090,LTC-USDT,109.48,109.51,2.97,49.262
2025-07-24T06:13:44.697769,BTC-USDT,117666.22,117666.23,0.078045,0.5000145659033183
2025-07-24T06:13:44.698047,ETH-USDT,3559.08,3559.09,1.6813,0.4377
2025-07-24T06:13:44.698297,XRP-USDT,3.07373,3.07378,351.0,285.77
2025-07-24T06:13:44.699649,LTC-USDT,109.48,109.5,2.97,2.97
2025-07-24T06:13:44.796256,BTC-USDT,117666.22,117666.23,0.108145,0.5000145659033183
2025-07-24T06:13:44.798561,LTC-USDT,109.46,109.5,2.97,2.97
2025-07-24T06:13:44.899650,ETH-USDT,3559.08,3559.09,1.6813,0.0389
2025-07-24T06:13:44.901749,SOL-USDT,183.2311,183.247,6.405,0.164
2025-07-24T06:13:44.902024,LTC-USDT,109.46,109.51,2.97,49.262
2025-07-24T06:13:44.998283,BTC-USDT,117666.22,117666.23,0.108145,0.195521
2025-07-24T06:13:44.998493,ETH-USDT,3559.08,3559.09,2.7938,0.0389
2025-07-24T06:13:44.998755,XRP-USDT,3.07377,3.07378,351.0,285.77
2025-07-24T06:13:45.100418,SOL-USDT,183.2437,183.253,21.962,8.084
2025-07-24T06:13:45.100638,LTC-USDT,109.47,109.51,2.832,49.262
2025-07-24T06:13:45.199776,ETH-USDT,3559.09,3559.37,2.0,2.8097
2025-07-24T06:13:45.199853,XRP-USDT,3.07377,3.0744,351.0,351.0
2025-07-24T06:13:45.202191,SOL-USDT,183.2437,183.2509,21.962,1.475
2025-07-24T06:13:45.202258,LTC-USDT,109.48,109.53,2.97,0.1047
2025-07-24T06:13:45.297934,ETH-USDT,3559.12,3559.38,2.0,0.188
2025-07-24T06:13:45.298090,XRP-USDT,3.07377,3.07462,351.0,1.72
2025-07-24T06:13:45.300310,LTC-USDT,109.51,109.53,2.832,0.1047
2025-07-24T06:13:45.397564,ETH-USDT,3559.17,3559.29,0.1811,0.0375
2025-07-24T06:13:45.397642,XRP-USDT,3.07407,3.07462,351.0,351.0
2025-07-24T06:13:45.398980,LTC-USDT,109.52,109.53,2.97,3.0747
2025-07-24T06:13:45.496529,BTC-USDT,117668.45,117668.46,0.205817,0.001426
2025-07-24T06:13:45.497726,ETH-USDT,3559.23,3559.29,0.1811,0.0375
2025-07-24T06:13:45.502226,SOL-USDT,183.2432,183.2509,1.448,1.475
2025-07-24T06:13:45.597841,ETH-USDT,3559.26,3559.27,1.5,0.3988
2025-07-24T06:13:45.599155,XRP-USDT,3.07407,3.07408,351.0,285.94
2025-07-24T06:13:45.601755,SOL-USDT,183.2432,183.2509,6.308,1.475
2025-07-24T06:13:45.602412,LTC-USDT,109.5,109.53,2.97,0.1047
2025-07-24T06:13:45.696602,ETH-USDT,3559.26,3559.27,2.0,0.3988
2025-07-24T06:13:45.696817,XRP-USDT,3.07407,3.07418,351.0,298.06
2025-07-24T06:13:45.699702,LTC-USDT,109.5,109.52,2.97,2.97
2025-07-24T06:13:45.797998,ETH-USDT,3559.3,3559.38,0.5,0.188
2025-07-24T06:13:45.798246,XRP-USDT,3.07407,3.07487,351.0,351.0
2025-07-24T06:13:45.801498,SOL-USDT,183.2592,183.285,1.595,0.164
2025-07-24T06:13:45.989023,ETH-USDT,3559.28,3559.29,0.2205,0.3987
2025-07-24T06:13:45.989092,XRP-USDT,3.07433,3.07456,351.0,351.0
2025-07-24T06:13:45.989117,SOL-USDT,183.2592,183.285,6.455,0.164
2025-07-24T06:13:45.989139,LTC-USDT,109.49,109.52,5.4642,2.97
2025-07-24T06:13:45.995061,BTC-USDT,117668.45,117668.46,0.205817,0.256379
2025-07-24T06:13:45.995778,ETH-USDT,3559.33,3559.38,1.0,0.188
2025-07-24T06:13:45.996241,XRP-USDT,3.07433,3.07434,351.0,286.32
2025-07-24T06:13:45.998443,SOL-USDT,183.2592,183.2683,6.455,1.503
2025-07-24T06:13:45.998525,LTC-USDT,109.5,109.52,2.97,2.97
2025-07-24T06:13:46.096337,ETH-USDT,3559.37,3559.38,4.8343,0.188
2025-07-24T06:13:46.099171,LTC-USDT,109.51,109.52,2.97,46.17
2025-07-24T06:13:46.198147,XRP-USDT,3.07433,3.07434,1140.58,286.32
2025-07-24T06:13:46.199826,SOL-USDT,183.2592,183.285,6.455,0.164
2025-07-24T06:13:46.199887,LTC-USDT,109.51,109.53,2.97,3.0747
2025-07-24T06:13:46.396395,BTC-USDT,117668.45,117668.46,0.205817,0.528409
2025-07-24T06:13:46.396733,XRP-USDT,3.07433,3.07434,789.58,286.32
2025-07-24T06:13:46.399056,SOL-USDT,183.2592,183.2837,6.455,4.86
2025-07-24T06:13:46.496910,BTC-USDT,117668.45,117668.46,0.205817,0.724443
2025-07-24T06:13:46.501785,SOL-USDT,183.2592,183.2677,6.455,1.508
2025-07-24T06:13:46.596222,BTC-USDT,117668.45,117668.46,0.205817,0.7232130576434841
2025-07-24T06:13:46.599462,LTC-USDT,109.51,109.53,2.97,3.0747
2025-07-24T06:13:46.700035,LTC-USDT,109.51,109.53,2.97,0.1047
2025-07-24T06:13:46.895265,BTC-USDT,117668.45,117668.46,0.205429,0.7237260576434841
2025-07-24T06:13:46.895600,ETH-USDT,3559.37,3559.38,4.8623,0.188
2025-07-24T06:13:46.896025,XRP-USDT,3.07433,3.07434,789.58,286.32
2025-07-24T06:13:46.997103,LTC-USDT,109.52,109.53,2.97,0.1047
2025-07-24T06:13:47.105744,LTC-USDT,109.5,109.53,2.97,0.1047
2025-07-24T06:13:47.195917,ETH-USDT,3559.37,3559.38,4.6813,0.188
2025-07-24T06:13:47.196647,XRP-USDT,3.07433,3.07434,789.58,1399.32
2025-07-24T06:13:47.198178,LTC-USDT,109.5,109.53,0.1069,0.1047
2025-07-24T06:13:47.298359,LTC-USDT,109.5,109.52,2.97,2.97
2025-07-24T06:13:47.395454,ETH-USDT,3559.37,3559.38,4.6813,2.9974
2025-07-24T06:13:47.597523,LTC-USDT,109.5,109.52,2.97,2.97
2025-07-24T06:13:47.697026,ETH-USDT,3559.37,3559.38,4.8623,0.188
2025-07-24T06:13:47.697286,XRP-USDT,3.07433,3.07484,789.58,351.0
2025-07-24T06:13:47.700938,LTC-USDT,109.51,109.53,2.97,3.0747
2025-07-24T06:13:47.797405,XRP-USDT,3.07442,3.07484,351.0,351.0
2025-07-24T06:13:47.799214,LTC-USDT,109.5,109.51,0.1071,43.2
2025-07-24T06:13:47.900714,BTC-USDT,117668.45,117668.46,0.177215,0.4504220576434841
2025-07-24T06:13:47.903031,LTC-USDT,109.5,109.53,2.97,0.1047
2025-07-24T06:13:47.995631,XRP-USDT,3.07442,3.07443,351.0,289.67
2025-07-24T06:13:47.997439,LTC-USDT,109.5,109.52,2.97,2.97
2025-07-24T06:13:48.097824,BTC-USDT,117668.45,117668.46,0.177215,0.45093505764348407
2025-07-24T06:13:48.098743,XRP-USDT,3.07435,3.07436,162.0,278.31
2025-07-24T06:13:48.100107,LTC-USDT,109.5,109.53,2.97,0.1047
2025-07-24T06:13:48.196537,BTC-USDT,117668.45,117668.46,0.176729,0.45093505764348407
2025-07-24T06:13:48.197382,XRP-USDT,3.07433,3.07434,789.58,1402.96
2025-07-24T06:13:48.200167,SOL-USDT,183.253,183.2677,5.534,1.508
2025-07-24T06:13:48.200407,LTC-USDT,109.5,109.52,2.97,2.97
2025-07-24T06:13:48.297716,BTC-USDT,117668.45,117668.46,0.177215,0.45093505764348407
2025-07-24T06:13:48.298237,XRP-USDT,3.07408,3.07434,351.0,1113.0
2025-07-24T06:13:48.399850,BTC-USDT,117668.45,117668.46,0.246375,0.195521
2025-07-24T06:13:48.399959,XRP-USDT,3.07433,3.07434,351.0,1113.0
2025-07-24T06:13:48.498952,XRP-USDT,3.07433,3.07434,1118.64,1113.0
2025-07-24T06:13:48.499536,SOL-USDT,183.2596,183.2677,6.437,1.508
2025-07-24T06:13:48.499587,LTC-USDT,109.52,109.53,2.97,0.1047
2025-07-24T06:13:48.595516,XRP-USDT,3.07433,3.07434,351.0,1405.04
2025-07-24T06:13:48.696777,XRP-USDT,3.07433,3.07502,351.0,351.0
2025-07-24T06:13:48.702635,LTC-USDT,109.52,109.53,2.97,3.0747
2025-07-24T06:13:48.797221,XRP-USDT,3.07464,3.07518,351.0,270.0
2025-07-24T06:13:48.800132,LTC-USDT,109.52,109.53,2.97,0.1047
2025-07-24T06:13:48.896049,XRP-USDT,3.07486,3.07509,351.0,351.0
2025-07-24T06:13:48.898338,LTC-USDT,109.52,109.53,5.802,0.1047
2025-07-24T06:13:49.000510,XRP-USDT,3.07486,3.07518,351.0,270.0
2025-07-24T06:13:49.096359,XRP-USDT,3.07486,3.07487,351.0,284.27
2025-07-24T06:13:49.196176,XRP-USDT,3.0748,3.07494,351.0,749.22
2025-07-24T06:13:49.297398,ETH-USDT,3559.37,3559.38,4.9004,0.188
2025-07-24T06:13:49.297467,XRP-USDT,3.07465,3.07466,513.0,270.16
2025-07-24T06:13:49.297963,LTC-USDT,109.52,109.53,11.58,0.1047
2025-07-24T06:13:49.397640,ETH-USDT,3559.37,3559.38,5.5464,0.188
2025-07-24T06:13:49.397994,XRP-USDT,3.07466,3.07489,513.0,351.0
2025-07-24T06:13:49.399933,SOL-USDT,183.2596,183.285,6.437,0.164
2025-07-24T06:13:49.400084,LTC-USDT,109.54,109.57,2.97,0.0627
2025-07-24T06:13:49.497366,XRP-USDT,3.07466,3.07489,162.0,351.0
2025-07-24T06:13:49.497975,LTC-USDT,109.54,109.57,2.97,3.0327
2025-07-24T06:13:49.596432,XRP-USDT,3.07467,3.07489,162.0,351.0
2025-07-24T06:13:49.599530,SOL-USDT,183.2596,183.2731,6.437,1.503
2025-07-24T06:13:49.599579,LTC-USDT,109.54,109.57,2.97,3.0327
2025-07-24T06:13:49.702153,XRP-USDT,3.07467,3.07468,162.0,647.35
2025-07-24T06:13:49.800809,XRP-USDT,3.07467,3.07468,162.0,296.35
2025-07-24T06:13:49.802377,LTC-USDT,109.54,109.57,2.97,0.0627
2025-07-24T06:13:49.897616,XRP-USDT,3.07467,3.07468,833.6,296.35
2025-07-24T06:13:50.006072,XRP-USDT,3.07467,3.07468,833.6,647.35
2025-07-24T06:13:50.006127,LTC-USDT,109.53,109.56,2.832,2.97
2025-07-24T06:13:50.096863,XRP-USDT,3.07409,3.07439,162.0,276.04
2025-07-24T06:13:50.098453,LTC-USDT,109.54,109.56,2.97,2.97
2025-07-24T06:13:50.197754,BTC-USDT,117668.45,117668.46,0.246418,0.195521
2025-07-24T06:13:50.198339,XRP-USDT,3.07469,3.07491,351.0,351.0
2025-07-24T06:13:50.295477,XRP-USDT,3.07453,3.07491,351.0,351.0
2025-07-24T06:13:50.396500,XRP-USDT,3.07453,3.07454,351.0,293.76
2025-07-24T06:13:50.397595,LTC-USDT,109.54,109.55,2.97,2.97
2025-07-24T06:13:50.495948,XRP-USDT,3.07453,3.07454,513.0,293.76
2025-07-24T06:13:50.598360,XRP-USDT,3.07453,3.07454,1251.57,293.76
2025-07-24T06:13:50.600190,LTC-USDT,109.54,109.56,2.97,43.2
2025-07-24T06:13:50.695922,ETH-USDT,3559.37,3559.38,9.2014,0.188
2025-07-24T06:13:50.698429,LTC-USDT,109.54,109.55,2.97,2.97
2025-07-24T06:13:50.798567,LTC-USDT,109.54,109.56,5.4123,43.2
2025-07-24T06:13:50.995498,XRP-USDT,3.07453,3.07454,738.57,293.76
2025-07-24T06:13:50.996525,LTC-USDT,109.54,109.55,8.3823,2.97
2025-07-24T06:13:51.100200,LTC-USDT,109.54,109.56,8.3823,43.2
2025-07-24T06:13:51.195278,XRP-USDT,3.07453,3.07454,1089.57,293.76
2025-07-24T06:13:51.197117,LTC-USDT,109.54,109.56,5.4123,43.2
2025-07-24T06:13:51.298462,LTC-USDT,109.54,109.56,8.3823,43.2
2025-07-24T06:13:51.397357,ETH-USDT,3559.4,3559.66,1.5,0.6849
2025-07-24T06:13:51.397433,XRP-USDT,3.07453,3.07454,738.57,454.76
2025-07-24T06:13:51.397654,LTC-USDT,109.54,109.55,8.4892,2.97
2025-07-24T06:13:51.500240,BTC-USDT,117668.45,117668.46,0.177258,0.195521
2025-07-24T06:13:51.501340,ETH-USDT,3559.09,3559.17,0.0038,0.0369
2025-07-24T06:13:51.501408,XRP-USDT,3.0736,3.07385,351.0,285.89
2025-07-24T06:13:51.501454,SOL-USDT,183.226,183.2731,8.22,1.503
2025-07-24T06:13:51.501497,LTC-USDT,109.53,109.55,2.97,2.97
2025-07-24T06:13:51.596325,BTC-USDT,117668.45,117668.46,0.176772,0.773017
2025-07-24T06:13:51.596361,ETH-USDT,3559.09,3559.1,0.0038,0.8988
2025-07-24T06:13:51.596489,XRP-USDT,3.07367,3.07375,351.0,294.32
2025-07-24T06:13:51.599010,SOL-USDT,183.2261,183.2731,8.5,1.503
2025-07-24T06:13:51.599060,LTC-USDT,109.52,109.55,5.8849,2.97
2025-07-24T06:13:51.695970,ETH-USDT,3559.09,3559.1,0.0038,3.7085
2025-07-24T06:13:51.696288,XRP-USDT,3.07346,3.07357,162.0,351.0
2025-07-24T06:13:51.697764,SOL-USDT,183.2263,183.2731,8.5,1.503
2025-07-24T06:13:51.698009,LTC-USDT,109.42,109.52,2.97,2.832
2025-07-24T06:13:51.796427,BTC-USDT,117668.45,117668.46,0.00854,0.773017
2025-07-24T06:13:51.801287,SOL-USDT,183.2629,183.2723,1.494,4.86
2025-07-24T06:13:51.801343,LTC-USDT,109.46,109.51,2.97,2.814190104739293
2025-07-24T06:13:51.898252,BTC-USDT,117668.45,117668.46,0.00854,0.842177
2025-07-24T06:13:51.898646,ETH-USDT,3558.66,3558.67,13.4685,0.3988
2025-07-24T06:13:51.898685,XRP-USDT,3.07281,3.07321,513.0,351.0
2025-07-24T06:13:51.998903,ETH-USDT,3558.66,3559.03,13.4685,0.5
2025-07-24T06:13:51.999112,XRP-USDT,3.07284,3.07321,162.0,351.0
2025-07-24T06:13:52.000832,SOL-USDT,183.2629,183.2636,1.494,4.86
2025-07-24T06:13:52.096911,ETH-USDT,3558.66,3558.67,15.3047,0.3988
2025-07-24T06:13:52.097174,XRP-USDT,3.07296,3.07326,351.0,351.0
2025-07-24T06:13:52.101288,SOL-USDT,183.2629,183.2721,6.354,3.36
2025-07-24T06:13:52.209647,ETH-USDT,3558.72,3559.1,11.1815,0.1611
2025-07-24T06:13:52.209713,XRP-USDT,3.07297,3.07311,351.0,1113.0
2025-07-24T06:13:52.212837,SOL-USDT,183.2629,183.2731,1.494,1.503
2025-07-24T06:13:52.212900,LTC-USDT,109.46,109.51,2.97,2.814190104739293
2025-07-24T06:13:52.295777,ETH-USDT,3558.8,3559.1,1.5,0.1611
2025-07-24T06:13:52.296011,XRP-USDT,3.07301,3.0731,162.0,351.0
2025-07-24T06:13:52.297984,SOL-USDT,183.263,183.2731,9.606,1.503
2025-07-24T06:13:52.395572,ETH-USDT,3558.97,3559.1,2.8915,0.1611
2025-07-24T06:13:52.395752,XRP-USDT,3.07301,3.07311,162.0,1113.0
2025-07-24T06:13:52.496131,ETH-USDT,3559.04,3559.1,3.0,0.1611
2025-07-24T06:13:52.496182,XRP-USDT,3.07306,3.07307,513.0,279.45
2025-07-24T06:13:52.595543,ETH-USDT,3559.06,3559.07,5.0892,0.3988
2025-07-24T06:13:52.696787,ETH-USDT,3559.07,3559.08,5.8481,0.3988
2025-07-24T06:13:52.696833,XRP-USDT,3.07306,3.07307,1264.09,279.45
2025-07-24T06:13:52.796407,ETH-USDT,3559.09,3559.1,2.9508,0.1611
2025-07-24T06:13:52.796451,XRP-USDT,3.07306,3.07307,751.09,279.45
2025-07-24T06:13:52.896210,ETH-USDT,3559.09,3559.1,5.9508,2.9708
2025-07-24T06:13:52.898324,SOL-USDT,183.263,183.2719,9.606,4.86
2025-07-24T06:13:52.996520,ETH-USDT,3559.09,3559.1,5.7975,3.4708
2025-07-24T06:13:53.000470,SOL-USDT,183.2629,183.2719,1.494,4.86
2025-07-24T06:13:53.001954,LTC-USDT,109.46,109.51,2.97,2.814190104739293
2025-07-24T06:13:53.096122,XRP-USDT,3.07306,3.07307,751.09,791.45
2025-07-24T06:13:53.098780,SOL-USDT,183.2359,183.263,5.514,4.86
2025-07-24T06:13:53.197735,XRP-USDT,3.07306,3.07307,751.09,440.45
2025-07-24T06:13:53.308111,ETH-USDT,3559.09,3559.1,4.528,3.5082
2025-07-24T06:13:53.308153,XRP-USDT,3.07306,3.07307,751.09,791.45
2025-07-24T06:13:53.436189,ETH-USDT,3559.09,3559.1,5.6549,3.5082
2025-07-24T06:13:53.436429,XRP-USDT,3.07306,3.07307,751.09,440.45
2025-07-24T06:13:53.438058,SOL-USDT,183.2511,183.263,1.589,4.86
2025-07-24T06:13:53.494598,XRP-USDT,3.07306,3.07307,751.09,791.45
2025-07-24T06:13:53.596400,XRP-USDT,3.07288,3.07295,366.0,290.38
2025-07-24T06:13:53.598296,SOL-USDT,183.2359,183.2437,5.514,4.86
2025-07-24T06:13:53.698005,ETH-USDT,3559.09,3559.1,3.028,3.5082
2025-07-24T06:13:53.698367,XRP-USDT,3.07288,3.07289,366.0,630.23
2025-07-24T06:13:53.702657,SOL-USDT,183.2117,183.2368,5.024,4.86
2025-07-24T06:13:53.797619,ETH-USDT,3559.09,3559.1,3.028,0.6985
2025-07-24T06:13:53.797998,XRP-USDT,3.07288,3.07289,673.81,440.23
2025-07-24T06:13:53.802720,SOL-USDT,183.2117,183.2392,5.024,1.454
2025-07-24T06:13:53.895781,ETH-USDT,3559.09,3559.1,4.1263,0.6985
2025-07-24T06:13:53.896062,XRP-USDT,3.07288,3.07289,673.81,791.23
2025-07-24T06:13:53.897982,SOL-USDT,183.2329,183.2392,1.583,1.454
2025-07-24T06:13:53.898030,LTC-USDT,109.46,109.51,2.97,2.814190104739293
2025-07-24T06:13:53.996157,XRP-USDT,3.07289,3.07329,162.0,351.0
2025-07-24T06:13:53.997841,SOL-USDT,183.2329,183.239,1.583,4.86
2025-07-24T06:13:54.195803,ETH-USDT,3559.09,3559.1,3.028,3.5082
2025-07-24T06:13:54.196026,XRP-USDT,3.07289,3.07302,162.0,351.0
2025-07-24T06:13:54.198884,SOL-USDT,183.2329,183.2392,1.583,1.454
2025-07-24T06:13:54.296109,ETH-USDT,3559.09,3559.1,5.037,0.6985
2025-07-24T06:13:54.296352,XRP-USDT,3.07289,3.07304,162.0,297.8
2025-07-24T06:13:54.298336,SOL-USDT,183.2329,183.2392,6.443,1.454
2025-07-24T06:13:54.395467,XRP-USDT,3.07288,3.07289,673.81,794.13
2025-07-24T06:13:54.497062,ETH-USDT,3559.09,3559.1,5.037,0.1611
2025-07-24T06:13:54.497302,XRP-USDT,3.07288,3.07335,673.81,351.0
2025-07-24T06:13:54.502904,SOL-USDT,183.2329,183.285,6.443,0.164
2025-07-24T06:13:54.502945,LTC-USDT,109.46,109.49,2.97,24.3
2025-07-24T06:13:54.600140,XRP-USDT,3.07289,3.07335,162.0,351.0
2025-07-24T06:13:54.608450,SOL-USDT,183.2611,183.2903,4.86,4.86
2025-07-24T06:13:54.608837,LTC-USDT,109.46,109.51,2.97,2.814190104739293
2025-07-24T06:13:54.696026,XRP-USDT,3.07289,3.07304,162.0,351.0
2025-07-24T06:13:54.797777,XRP-USDT,3.07289,3.0729,162.0,274.11
2025-07-24T06:13:54.797955,SOL-USDT,183.2521,183.2745,5.514,4.86
2025-07-24T06:13:54.899312,SOL-USDT,183.2521,183.2649,5.514,1.533
2025-07-24T06:13:54.899361,LTC-USDT,109.46,109.51,2.97,2.8893901047392934
2025-07-24T06:13:54.996018,XRP-USDT,3.07289,3.07335,513.0,351.0
2025-07-24T06:13:55.095911,XRP-USDT,3.07288,3.07304,673.81,351.0
2025-07-24T06:13:55.196441,XRP-USDT,3.07202,3.0724,162.0,351.0
2025-07-24T06:13:55.197582,SOL-USDT,183.2554,183.2643,1.599,4.86
2025-07-24T06:13:55.295699,XRP-USDT,3.07204,3.0724,162.0,351.0
2025-07-24T06:13:55.395785,XRP-USDT,3.07208,3.0723,513.0,351.0
2025-07-24T06:13:55.397702,SOL-USDT,183.2554,183.2649,1.599,1.533
2025-07-24T06:13:55.397779,LTC-USDT,109.46,109.51,2.97,2.8893901047392934
2025-07-24T06:13:55.495927,XRP-USDT,3.07208,3.0723,162.0,351.0
2025-07-24T06:13:55.497447,SOL-USDT,183.2554,183.2645,1.599,4.86
2025-07-24T06:13:55.596418,XRP-USDT,3.07208,3.07218,162.0,351.0
2025-07-24T06:13:55.803598,LTC-USDT,109.46,109.51,2.97,2.8893901047392934
2025-07-24T06:13:55.896241,XRP-USDT,3.07182,3.0726,351.0,270.0
2025-07-24T06:13:56.038368,BTC-USDT,117668.45,117668.46,0.12731,0.05
2025-07-24T06:13:56.038416,XRP-USDT,3.07185,3.07328,270.0,270.0
2025-07-24T06:13:56.041705,SOL-USDT,183.3633,183.3685,1.545,4.86
2025-07-24T06:13:56.041767,LTC-USDT,109.46,109.51,2.97,3.0452
2025-07-24T06:13:56.097126,BTC-USDT,117668.45,117668.46,0.12731,0.298673
2025-07-24T06:13:56.097573,ETH-USDT,3559.48,3559.49,0.5139,1.4508
2025-07-24T06:13:56.097645,XRP-USDT,3.07222,3.0729,513.0,351.0
2025-07-24T06:13:56.099731,SOL-USDT,183.3322,183.3685,0.042,4.86
2025-07-24T06:13:56.099903,LTC-USDT,109.48,109.51,2.97,3.0452
2025-07-24T06:13:56.198163,BTC-USDT,117668.45,117668.46,0.12731,0.553626
2025-07-24T06:13:56.198554,ETH-USDT,3559.49,3559.5,4.6808,0.3988
2025-07-24T06:13:56.198594,XRP-USDT,3.07242,3.0729,162.0,351.0
2025-07-24T06:13:56.200821,SOL-USDT,183.31,183.3672,3.36,8.22
2025-07-24T06:13:56.201068,LTC-USDT,109.48,109.51,2.97,2.97
2025-07-24T06:13:56.297261,BTC-USDT,117668.45,117668.46,0.12731,0.500474
2025-07-24T06:13:56.297473,ETH-USDT,3559.52,3559.53,0.1807,0.4369
2025-07-24T06:13:56.297731,XRP-USDT,3.07248,3.07252,162.0,351.0
2025-07-24T06:13:56.300210,SOL-USDT,183.3056,183.3467,5.514,4.86
2025-07-24T06:13:56.396214,BTC-USDT,117668.45,117668.46,0.12731,0.749676
2025-07-24T06:13:56.396612,ETH-USDT,3559.5,3559.51,0.6808,0.3987
2025-07-24T06:13:56.398365,SOL-USDT,183.2761,183.3257,4.86,6.363
2025-07-24T06:13:56.499428,BTC-USDT,117668.45,117668.46,0.126824,1.021706
2025-07-24T06:13:56.499753,ETH-USDT,3559.5,3559.51,0.6808,3.208
2025-07-24T06:13:56.499897,XRP-USDT,3.07111,3.07219,734.38,694.76
2025-07-24T06:13:56.501659,SOL-USDT,183.2521,183.2958,5.514,6.356
2025-07-24T06:13:56.502126,LTC-USDT,109.45,109.51,21.332,2.97
2025-07-24T06:13:56.597369,BTC-USDT,117668.45,117668.46,0.126824,1.090866
2025-07-24T06:13:56.597673,ETH-USDT,3559.5,3559.51,0.5,3.208
2025-07-24T06:13:56.597919,XRP-USDT,3.07153,3.07189,162.0,351.0
2025-07-24T06:13:56.599900,SOL-USDT,183.2522,183.2958,8.5,6.356
2025-07-24T06:13:56.600044,LTC-USDT,109.46,109.51,2.97,2.97
2025-07-24T06:13:56.696514,XRP-USDT,3.07119,3.07158,162.0,351.0
2025-07-24T06:13:56.698447,SOL-USDT,183.283,183.2958,1.489,6.356
2025-07-24T06:13:56.798148,BTC-USDT,117668.45,117668.46,0.00854,1.090866
2025-07-24T06:13:56.798744,ETH-USDT,3559.21,3559.22,0.0039,4.2383
2025-07-24T06:13:56.798794,XRP-USDT,3.07095,3.07133,162.0,351.0
2025-07-24T06:13:56.801561,SOL-USDT,183.2118,183.2236,0.042,1.51
2025-07-24T06:13:56.801937,LTC-USDT,109.42,109.49,2.97,5.802
2025-07-24T06:13:56.906348,SOL-USDT,183.186,183.2119,3.0,4.86
2025-07-24T06:13:56.906410,LTC-USDT,109.42,109.47,2.97,5.802
2025-07-24T06:13:57.013343,ETH-USDT,3558.64,3558.65,1.2429,0.3987
2025-07-24T06:13:57.013369,XRP-USDT,3.07009,3.07072,351.0,351.0
2025-07-24T06:13:57.013390,LTC-USDT,109.4,109.47,2.97,5.8772
2025-07-24T06:13:57.103754,ETH-USDT,3558.82,3559.01,0.0393,0.0393
2025-07-24T06:13:57.103811,XRP-USDT,3.07029,3.0703,351.0,285.85
2025-07-24T06:13:57.103853,SOL-USDT,183.186,183.1861,3.0,1.598
2025-07-24T06:13:57.103896,LTC-USDT,109.4,109.45,2.97,2.97
2025-07-24T06:13:57.197934,ETH-USDT,3558.86,3559.01,3.0,0.0393
2025-07-24T06:13:57.198008,XRP-USDT,3.0706,3.07092,351.0,351.0
2025-07-24T06:13:57.198900,SOL-USDT,183.2052,183.2499,1.442,8.22
2025-07-24T06:13:57.199065,LTC-USDT,109.42,109.47,2.97,2.97
2025-07-24T06:13:57.296144,ETH-USDT,3558.88,3559.56,3.0,0.5
2025-07-24T06:13:57.298460,SOL-USDT,183.2072,183.2347,4.86,44.033
2025-07-24T06:13:57.298609,LTC-USDT,109.44,109.47,2.97,2.97
2025-07-24T06:13:57.396170,ETH-USDT,3558.9,3559.56,3.0,0.5
2025-07-24T06:13:57.396361,XRP-USDT,3.07076,3.07091,756.38,162.0
2025-07-24T06:13:57.397909,LTC-USDT,109.44,109.49,2.97,2.97
2025-07-24T06:13:57.495426,ETH-USDT,3558.9,3559.1,3.0,0.0394
2025-07-24T06:13:57.495648,XRP-USDT,3.07061,3.07062,351.0,442.35
2025-07-24T06:13:57.497964,SOL-USDT,183.1997,183.2082,4.86,1.5
2025-07-24T06:13:57.498045,LTC-USDT,109.44,109.49,2.97,3.0453
2025-07-24T06:13:57.596428,ETH-USDT,3559.0,3559.53,1.4358,0.5
2025-07-24T06:13:57.597015,XRP-USDT,3.07029,3.07053,351.0,277.52
2025-07-24T06:13:57.697349,ETH-USDT,3559.12,3559.43,0.5,0.0218
2025-07-24T06:13:57.697397,XRP-USDT,3.07052,3.07053,351.0,439.52
2025-07-24T06:13:57.699093,SOL-USDT,183.1997,183.2363,4.86,4.86
2025-07-24T06:13:57.797379,ETH-USDT,3559.42,3559.43,0.0207,1.4878
2025-07-24T06:13:57.797527,XRP-USDT,3.07052,3.07116,351.0,162.0
2025-07-24T06:13:57.799471,SOL-USDT,183.2235,183.2406,4.86,0.164
2025-07-24T06:13:57.799518,LTC-USDT,109.46,109.51,2.97,2.97
2025-07-24T06:13:57.896749,ETH-USDT,3559.42,3559.66,0.7016,0.4848
2025-07-24T06:13:57.897385,XRP-USDT,3.07057,3.07116,289.55,162.0
2025-07-24T06:13:57.899464,SOL-USDT,183.2235,183.2301,4.86,1.583
2025-07-24T06:13:57.899506,LTC-USDT,109.46,109.51,2.97,2.97
2025-07-24T06:13:57.998975,BTC-USDT,117668.45,117668.46,0.00854,0.749676
2025-07-24T06:13:57.999441,ETH-USDT,3559.56,3559.66,3.0,0.4848
2025-07-24T06:13:57.999712,XRP-USDT,3.07099,3.071,351.0,162.0
2025-07-24T06:13:58.002164,SOL-USDT,183.2465,183.3166,4.86,8.5
2025-07-24T06:13:58.002339,LTC-USDT,109.49,109.52,2.832,3.0453
2025-07-24T06:13:58.104760,ETH-USDT,3559.62,3559.63,0.1807,0.3988
2025-07-24T06:13:58.104807,XRP-USDT,3.07099,3.071,351.0,443.08
2025-07-24T06:13:58.104852,SOL-USDT,183.2531,183.289,4.86,44.032
2025-07-24T06:13:58.104938,LTC-USDT,109.5,109.52,2.97,2.97
2025-07-24T06:13:58.238436,ETH-USDT,3559.63,3559.66,0.5,0.4848
2025-07-24T06:13:58.238471,XRP-USDT,3.07083,3.071,351.0,443.08
2025-07-24T06:13:58.238500,SOL-USDT,183.2531,183.2626,4.86,1.561
2025-07-24T06:13:58.238530,LTC-USDT,109.5,109.55,2.97,2.97
2025-07-24T06:13:58.297109,ETH-USDT,3559.65,3559.66,3.6806,0.4848
2025-07-24T06:13:58.297260,XRP-USDT,3.07076,3.07077,529.0,296.47
2025-07-24T06:13:58.302360,SOL-USDT,183.2482,183.2626,1.551,1.561
2025-07-24T06:13:58.302442,LTC-USDT,109.48,109.54,2.97,5.802
2025-07-24T06:13:58.415728,ETH-USDT,3559.65,3559.66,4.1636,0.4848
2025-07-24T06:13:58.415767,LTC-USDT,109.48,109.54,2.97,13.8059
2025-07-24T06:13:58.538756,ETH-USDT,3559.65,3559.66,4.1636,3.294
2025-07-24T06:13:58.538793,XRP-USDT,3.06981,3.07031,162.0,351.0
2025-07-24T06:13:58.538933,SOL-USDT,183.2356,183.2529,4.86,1.478
2025-07-24T06:13:58.539042,LTC-USDT,109.47,109.53,5.802,3.0452
2025-07-24T06:13:58.598796,ETH-USDT,3559.65,3559.66,3.483,3.794
2025-07-24T06:13:58.598833,XRP-USDT,3.0698,3.06983,100.0,351.0
2025-07-24T06:13:58.607359,LTC-USDT,109.45,109.52,2.832,10.8359
2025-07-24T06:13:58.698031,XRP-USDT,3.0698,3.06983,100.0,351.0
2025-07-24T06:13:58.698422,LTC-USDT,109.44,109.51,2.97,5.802
2025-07-24T06:13:58.796455,XRP-USDT,3.06982,3.0699,351.0,292.38
2025-07-24T06:13:58.799502,SOL-USDT,183.2398,183.2529,1.57,6.338
2025-07-24T06:13:58.799543,LTC-USDT,109.44,109.47,2.97,2.97
2025-07-24T06:13:58.896792,XRP-USDT,3.0698,3.0699,100.0,292.38
2025-07-24T06:13:59.006378,XRP-USDT,3.0698,3.06986,100.0,351.0
2025-07-24T06:13:59.006488,LTC-USDT,109.44,109.47,2.97,2.97
2025-07-24T06:13:59.104657,XRP-USDT,3.06982,3.06987,351.0,162.0
2025-07-24T06:13:59.197639,XRP-USDT,3.0698,3.06987,100.0,162.0
2025-07-24T06:13:59.204795,SOL-USDT,183.2398,183.2529,1.57,1.478
2025-07-24T06:13:59.311190,XRP-USDT,3.06984,3.07152,286.47,351.0
2025-07-24T06:13:59.311223,SOL-USDT,183.2404,183.2529,4.86,1.478
2025-07-24T06:13:59.402808,ETH-USDT,3559.65,3559.66,3.483,0.9848
2025-07-24T06:13:59.402914,XRP-USDT,3.07046,3.07075,351.0,162.0
2025-07-24T06:13:59.407584,SOL-USDT,183.2637,183.289,4.86,44.032
2025-07-24T06:13:59.407643,LTC-USDT,109.44,109.5,2.97,8.0039
2025-07-24T06:13:59.508465,ETH-USDT,3559.65,3559.66,3.983,0.9848
2025-07-24T06:13:59.508500,SOL-USDT,183.2671,183.2921,1.512,5.024
2025-07-24T06:13:59.508532,LTC-USDT,109.46,109.51,2.97,52.1992
2025-07-24T06:13:59.597497,XRP-USDT,3.07074,3.07075,351.0,162.0
2025-07-24T06:13:59.603328,SOL-USDT,183.2679,183.2809,4.86,1.54
2025-07-24T06:13:59.697165,XRP-USDT,3.07104,3.07133,351.0,162.0
2025-07-24T06:13:59.699665,LTC-USDT,109.46,109.51,2.97,52.1992
2025-07-24T06:13:59.801821,ETH-USDT,3559.65,3559.66,4.1636,0.9848
2025-07-24T06:13:59.801852,XRP-USDT,3.07104,3.07131,351.0,162.0
2025-07-24T06:13:59.906779,BTC-USDT,117668.45,117668.46,0.577514,0.05
2025-07-24T06:13:59.906816,ETH-USDT,3559.65,3559.66,4.1636,0.4848
2025-07-24T06:13:59.906855,XRP-USDT,3.07074,3.07114,351.0,162.0
2025-07-24T06:13:59.907625,SOL-USDT,183.2865,183.3167,4.86,82.495
2025-07-24T06:14:00.029142,BTC-USDT,117669.99,117670.0,0.333773,0.0001
2025-07-24T06:14:00.029177,ETH-USDT,3560.33,3561.01,0.0382,0.3
2025-07-24T06:14:00.029210,XRP-USDT,3.07113,3.07178,206.0,351.0
2025-07-24T06:14:00.029242,SOL-USDT,183.3268,183.3672,4.86,4.86
2025-07-24T06:14:00.029275,LTC-USDT,109.45,109.51,2.832,52.1992
2025-07-24T06:14:00.108980,ETH-USDT,3560.73,3561.01,1.0,0.3
2025-07-24T06:14:00.109026,XRP-USDT,3.07116,3.07181,270.0,162.0
2025-07-24T06:14:00.110190,SOL-USDT,183.3268,183.3672,4.86,4.86
2025-07-24T06:14:00.110445,LTC-USDT,109.5,109.51,2.97,0.0752
2025-07-24T06:14:00.201047,BTC-USDT,117669.99,117670.0,0.333816,0.0001
2025-07-24T06:14:00.201398,ETH-USDT,3560.77,3560.86,0.1792,0.0396
2025-07-24T06:14:00.204719,XRP-USDT,3.0708,3.07169,270.0,351.0
2025-07-24T06:14:00.207583,SOL-USDT,183.3268,183.3323,4.86,1.546
2025-07-24T06:14:00.314324,ETH-USDT,3560.59,3560.68,0.1795,2.0
2025-07-24T06:14:00.314409,XRP-USDT,3.07079,3.071,162.0,351.0
2025-07-24T06:14:00.315813,SOL-USDT,183.268,183.3275,0.042,1.444
2025-07-24T06:14:00.315863,LTC-USDT,109.48,109.51,2.97,0.0752
2025-07-24T06:14:00.400536,ETH-USDT,3560.47,3560.68,0.1796,2.0
2025-07-24T06:14:00.400580,XRP-USDT,3.07079,3.07101,162.0,351.0
2025-07-24T06:14:00.405549,SOL-USDT,183.2724,183.2987,3.36,1.532
2025-07-24T06:14:00.406030,LTC-USDT,109.48,109.51,2.97,3.0452
2025-07-24T06:14:00.511856,ETH-USDT,3560.46,3560.47,3.2222,0.8987
2025-07-24T06:14:00.511902,XRP-USDT,3.07018,3.07069,351.0,351.0
2025-07-24T06:14:00.512723,LTC-USDT,109.47,109.51,2.97,2.97
2025-07-24T06:14:00.608413,ETH-USDT,3560.46,3560.47,3.0,3.7073
2025-07-24T06:14:00.608511,XRP-USDT,3.06989,3.07038,351.0,351.0
2025-07-24T06:14:00.609786,SOL-USDT,183.26,183.2863,3.36,1.454
2025-07-24T06:14:00.609819,LTC-USDT,109.45,109.49,2.97,43.2
2025-07-24T06:14:00.717204,BTC-USDT,117669.99,117670.0,0.402976,0.0001
2025-07-24T06:14:00.717243,XRP-USDT,3.0696,3.07007,351.0,351.0
2025-07-24T06:14:00.717275,SOL-USDT,183.2623,183.2863,3.36,6.314
2025-07-24T06:14:00.717305,LTC-USDT,109.44,109.49,2.832,43.2
2025-07-24T06:14:00.817685,XRP-USDT,3.06942,3.07007,351.0,351.0
2025-07-24T06:14:00.845555,LTC-USDT,109.41,109.48,24.302,3.0452
2025-07-24T06:14:00.931054,ETH-USDT,3560.46,3560.47,3.0387,3.7073
2025-07-24T06:14:00.931090,XRP-USDT,3.07079,3.07128,351.0,351.0
2025-07-24T06:14:00.931125,SOL-USDT,183.2852,183.3099,4.86,4.86
2025-07-24T06:14:00.931158,LTC-USDT,109.44,109.48,2.97,3.0452
2025-07-24T06:14:01.023354,BTC-USDT,117669.99,117670.0,0.446576,0.0001
2025-07-24T06:14:01.023395,ETH-USDT,3560.46,3560.47,4.2576,3.2074
2025-07-24T06:14:01.023427,XRP-USDT,3.07057,3.07097,162.0,351.0
2025-07-24T06:14:01.023469,SOL-USDT,183.2839,183.3099,1.485,4.86
2025-07-24T06:14:01.023500,LTC-USDT,109.46,109.48,2.97,0.0752
2025-07-24T06:14:01.107230,ETH-USDT,3560.46,3560.47,0.0387,3.3086
2025-07-24T06:14:01.107267,XRP-USDT,3.07059,3.07075,162.0,351.0
2025-07-24T06:14:01.107299,SOL-USDT,183.26,183.3099,3.36,4.86
2025-07-24T06:14:01.107327,LTC-USDT,109.46,109.51,2.97,2.97
2025-07-24T06:14:01.198695,XRP-USDT,3.07074,3.07127,206.0,162.0
2025-07-24T06:14:01.200994,SOL-USDT,183.2783,183.2943,4.86,1.567
2025-07-24T06:14:01.298310,XRP-USDT,3.07074,3.07124,206.0,162.0
2025-07-24T06:14:01.301308,SOL-USDT,183.268,183.2943,3.36,1.567
2025-07-24T06:14:01.301350,LTC-USDT,109.46,109.51,2.97,3.0452
2025-07-24T06:14:01.398149,BTC-USDT,117669.99,117670.0,0.642097,0.0001
2025-07-24T06:14:01.399127,ETH-USDT,3560.46,3560.47,0.0387,0.3988
2025-07-24T06:14:01.399179,XRP-USDT,3.07118,3.07169,506.0,351.0
2025-07-24T06:14:01.407395,SOL-USDT,183.3044,183.3275,4.86,4.86
2025-07-24T06:14:01.407468,LTC-USDT,109.48,109.51,2.97,3.0452
2025-07-24T06:14:01.497362,BTC-USDT,117669.99,117670.0,0.914127,0.0001
2025-07-24T06:14:01.497438,ETH-USDT,3560.59,3560.6,0.027,0.0388
2025-07-24T06:14:01.499338,XRP-USDT,3.07134,3.07148,351.0,162.0
2025-07-24T06:14:01.499402,SOL-USDT,183.3194,183.3672,4.86,4.86
2025-07-24T06:14:01.499549,LTC-USDT,109.48,109.53,2.97,2.97
2025-07-24T06:14:01.603473,XRP-USDT,3.07147,3.07186,351.0,162.0
2025-07-24T06:14:01.604161,SOL-USDT,183.3235,183.3672,4.86,4.86
2025-07-24T06:14:01.604212,LTC-USDT,109.46,109.53,2.97,3.0452
2025-07-24T06:14:01.704678,XRP-USDT,3.07147,3.0718,351.0,513.0
2025-07-24T06:14:01.704727,SOL-USDT,183.3416,183.3672,4.86,4.86
2025-07-24T06:14:01.704772,LTC-USDT,109.5,109.53,5.802,3.0452
2025-07-24T06:14:01.802579,ETH-USDT,3560.59,3560.99,0.5,2.8085
2025-07-24T06:14:01.802638,XRP-USDT,3.07178,3.07206,351.0,351.0
2025-07-24T06:14:01.806974,SOL-USDT,183.3542,183.3685,4.86,0.164
2025-07-24T06:14:01.808300,LTC-USDT,109.51,109.53,2.97,0.0752
2025-07-24T06:14:01.897426,BTC-USDT,117669.99,117670.0,0.916084,0.0001
2025-07-24T06:14:01.897487,ETH-USDT,3560.67,3560.8,0.0363,3.654
2025-07-24T06:14:01.898007,XRP-USDT,3.07191,3.07289,351.0,100.0
2025-07-24T06:14:01.900855,LTC-USDT,109.52,109.55,2.832,2.97
2025-07-24T06:14:02.000134,ETH-USDT,3560.71,3560.85,0.1793,0.0362
2025-07-24T06:14:02.000418,XRP-USDT,3.07217,3.07252,351.0,162.0
2025-07-24T06:14:02.001097,SOL-USDT,183.3542,183.3631,4.86,1.56
2025-07-24T06:14:02.001145,LTC-USDT,109.52,109.55,5.802,2.97
2025-07-24T06:14:02.096824,ETH-USDT,3560.67,3560.68,0.0363,0.3987
2025-07-24T06:14:02.098007,XRP-USDT,3.07198,3.0722,351.0,162.0
2025-07-24T06:14:02.099121,LTC-USDT,109.51,109.55,2.97,2.97
2025-07-24T06:14:02.199902,ETH-USDT,3560.67,3560.68,0.0363,3.3084
2025-07-24T06:14:02.201556,XRP-USDT,3.07179,3.07194,162.0,351.0
2025-07-24T06:14:02.202031,LTC-USDT,109.51,109.55,2.97,2.97
2025-07-24T06:14:02.297282,ETH-USDT,3560.67,3560.84,0.2157,0.5
2025-07-24T06:14:02.297700,XRP-USDT,3.07131,3.07282,432.0,270.0
2025-07-24T06:14:02.300824,SOL-USDT,183.3542,183.3583,4.86,1.535
2025-07-24T06:14:02.397718,ETH-USDT,3560.73,3560.84,0.1793,0.5
2025-07-24T06:14:02.398348,XRP-USDT,3.07168,3.07288,270.0,162.0
2025-07-24T06:14:02.404770,SOL-USDT,183.3542,183.3685,4.86,0.164
2025-07-24T06:14:02.500361,ETH-USDT,3560.83,3560.84,0.005,0.5
2025-07-24T06:14:02.500438,XRP-USDT,3.07215,3.07288,270.0,162.0
2025-07-24T06:14:02.622225,ETH-USDT,3560.83,3560.84,0.505,0.5
2025-07-24T06:14:02.622262,XRP-USDT,3.07232,3.07288,351.0,162.0
2025-07-24T06:14:02.622293,SOL-USDT,183.3684,183.3685,4.86,0.164
2025-07-24T06:14:02.697534,ETH-USDT,3560.84,3560.85,2.0,0.0362
2025-07-24T06:14:02.700242,XRP-USDT,3.07232,3.07279,351.0,351.0
2025-07-24T06:14:02.700983,SOL-USDT,183.3684,183.3685,4.86,1.515
2025-07-24T06:14:02.800832,ETH-USDT,3560.85,3561.01,2.0,0.3
2025-07-24T06:14:02.803167,XRP-USDT,3.07232,3.07278,351.0,162.0
2025-07-24T06:14:02.806385,LTC-USDT,109.51,109.53,2.97,5.5388
2025-07-24T06:14:02.898756,ETH-USDT,3560.91,3561.01,2.0,0.3
2025-07-24T06:14:02.899022,XRP-USDT,3.07232,3.07262,351.0,351.0
2025-07-24T06:14:02.901853,LTC-USDT,109.53,109.55,2.97,2.97
2025-07-24T06:14:02.998658,ETH-USDT,3560.96,3561.01,0.1791,0.3
2025-07-24T06:14:02.998762,XRP-USDT,3.07229,3.07248,351.0,351.0
2025-07-24T06:14:03.099322,ETH-USDT,3560.91,3561.01,0.5,0.3
2025-07-24T06:14:03.099558,XRP-USDT,3.07226,3.07257,270.36,351.0
2025-07-24T06:14:03.104469,LTC-USDT,109.53,109.55,2.97,2.97
2025-07-24T06:14:03.201216,ETH-USDT,3560.96,3561.01,0.1791,0.3
2025-07-24T06:14:03.202694,XRP-USDT,3.07234,3.07259,351.0,296.8
2025-07-24T06:14:03.211248,SOL-USDT,183.3684,183.3685,10.607,1.515
2025-07-24T06:14:03.310056,ETH-USDT,3560.97,3561.01,2.0,0.3
2025-07-24T06:14:03.310118,XRP-USDT,3.07234,3.07257,351.0,162.0
2025-07-24T06:14:03.406034,ETH-USDT,3561.0,3561.01,1.851,0.3
2025-07-24T06:14:03.407022,SOL-USDT,183.3825,183.4058,4.86,4.86
2025-07-24T06:14:03.413289,LTC-USDT,109.53,109.56,2.97,3.0452
2025-07-24T06:14:03.501244,ETH-USDT,3560.93,3560.94,3.5,3.207
2025-07-24T06:14:03.501321,XRP-USDT,3.07226,3.07248,162.0,351.0
2025-07-24T06:14:03.501359,SOL-USDT,183.3702,183.4058,4.86,4.86
2025-07-24T06:14:03.598972,ETH-USDT,3560.93,3561.0,0.5,0.5
2025-07-24T06:14:03.599234,XRP-USDT,3.07258,3.07268,351.0,162.0
2025-07-24T06:14:03.602166,SOL-USDT,183.3902,183.3911,4.86,1.465
2025-07-24T06:14:03.698901,ETH-USDT,3560.93,3560.94,0.5,3.707
2025-07-24T06:14:03.798134,BTC-USDT,117669.99,117670.0,1.16485,0.0001
2025-07-24T06:14:03.798403,ETH-USDT,3560.93,3560.94,0.5,0.5
2025-07-24T06:14:03.803035,XRP-USDT,3.07267,3.07288,351.0,162.0
2025-07-24T06:14:03.803099,SOL-USDT,183.3902,183.4309,4.86,0.164
2025-07-24T06:14:03.803140,LTC-USDT,109.53,109.56,2.97,3.0452
2025-07-24T06:14:03.904765,BTC-USDT,117669.99,117670.0,1.36485,0.0001
2025-07-24T06:14:03.905017,ETH-USDT,3560.97,3561.01,1.8354,0.3
2025-07-24T06:14:03.906905,XRP-USDT,3.07288,3.07289,788.0,100.0
2025-07-24T06:14:03.906956,SOL-USDT,183.4275,183.446,3.36,3.0
2025-07-24T06:14:03.906995,LTC-USDT,109.53,109.56,2.97,0.0752
2025-07-24T06:14:03.997901,BTC-USDT,117678.99,117679.0,0.60553,0.00505156421672516
2025-07-24T06:14:03.997972,ETH-USDT,3561.0,3561.01,3.7403,0.3
2025-07-24T06:14:04.001485,SOL-USDT,183.4459,183.446,10.682,3.0
2025-07-24T06:14:04.003734,LTC-USDT,109.55,109.56,8.111,0.0752
2025-07-24T06:14:04.103221,BTC-USDT,117678.99,117679.0,0.641659,0.00039056421672516
2025-07-24T06:14:04.103401,XRP-USDT,3.07288,3.07289,1511.09,100.0
2025-07-24T06:14:04.104242,LTC-USDT,109.56,109.57,5.802,0.0627
2025-07-24T06:14:04.197200,BTC-USDT,117678.99,117679.0,0.641702,0.00039056421672516
2025-07-24T06:14:04.199054,ETH-USDT,3561.0,3561.01,3.7768,0.3
2025-07-24T06:14:04.206707,SOL-USDT,183.4459,183.446,15.6,3.0
2025-07-24T06:14:04.306391,LTC-USDT,109.56,109.57,11.4434,0.0627
2025-07-24T06:14:04.400817,BTC-USDT,117678.99,117679.0,0.841702,0.00039056421672516
2025-07-24T06:14:04.404499,ETH-USDT,3561.0,3561.01,6.7768,0.3
2025-07-24T06:14:04.404558,XRP-USDT,3.07288,3.07289,2079.72,100.0
2025-07-24T06:14:04.498639,BTC-USDT,117678.99,117679.0,1.09051,0.00039056421672516
2025-07-24T06:14:04.507653,SOL-USDT,183.4459,183.446,10.74,3.0
2025-07-24T06:14:04.507696,LTC-USDT,109.56,109.57,11.4434,3.0327
2025-07-24T06:14:04.714958,BTC-USDT,117678.99,117679.0,1.558061,0.00039056421672516
2025-07-24T06:14:04.714994,XRP-USDT,3.07288,3.07289,723.09,373.93
2025-07-24T06:14:04.715024,SOL-USDT,183.4312,183.446,3.36,7.86
2025-07-24T06:14:04.715051,LTC-USDT,109.56,109.57,5.6414,3.0327
2025-07-24T06:14:04.834486,ETH-USDT,3561.0,3561.01,4.5978,3.6081
2025-07-24T06:14:04.834613,XRP-USDT,3.07219,3.07252,162.0,351.0
2025-07-24T06:14:04.834722,SOL-USDT,183.4207,183.446,3.36,7.86
2025-07-24T06:14:04.834888,LTC-USDT,109.55,109.57,5.141,46.2327
2025-07-24T06:14:04.898958,BTC-USDT,117678.99,117679.0,1.402086,0.25532056421672517
2025-07-24T06:14:04.899008,ETH-USDT,3560.93,3560.94,0.5,3.243
2025-07-24T06:14:04.899044,XRP-USDT,3.07162,3.07252,162.0,351.0
2025-07-24T06:14:04.907090,SOL-USDT,183.4094,183.4326,4.86,6.404
2025-07-24T06:14:04.907146,LTC-USDT,109.52,109.57,2.97,49.0647
2025-07-24T06:14:05.010637,ETH-USDT,3560.93,3560.94,0.5106,0.536
2025-07-24T06:14:05.010685,XRP-USDT,3.0713,3.07226,351.0,162.0
2025-07-24T06:14:05.010721,SOL-USDT,183.4186,183.4279,4.86,1.452
2025-07-24T06:14:05.010756,LTC-USDT,109.52,109.56,2.97,3.0452
2025-07-24T06:14:05.098166,BTC-USDT,117678.99,117679.0,1.283805,0.25532056421672517
2025-07-24T06:14:05.098676,ETH-USDT,3560.93,3560.94,1.0106,0.536
2025-07-24T06:14:05.098884,XRP-USDT,3.07167,3.07226,351.0,162.0
2025-07-24T06:14:05.200301,XRP-USDT,3.07168,3.07226,270.0,162.0
2025-07-24T06:14:05.299007,XRP-USDT,3.0722,3.07223,162.0,284.19
2025-07-24T06:14:05.404470,LTC-USDT,109.52,109.56,2.97,3.0452
2025-07-24T06:14:05.496678,BTC-USDT,117678.99,117679.0,1.283805,0.2507495642167252
2025-07-24T06:14:05.497974,ETH-USDT,3560.93,3560.94,1.1897,0.536
2025-07-24T06:14:05.498223,XRP-USDT,3.0722,3.07282,162.0,162.0
2025-07-24T06:14:05.598756,BTC-USDT,117679.99,117680.0,0.379269,0.00051
2025-07-24T06:14:05.601738,ETH-USDT,3561.0,3561.94,0.0398,1.5503
2025-07-24T06:14:05.601803,XRP-USDT,3.07132,3.07277,270.0,270.0
2025-07-24T06:14:05.602551,SOL-USDT,183.4292,183.446,4.86,3.0
2025-07-24T06:14:05.604931,LTC-USDT,109.52,109.56,2.97,0.0752
2025-07-24T06:14:05.702046,BTC-USDT,117679.99,117680.0,0.877059,0.00051
2025-07-24T06:14:05.706794,ETH-USDT,3562.0,3562.74,1.5,0.0042
2025-07-24T06:14:05.711405,XRP-USDT,3.0728,3.07287,351.0,162.0
2025-07-24T06:14:05.712312,SOL-USDT,183.4396,183.446,4.86,3.0
2025-07-24T06:14:05.715546,LTC-USDT,109.53,109.57,2.832,0.0627
2025-07-24T06:14:05.807347,ETH-USDT,3562.03,3562.59,0.0382,0.0168
2025-07-24T06:14:05.807373,XRP-USDT,3.0728,3.07289,351.0,100.0
2025-07-24T06:14:05.807395,LTC-USDT,109.54,109.57,2.97,0.0627
2025-07-24T06:14:05.900702,ETH-USDT,3562.85,3562.86,0.8988,0.004
2025-07-24T06:14:05.900771,XRP-USDT,3.07288,3.07289,631.73,100.0
2025-07-24T06:14:05.904041,LTC-USDT,109.56,109.57,2.97,0.0627
2025-07-24T06:14:05.998179,ETH-USDT,3562.85,3562.86,3.5,0.004
2025-07-24T06:14:05.998497,XRP-USDT,3.07288,3.07289,901.73,100.0
2025-07-24T06:14:06.101711,BTC-USDT,117679.99,117680.0,0.877902,0.00051
2025-07-24T06:14:06.101762,ETH-USDT,3562.92,3562.93,0.8988,0.0372
2025-07-24T06:14:06.110753,XRP-USDT,3.07288,3.07388,1554.26,351.0
2025-07-24T06:14:06.110899,LTC-USDT,109.56,109.57,7.8622,0.0627
2025-07-24T06:14:06.197454,BTC-USDT,117680.99,117681.0,0.409017,0.0001
2025-07-24T06:14:06.198109,ETH-USDT,3562.86,3562.93,0.5,0.0372
2025-07-24T06:14:06.199264,XRP-USDT,3.07332,3.07388,351.0,351.0
2025-07-24T06:14:06.301045,BTC-USDT,117680.99,117681.0,0.876568,0.0001
2025-07-24T06:14:06.301236,ETH-USDT,3562.92,3562.93,0.3988,0.0372
2025-07-24T06:14:06.301283,XRP-USDT,3.07332,3.07367,351.0,351.0
2025-07-24T06:14:06.301759,SOL-USDT,183.4334,183.4414,3.36,1.5
2025-07-24T06:14:06.303432,LTC-USDT,109.56,109.57,7.8622,3.0327
2025-07-24T06:14:06.397001,ETH-USDT,3562.87,3562.88,3.5,0.1328
2025-07-24T06:14:06.398092,XRP-USDT,3.07325,3.07345,351.0,162.0
2025-07-24T06:14:06.400294,SOL-USDT,183.4277,183.4414,3.36,1.5
2025-07-24T06:14:06.404902,LTC-USDT,109.53,109.57,2.832,46.2327
2025-07-24T06:14:06.496931,ETH-USDT,3562.87,3562.88,0.5,2.8067
2025-07-24T06:14:06.497131,XRP-USDT,3.07344,3.07345,351.0,162.0
2025-07-24T06:14:06.500394,SOL-USDT,183.432,183.4414,4.86,1.5
2025-07-24T06:14:06.500472,LTC-USDT,109.54,109.57,2.97,46.2327
2025-07-24T06:14:06.599490,ETH-USDT,3562.86,3562.87,3.362,4.3067
2025-07-24T06:14:06.601854,XRP-USDT,3.0733,3.07345,351.0,162.0
2025-07-24T06:14:06.604199,SOL-USDT,183.4154,183.4352,4.86,6.36
2025-07-24T06:14:06.610477,LTC-USDT,109.53,109.57,2.832,46.2327
2025-07-24T06:14:06.799778,SOL-USDT,183.4244,183.4352,1.5,1.5
2025-07-24T06:14:06.800176,LTC-USDT,109.53,109.57,2.97,46.2327
2025-07-24T06:14:07.002049,XRP-USDT,3.0733,3.07345,351.0,162.0
2025-07-24T06:14:07.002130,SOL-USDT,183.4244,183.4352,1.5,4.86
2025-07-24T06:14:07.002163,LTC-USDT,109.53,109.55,2.97,2.97
2025-07-24T06:14:07.098532,SOL-USDT,183.4244,183.4304,1.5,1.531
2025-07-24T06:14:07.207369,ETH-USDT,3562.86,3562.93,3.365,0.0372
2025-07-24T06:14:07.207461,LTC-USDT,109.53,109.56,2.97,3.0452
2025-07-24T06:14:07.303393,BTC-USDT,117680.99,117681.0,1.076568,0.0001
2025-07-24T06:14:07.303447,ETH-USDT,3562.86,3562.87,3.362,0.1328
2025-07-24T06:14:07.303483,XRP-USDT,3.07344,3.07345,351.0,162.0
2025-07-24T06:14:07.400685,BTC-USDT,117680.99,117681.0,1.076611,0.0001
2025-07-24T06:14:07.402578,ETH-USDT,3562.86,3562.87,3.362,2.8067
2025-07-24T06:14:07.404450,XRP-USDT,3.07344,3.07396,351.0,351.0
2025-07-24T06:14:07.405327,SOL-USDT,183.4246,183.4304,4.86,1.531
2025-07-24T06:14:07.498787,ETH-USDT,3562.86,3562.9,3.362,0.5
2025-07-24T06:14:07.498823,XRP-USDT,3.07361,3.07388,351.0,162.0
2025-07-24T06:14:07.503263,LTC-USDT,109.53,109.56,2.97,0.0752
2025-07-24T06:14:07.618224,ETH-USDT,3562.88,3562.89,0.3988,2.8067
2025-07-24T06:14:07.618788,XRP-USDT,3.07361,3.07379,351.0,513.0
2025-07-24T06:14:07.620472,LTC-USDT,109.53,109.56,2.97,3.0452
2025-07-24T06:14:07.764578,ETH-USDT,3562.86,3562.87,3.362,2.9395
2025-07-24T06:14:07.766764,XRP-USDT,3.07342,3.07344,701.71,351.0
2025-07-24T06:14:07.766842,SOL-USDT,183.4244,183.4304,1.5,6.391
2025-07-24T06:14:07.766959,LTC-USDT,109.53,109.56,2.97,2.97
2025-07-24T06:14:07.838331,ETH-USDT,3562.86,3562.87,3.362,3.3067
2025-07-24T06:14:07.838365,XRP-USDT,3.07326,3.07327,154.0,351.0
2025-07-24T06:14:07.838399,SOL-USDT,183.4104,183.4304,4.86,6.391
2025-07-24T06:14:07.906049,XRP-USDT,3.07326,3.07327,154.0,624.95
2025-07-24T06:14:07.906078,LTC-USDT,109.53,109.54,2.97,2.97
2025-07-24T06:14:07.996720,XRP-USDT,3.07327,3.07355,351.0,162.0
2025-07-24T06:14:08.000848,SOL-USDT,183.4212,183.4304,1.451,1.531
2025-07-24T06:14:08.000918,LTC-USDT,109.53,109.56,2.97,3.0452
2025-07-24T06:14:08.095494,XRP-USDT,3.07327,3.07348,351.0,162.0
2025-07-24T06:14:08.248313,ETH-USDT,3562.86,3562.87,3.8694,3.3067
2025-07-24T06:14:08.248565,XRP-USDT,3.07327,3.07345,351.0,351.0
2025-07-24T06:14:08.296305,XRP-USDT,3.07335,3.07336,185.0,297.11
2025-07-24T06:14:08.318561,SOL-USDT,183.4212,183.4304,1.451,6.391
2025-07-24T06:14:08.402133,XRP-USDT,3.0735,3.07375,351.0,162.0
2025-07-24T06:14:08.505753,XRP-USDT,3.0735,3.0737,351.0,162.0
2025-07-24T06:14:08.505783,SOL-USDT,183.4214,183.446,4.86,3.0
2025-07-24T06:14:08.505810,LTC-USDT,109.53,109.56,2.97,3.0452
2025-07-24T06:14:08.605738,SOL-USDT,183.4214,183.446,4.86,7.86
2025-07-24T06:14:08.608014,LTC-USDT,109.53,109.56,2.97,0.0752
2025-07-24T06:14:08.700711,ETH-USDT,3562.92,3562.93,0.8988,2.8067
2025-07-24T06:14:08.700805,XRP-USDT,3.07369,3.07416,541.0,162.0
2025-07-24T06:14:08.704033,SOL-USDT,183.4336,183.446,4.86,3.0
2025-07-24T06:14:08.704110,LTC-USDT,109.53,109.54,2.97,5.7559
2025-07-24T06:14:08.796813,ETH-USDT,3562.92,3562.99,1.0756,3.659
2025-07-24T06:14:08.798023,XRP-USDT,3.07399,3.07416,351.0,162.0
2025-07-24T06:14:08.806519,SOL-USDT,183.4336,183.4359,4.86,1.445
2025-07-24T06:14:08.806598,LTC-USDT,109.55,109.56,2.97,3.0452
2025-07-24T06:14:08.903006,BTC-USDT,117680.99,117681.0,0.45246,0.254905
2025-07-24T06:14:08.903082,ETH-USDT,3562.98,3562.99,0.8988,3.659
2025-07-24T06:14:08.903126,XRP-USDT,3.0738,3.07396,351.0,162.0
2025-07-24T06:14:08.905536,SOL-USDT,183.4342,183.4359,4.86,1.445
2025-07-24T06:14:08.905656,LTC-USDT,109.55,109.57,2.97,0.0627
2025-07-24T06:14:08.998923,BTC-USDT,117680.99,117681.0,0.3833,0.237575
2025-07-24T06:14:08.999279,LTC-USDT,109.54,109.57,2.97,0.0627
2025-07-24T06:14:09.098150,XRP-USDT,3.07395,3.07396,532.0,162.0
2025-07-24T06:14:09.101178,LTC-USDT,109.54,109.57,2.97,3.0327
2025-07-24T06:14:09.197090,ETH-USDT,3562.98,3562.99,1.0755,3.659
2025-07-24T06:14:09.197159,XRP-USDT,3.07404,3.07405,351.0,461.01
2025-07-24T06:14:09.200391,SOL-USDT,183.4425,183.446,4.86,3.0
2025-07-24T06:14:09.300801,SOL-USDT,183.4459,183.446,4.86,3.0
2025-07-24T06:14:09.300831,LTC-USDT,109.54,109.57,2.97,3.0327
2025-07-24T06:14:09.405232,BTC-USDT,117680.99,117681.0,0.3833,0.23714842306744505
2025-07-24T06:14:09.407133,ETH-USDT,3563.05,3563.06,0.8988,2.8427
2025-07-24T06:14:09.407194,XRP-USDT,3.07404,3.07405,533.0,162.0
2025-07-24T06:14:09.510336,XRP-USDT,3.07404,3.07416,182.0,162.0
2025-07-24T06:14:09.510373,SOL-USDT,183.4459,183.446,6.373,3.0
2025-07-24T06:14:09.601921,ETH-USDT,3563.07,3563.58,1.1868,0.5
2025-07-24T06:14:09.602070,XRP-USDT,3.07415,3.07416,351.0,162.0
2025-07-24T06:14:09.695992,ETH-USDT,3563.42,3563.56,0.0074,2.8062
2025-07-24T06:14:09.696193,XRP-USDT,3.07417,3.07418,1148.13,70.87
2025-07-24T06:14:09.803587,ETH-USDT,3563.53,3563.54,0.3988,0.0373
2025-07-24T06:14:09.803619,XRP-USDT,3.07447,3.07513,351.0,162.0
2025-07-24T06:14:09.804190,LTC-USDT,109.56,109.57,2.97,0.0627
2025-07-24T06:14:09.903770,ETH-USDT,3563.61,3563.62,0.8988,0.027
2025-07-24T06:14:09.903824,XRP-USDT,3.07479,3.07504,351.0,162.0
2025-07-24T06:14:10.096652,BTC-USDT,117681.99,117682.0,0.199095,0.255024
2025-07-24T06:14:10.096703,XRP-USDT,3.07479,3.07481,351.0,162.0
2025-07-24T06:14:10.098722,LTC-USDT,109.56,109.57,8.2974,0.0627
2025-07-24T06:14:10.201135,ETH-USDT,3563.61,3563.62,1.4866,0.027
2025-07-24T06:14:10.295991,ETH-USDT,3563.61,3563.62,2.565,0.027
2025-07-24T06:14:10.396006,BTC-USDT,117681.99,117682.0,0.394616,0.255024
2025-07-24T06:14:10.397939,ETH-USDT,3563.61,3563.62,1.4866,0.027
2025-07-24T06:14:10.539908,BTC-USDT,117681.99,117682.0,0.394659,0.255024
2025-07-24T06:14:10.540206,XRP-USDT,3.07449,3.0748,284.08,436.13
2025-07-24T06:14:10.542395,LTC-USDT,109.56,109.57,13.4698,0.0627
2025-07-24T06:14:10.595979,BTC-USDT,117681.99,117682.0,0.058927,0.255024
2025-07-24T06:14:10.597428,ETH-USDT,3563.61,3563.62,0.8988,2.8331
2025-07-24T06:14:10.597471,XRP-USDT,3.07457,3.07467,351.0,271.45
2025-07-24T06:14:10.696632,BTC-USDT,117681.99,117682.0,0.258927,0.255024
2025-07-24T06:14:10.696926,ETH-USDT,3563.61,3563.62,1.0844,0.027
2025-07-24T06:14:10.697176,XRP-USDT,3.07466,3.07467,351.0,271.45
2025-07-24T06:14:10.796401,ETH-USDT,3563.61,3563.62,1.0844,2.8331
2025-07-24T06:14:10.797824,SOL-USDT,183.4693,183.4694,4.86,1.487
2025-07-24T06:14:10.895326,XRP-USDT,3.07466,3.075,351.0,351.0
2025-07-24T06:14:10.995587,BTC-USDT,117681.99,117682.0,0.253825,0.255537
2025-07-24T06:14:10.995818,ETH-USDT,3563.61,3563.62,0.9084,2.8331
2025-07-24T06:14:10.995983,XRP-USDT,3.07466,3.07485,351.0,162.0
2025-07-24T06:14:11.094745,BTC-USDT,117681.99,117682.0,0.254311,0.255024
2025-07-24T06:14:11.095305,XRP-USDT,3.07466,3.07472,351.0,274.15
2025-07-24T06:14:11.195127,BTC-USDT,117681.99,117682.0,0.254311,0.254844
2025-07-24T06:14:11.195864,XRP-USDT,3.07449,3.07471,284.08,351.0
2025-07-24T06:14:11.196985,LTC-USDT,109.56,109.57,18.942,3.0327
2025-07-24T06:14:11.296846,XRP-USDT,3.07451,3.07471,351.0,351.0
2025-07-24T06:14:11.414097,ETH-USDT,3563.61,3563.62,0.5096,2.8331
2025-07-24T06:14:11.497198,XRP-USDT,3.0746,3.07472,351.0,274.15
2025-07-24T06:14:11.499680,LTC-USDT,109.56,109.57,24.6029,3.0327
2025-07-24T06:14:11.597531,ETH-USDT,3563.61,3563.62,0.5096,0.027
2025-07-24T06:14:11.695979,BTC-USDT,117681.99,117682.0,0.254311,0.250544
2025-07-24T06:14:11.698076,LTC-USDT,109.56,109.57,24.6029,0.0627
2025-07-24T06:14:11.795919,ETH-USDT,3563.61,3563.62,0.6856,0.027
2025-07-24T06:14:11.797326,LTC-USDT,109.56,109.57,30.4327,0.0627
2025-07-24T06:14:11.897164,ETH-USDT,3563.61,3563.62,3.5921,0.027
2025-07-24T06:14:11.897612,XRP-USDT,3.0746,3.07495,351.0,162.0
2025-07-24T06:14:11.900407,SOL-USDT,183.4693,183.5142,4.86,6.36
2025-07-24T06:14:12.097269,ETH-USDT,3563.61,3563.62,7.2752,0.027
2025-07-24T06:14:12.097491,XRP-USDT,3.0746,3.07482,351.0,297.57
2025-07-24T06:14:12.197418,BTC-USDT,117682.99,117683.0,0.398998,0.00082
2025-07-24T06:14:12.198096,XRP-USDT,3.0748,3.07538,815.02,351.0
2025-07-24T06:14:12.200168,SOL-USDT,183.4942,183.5142,1.577,1.5
2025-07-24T06:14:12.298046,XRP-USDT,3.0748,3.07524,464.02,351.0
2025-07-24T06:14:12.300425,SOL-USDT,183.483,183.5142,4.86,6.36
2025-07-24T06:14:12.397541,ETH-USDT,3563.61,3563.62,7.3134,0.0054
2025-07-24T06:14:12.397799,XRP-USDT,3.07501,3.07517,351.0,162.0
2025-07-24T06:14:12.400773,SOL-USDT,183.483,183.5142,4.86,1.5
2025-07-24T06:14:12.504848,ETH-USDT,3564.16,3564.17,1.0741,3.654
2025-07-24T06:14:12.508953,XRP-USDT,3.07498,3.07528,287.71,273.15
2025-07-24T06:14:12.509941,SOL-USDT,183.5105,183.5106,4.86,1.446
2025-07-24T06:14:12.602689,BTC-USDT,117682.99,117683.0,0.399041,0.00082
2025-07-24T06:14:12.602789,XRP-USDT,3.07509,3.07559,351.0,162.0
2025-07-24T06:14:12.700849,ETH-USDT,3564.21,3564.22,2.2092,0.0001
2025-07-24T06:14:12.700898,XRP-USDT,3.07543,3.07547,721.54,162.0
2025-07-24T06:14:12.701430,SOL-USDT,183.5141,183.5142,6.453,1.5
2025-07-24T06:14:12.795809,BTC-USDT,117684.31,117684.32,0.20347,0.031958
2025-07-24T06:14:12.796476,XRP-USDT,3.07543,3.07555,721.54,351.0
2025-07-24T06:14:12.896116,BTC-USDT,117684.31,117684.32,0.398991,0.031958
2025-07-24T06:14:12.896538,XRP-USDT,3.07544,3.07545,351.0,270.32
2025-07-24T06:14:13.002968,BTC-USDT,117684.31,117684.32,0.398991,0.031837
2025-07-24T06:14:13.097701,ETH-USDT,3564.21,3564.22,5.2092,0.0001
2025-07-24T06:14:13.097971,XRP-USDT,3.07543,3.07544,721.54,297.33
2025-07-24T06:14:13.196164,XRP-USDT,3.07543,3.07544,721.54,648.33
2025-07-24T06:14:13.197979,LTC-USDT,109.56,109.57,2.97,0.0627
2025-07-24T06:14:13.501082,XRP-USDT,3.07512,3.0753,351.0,283.3
2025-07-24T06:14:13.596929,BTC-USDT,117684.31,117685.0,0.827621,0.00051
2025-07-24T06:14:13.597394,ETH-USDT,3564.21,3564.22,8.8622,0.0001
2025-07-24T06:14:13.597796,XRP-USDT,3.07529,3.0756,351.0,162.0
2025-07-24T06:14:13.697680,BTC-USDT,117684.99,117685.0,0.921228,0.00051
2025-07-24T06:14:13.698282,XRP-USDT,3.07529,3.07559,351.0,162.0
2025-07-24T06:14:13.796863,ETH-USDT,3564.21,3564.22,17.2604,0.0001
2025-07-24T06:14:13.802301,LTC-USDT,109.56,109.57,8.4594,0.0627
2025-07-24T06:14:13.896198,XRP-USDT,3.07529,3.07541,351.0,271.71
2025-07-24T06:14:13.901158,SOL-USDT,183.5263,183.5264,4.86,1.454
2025-07-24T06:14:13.996680,ETH-USDT,3564.21,3564.22,17.2677,0.0001
2025-07-24T06:14:14.104686,XRP-USDT,3.07504,3.07512,705.9,162.0
2025-07-24T06:14:14.107403,SOL-USDT,183.5203,183.5264,4.86,1.454
2025-07-24T06:14:14.196555,XRP-USDT,3.07417,3.07501,270.0,351.0
2025-07-24T06:14:14.197801,SOL-USDT,183.5141,183.5264,1.593,1.454
2025-07-24T06:14:14.297476,ETH-USDT,3564.21,3564.22,13.6147,0.0001
2025-07-24T06:14:14.298057,XRP-USDT,3.07459,3.07499,284.2,162.0
2025-07-24T06:14:14.300109,SOL-USDT,183.5141,183.5264,1.593,6.314
2025-07-24T06:14:14.397848,ETH-USDT,3564.21,3564.22,16.8685,0.0001
2025-07-24T06:14:14.397946,XRP-USDT,3.07404,3.07456,351.0,351.0
2025-07-24T06:14:14.400149,SOL-USDT,183.4927,183.5148,4.86,1.535
2025-07-24T06:14:14.497583,XRP-USDT,3.07406,3.07455,270.0,162.0
2025-07-24T06:14:14.500240,SOL-USDT,183.4927,183.5148,4.86,6.395
2025-07-24T06:14:14.500284,LTC-USDT,109.56,109.57,14.1558,0.0627
2025-07-24T06:14:14.596100,BTC-USDT,117684.99,117685.0,0.921132,0.00051
2025-07-24T06:14:14.596637,ETH-USDT,3564.21,3564.22,5.0412,0.0001
2025-07-24T06:14:14.596824,XRP-USDT,3.07406,3.07451,270.0,162.0
2025-07-24T06:14:14.598555,SOL-USDT,183.4776,183.5148,4.86,4.86
2025-07-24T06:14:14.598773,LTC-USDT,109.56,109.57,11.1858,0.0627
2025-07-24T06:14:14.697409,BTC-USDT,117684.99,117685.0,0.649145,0.00051
2025-07-24T06:14:14.701281,XRP-USDT,3.07407,3.07464,351.0,351.0
2025-07-24T06:14:14.701317,SOL-USDT,183.4809,183.4968,4.86,1.463
2025-07-24T06:14:14.797737,ETH-USDT,3564.21,3564.22,16.6932,0.0001
2025-07-24T06:14:14.798126,XRP-USDT,3.07407,3.07433,351.0,351.0
2025-07-24T06:14:14.896155,XRP-USDT,3.07407,3.07431,351.0,162.0
2025-07-24T06:14:14.899161,SOL-USDT,183.4885,183.4968,1.594,1.463
2025-07-24T06:14:14.996161,ETH-USDT,3564.21,3564.22,16.8685,0.0001
2025-07-24T06:14:14.996419,XRP-USDT,3.07422,3.07425,351.0,162.0
2025-07-24T06:14:15.097339,ETH-USDT,3564.21,3564.22,16.6932,0.0001
2025-07-24T06:14:15.097366,XRP-USDT,3.07422,3.0744,351.0,274.27
2025-07-24T06:14:15.098587,SOL-USDT,183.4885,183.4968,1.594,6.323
2025-07-24T06:14:15.196047,ETH-USDT,3564.21,3564.22,16.8685,0.0001
2025-07-24T06:14:15.296095,XRP-USDT,3.07429,3.0744,351.0,274.27
2025-07-24T06:14:15.298335,SOL-USDT,183.4888,183.4968,4.86,1.463
2025-07-24T06:14:15.298382,LTC-USDT,109.56,109.61,11.1858,2.3168
2025-07-24T06:14:15.396235,XRP-USDT,3.07429,3.07475,351.0,162.0
2025-07-24T06:14:15.399043,LTC-USDT,109.57,109.61,2.97,2.3168
2025-07-24T06:14:15.496065,BTC-USDT,117684.99,117685.0,0.453624,0.00051
2025-07-24T06:14:15.498570,LTC-USDT,109.57,109.61,2.832,2.3168
2025-07-24T06:14:15.595994,XRP-USDT,3.07429,3.07497,351.0,351.0
2025-07-24T06:14:15.699919,XRP-USDT,3.07429,3.07472,351.0,272.19
2025-07-24T06:14:15.700416,SOL-USDT,183.4885,183.4968,1.594,1.463
2025-07-24T06:14:15.796405,BTC-USDT,117684.99,117685.0,0.453624,0.255427
2025-07-24T06:14:15.796534,XRP-USDT,3.07465,3.07535,351.0,270.0
2025-07-24T06:14:15.800212,SOL-USDT,183.4891,183.4968,4.86,1.463
2025-07-24T06:14:15.800584,LTC-USDT,109.57,109.58,2.97,2.97
2025-07-24T06:14:15.896471,XRP-USDT,3.07501,3.0753,351.0,162.0
2025-07-24T06:14:15.902017,LTC-USDT,109.57,109.61,11.3026,2.3168
2025-07-24T06:14:16.096191,XRP-USDT,3.07501,3.07517,351.0,272.87
2025-07-24T06:14:16.098281,LTC-USDT,109.57,109.59,11.3026,2.97
2025-07-24T06:14:16.198418,LTC-USDT,109.57,109.58,11.3026,2.97
2025-07-24T06:14:16.396286,BTC-USDT,117684.99,117685.0,0.453624,0.00051
2025-07-24T06:14:16.396441,XRP-USDT,3.07509,3.07517,754.51,272.87
2025-07-24T06:14:16.398660,LTC-USDT,109.58,109.61,2.97,2.3168
2025-07-24T06:14:16.498037,ETH-USDT,3564.21,3564.22,13.2165,0.0001
2025-07-24T06:14:16.498196,XRP-USDT,3.07516,3.07541,351.0,162.0
2025-07-24T06:14:16.500163,LTC-USDT,109.59,109.61,2.97,2.3168
2025-07-24T06:14:16.596104,BTC-USDT,117685.81,117685.82,0.203077,0.03558500418674059
2025-07-24T06:14:16.596304,ETH-USDT,3564.21,3564.22,16.8685,0.0001
2025-07-24T06:14:16.695293,BTC-USDT,117685.81,117685.82,0.272625,0.03558500418674059
2025-07-24T06:14:16.695793,XRP-USDT,3.07516,3.07538,351.0,162.0
2025-07-24T06:14:16.795617,XRP-USDT,3.07516,3.07537,351.0,162.0
2025-07-24T06:14:16.895770,BTC-USDT,117685.81,117685.82,0.272668,0.03558500418674059
2025-07-24T06:14:16.896050,XRP-USDT,3.07516,3.07525,351.0,290.26
2025-07-24T06:14:16.898037,LTC-USDT,109.59,109.61,2.97,2.3168
2025-07-24T06:14:16.995740,BTC-USDT,117685.81,117685.82,0.468189,0.03558500418674059
2025-07-24T06:14:16.996145,XRP-USDT,3.07524,3.07525,557.0,290.26
2025-07-24T06:14:17.095716,BTC-USDT,117685.81,117685.82,0.468189,0.03515844472528636
2025-07-24T06:14:17.096756,XRP-USDT,3.07527,3.07541,351.0,162.0
2025-07-24T06:14:17.195197,XRP-USDT,3.07527,3.07532,351.0,162.0
2025-07-24T06:14:17.395899,XRP-USDT,3.07524,3.07532,206.0,162.0
2025-07-24T06:14:17.398485,LTC-USDT,109.57,109.6,8.4706,43.2
2025-07-24T06:14:17.495638,XRP-USDT,3.07524,3.0753,206.0,351.0
2025-07-24T06:14:17.497133,LTC-USDT,109.57,109.6,8.3326,43.2
2025-07-24T06:14:17.596335,XRP-USDT,3.07524,3.07526,206.0,278.28
2025-07-24T06:14:17.597858,LTC-USDT,109.58,109.59,2.97,3.0452
2025-07-24T06:14:17.696472,XRP-USDT,3.07524,3.07525,206.0,351.0
2025-07-24T06:14:17.700667,LTC-USDT,109.58,109.6,2.97,43.2
2025-07-24T06:14:17.945661,XRP-USDT,3.07524,3.07525,963.59,351.0
2025-07-24T06:14:17.994926,XRP-USDT,3.07524,3.07525,963.59,639.41
2025-07-24T06:14:17.996368,LTC-USDT,109.58,109.6,2.97,43.2
2025-07-24T06:14:18.099260,XRP-USDT,3.07535,3.07543,351.0,757.45
2025-07-24T06:14:18.102525,LTC-USDT,109.59,109.61,2.97,2.3168
2025-07-24T06:14:18.197943,LTC-USDT,109.59,109.62,2.97,3.0452
2025-07-24T06:14:18.295923,ETH-USDT,3564.21,3564.22,13.2165,0.0001
2025-07-24T06:14:18.296247,XRP-USDT,3.07525,3.07533,351.0,299.03
2025-07-24T06:14:18.298015,SOL-USDT,183.4945,183.5209,1.477,5.514
2025-07-24T06:14:18.400303,ETH-USDT,3564.21,3564.22,16.8645,0.0001
2025-07-24T06:14:18.402920,XRP-USDT,3.07524,3.07533,963.59,299.03
2025-07-24T06:14:18.497799,XRP-USDT,3.07526,3.07533,351.0,299.03
2025-07-24T06:14:18.499896,SOL-USDT,183.5109,183.5276,4.86,8.22
2025-07-24T06:14:18.500100,LTC-USDT,109.59,109.62,2.97,3.0452
2025-07-24T06:14:18.597654,SOL-USDT,183.5109,183.511,4.86,1.577
2025-07-24T06:14:18.697408,BTC-USDT,117685.81,117685.82,0.740219,0.03515844472528636
2025-07-24T06:14:18.698005,ETH-USDT,3564.21,3564.9,16.8645,0.3
2025-07-24T06:14:18.698208,XRP-USDT,3.07529,3.07561,270.0,1.86
2025-07-24T06:14:18.701119,SOL-USDT,183.5472,183.5531,4.86,0.311
2025-07-24T06:14:18.701444,LTC-USDT,109.55,109.62,21.332,0.0752
2025-07-24T06:14:18.799631,BTC-USDT,117685.99,117686.0,0.468144,0.0001
2025-07-24T06:14:18.799708,ETH-USDT,3564.89,3564.9,4.9984,0.3
2025-07-24T06:14:18.800076,LTC-USDT,109.57,109.63,24.302,0.1133
2025-07-24T06:14:18.917036,XRP-USDT,3.07559,3.07561,351.0,1.86
2025-07-24T06:14:18.923645,SOL-USDT,183.5292,183.5531,5.514,0.311
2025-07-24T06:14:18.923687,LTC-USDT,109.62,109.63,2.97,3.0833
2025-07-24T06:14:18.996115,ETH-USDT,3564.89,3564.9,5.4814,0.3
2025-07-24T06:14:18.998254,SOL-USDT,183.5459,183.5531,1.533,0.311
2025-07-24T06:14:18.999626,LTC-USDT,109.62,109.63,8.4983,3.0833
2025-07-24T06:14:19.096479,ETH-USDT,3564.89,3564.9,4.0218,3.105
2025-07-24T06:14:19.096622,XRP-USDT,3.07546,3.07561,351.0,1.86
2025-07-24T06:14:19.098797,SOL-USDT,183.5244,183.5531,4.86,5.171
2025-07-24T06:14:19.098839,LTC-USDT,109.62,109.63,5.5283,3.0833
2025-07-24T06:14:19.198397,ETH-USDT,3564.89,3564.9,3.483,3.105
2025-07-24T06:14:19.199078,XRP-USDT,3.07525,3.07526,154.0,351.0
2025-07-24T06:14:19.203374,SOL-USDT,183.4992,183.5197,4.86,1.536
2025-07-24T06:14:19.297217,ETH-USDT,3564.89,3564.9,3.483,3.605
2025-07-24T06:14:19.297482,XRP-USDT,3.07494,3.07521,351.0,351.0
2025-07-24T06:14:19.398730,BTC-USDT,117685.99,117686.0,0.272623,0.255015
2025-07-24T06:14:19.398784,XRP-USDT,3.07494,3.07526,351.0,294.57
2025-07-24T06:14:19.398818,SOL-USDT,183.5107,183.5197,1.581,6.396
2025-07-24T06:14:19.398845,LTC-USDT,109.59,109.63,2.97,3.0833
2025-07-24T06:14:19.501951,XRP-USDT,3.0751,3.07526,287.85,294.57
2025-07-24T06:14:19.502043,SOL-USDT,183.4747,183.5078,3.36,1.54
2025-07-24T06:14:19.604299,BTC-USDT,117685.99,117686.0,0.272623,0.450536
2025-07-24T06:14:19.604342,ETH-USDT,3564.46,3564.63,0.008,0.1301
2025-07-24T06:14:19.604378,XRP-USDT,3.07373,3.07488,351.0,351.0
2025-07-24T06:14:19.604418,SOL-USDT,183.4622,183.5023,4.86,4.86
2025-07-24T06:14:19.604454,LTC-USDT,109.57,109.63,2.97,3.0833
2025-07-24T06:14:19.697684,BTC-USDT,117685.99,117686.0,0.008496,0.812938
2025-07-24T06:14:19.698033,ETH-USDT,3564.21,3564.23,0.644,3.4357
2025-07-24T06:14:19.698420,XRP-USDT,3.07411,3.07479,162.0,270.0
2025-07-24T06:14:19.700986,SOL-USDT,183.4545,183.4827,0.164,6.437
2025-07-24T06:14:19.701317,LTC-USDT,109.56,109.63,2.832,5.9153
2025-07-24T06:14:19.798636,BTC-USDT,117685.81,117685.82,4.3e-05,0.334673
2025-07-24T06:14:19.800054,ETH-USDT,3564.22,3564.23,0.0235,3.3056
2025-07-24T06:14:19.800812,XRP-USDT,3.07412,3.07418,162.0,351.0
2025-07-24T06:14:19.807201,SOL-USDT,183.4376,183.4546,3.0,6.454
2025-07-24T06:14:19.808090,LTC-USDT,109.54,109.61,2.97,54.858
2025-07-24T06:14:19.897623,BTC-USDT,117684.16,117684.17,0.000201,0.520426
2025-07-24T06:14:19.898027,XRP-USDT,3.07412,3.07413,162.0,629.0
2025-07-24T06:14:19.899764,SOL-USDT,183.4376,183.4409,3.0,1.581
2025-07-24T06:14:20.001662,XRP-USDT,3.0735,3.07365,162.0,351.0
2025-07-24T06:14:20.001725,SOL-USDT,183.4376,183.4377,3.0,1.482
2025-07-24T06:14:20.001748,LTC-USDT,109.54,109.6,2.97,3.0452
2025-07-24T06:14:20.098156,BTC-USDT,117683.05,117683.06,0.001912,0.265096
2025-07-24T06:14:20.098204,ETH-USDT,3564.22,3564.23,0.0615,3.3056
2025-07-24T06:14:20.099028,XRP-USDT,3.0735,3.0738,162.0,351.0
2025-07-24T06:14:23.256285,BTC-USDT,117683.05,117683.06,0.001912,0.461027
2025-07-24T06:14:23.256325,ETH-USDT,3564.23,3565.11,0.5,1.0
2025-07-24T06:14:23.256353,XRP-USDT,3.0738,3.07413,351.0,1204.0
2025-07-24T06:14:23.256384,SOL-USDT,183.4376,183.4377,7.86,1.482
2025-07-24T06:14:23.256414,LTC-USDT,109.56,109.6,2.97,3.0452
2025-07-24T06:14:23.256445,BTC-USDT,117683.05,117683.06,0.001912,0.576457
2025-07-24T06:14:23.256502,XRP-USDT,3.0742,3.07516,276.6,270.0
2025-07-24T06:14:23.256544,SOL-USDT,183.4553,183.4969,4.86,0.164
2025-07-24T06:14:23.256593,LTC-USDT,109.56,109.6,2.97,0.0752
2025-07-24T06:14:23.256630,ETH-USDT,3565.36,3565.37,0.3988,0.0039
2025-07-24T06:14:23.256653,XRP-USDT,3.07472,3.07514,351.0,351.0
2025-07-24T06:14:23.256674,SOL-USDT,183.4928,183.5487,4.86,3.36
2025-07-24T06:14:23.256694,LTC-USDT,109.58,109.6,2.97,0.0752
2025-07-24T06:14:23.256713,ETH-USDT,3565.37,3565.38,0.3988,0.1301
2025-07-24T06:14:23.256731,XRP-USDT,3.07504,3.0753,162.0,351.0
2025-07-24T06:14:23.256749,SOL-USDT,183.4928,183.5069,4.86,1.471
2025-07-24T06:14:23.256769,ETH-USDT,3565.21,3565.56,0.0365,2.0
2025-07-24T06:14:23.256789,XRP-USDT,3.07504,3.07505,162.0,513.0
2025-07-24T06:14:23.256809,SOL-USDT,183.4976,183.5069,1.444,1.471
2025-07-24T06:14:23.256829,ETH-USDT,3565.4,3565.57,0.5,0.3
2025-07-24T06:14:23.256848,XRP-USDT,3.07483,3.07484,368.0,351.0
2025-07-24T06:14:23.256885,ETH-USDT,3565.56,3565.57,1.8744,0.3
2025-07-24T06:14:23.256908,XRP-USDT,3.07505,3.07523,162.0,351.0
2025-07-24T06:14:23.256928,SOL-USDT,183.4987,183.5069,4.86,1.471
2025-07-24T06:14:23.256949,LTC-USDT,109.57,109.63,2.832,3.0833
2025-07-24T06:14:23.256969,ETH-USDT,3565.56,3565.57,0.3988,0.3
2025-07-24T06:14:23.256991,SOL-USDT,183.4994,183.5069,4.86,1.471
2025-07-24T06:14:23.257015,LTC-USDT,109.6,109.63,2.97,3.1585
2025-07-24T06:14:23.257036,ETH-USDT,3565.55,3565.56,0.3988,0.5
2025-07-24T06:14:23.257059,LTC-USDT,109.61,109.63,2.97,3.1585
2025-07-24T06:14:23.257080,BTC-USDT,117683.05,117683.06,0.001955,0.576457
2025-07-24T06:14:23.257102,ETH-USDT,3565.55,3565.56,1.0725,0.5
2025-07-24T06:14:23.257122,XRP-USDT,3.07505,3.07506,162.0,649.58
2025-07-24T06:14:23.257141,XRP-USDT,3.07505,3.07506,513.0,298.58
2025-07-24T06:14:23.257159,SOL-USDT,183.5034,183.539,1.59,5.024
2025-07-24T06:14:23.257178,BTC-USDT,117683.05,117683.06,0.00153,0.576457
2025-07-24T06:14:23.257197,ETH-USDT,3565.55,3565.56,0.9021,0.5
2025-07-24T06:14:23.257216,XRP-USDT,3.0749,3.07529,513.0,351.0
2025-07-24T06:14:23.257234,SOL-USDT,183.5038,183.539,4.86,5.024
2025-07-24T06:14:23.257252,LTC-USDT,109.61,109.62,2.97,5.8368
2025-07-24T06:14:23.257270,ETH-USDT,3565.55,3565.56,0.677,0.5
2025-07-24T06:14:23.257289,XRP-USDT,3.07492,3.07529,162.0,351.0
2025-07-24T06:14:23.257307,SOL-USDT,183.5034,183.5108,1.59,1.562
2025-07-24T06:14:23.257325,LTC-USDT,109.61,109.63,2.97,3.1585
2025-07-24T06:14:23.257344,ETH-USDT,3565.55,3565.56,1.7701,0.5
2025-07-24T06:14:23.257362,XRP-USDT,3.07492,3.07499,162.0,287.03
2025-07-24T06:14:23.257380,ETH-USDT,3565.55,3565.56,1.5964,0.5
2025-07-24T06:14:23.257399,XRP-USDT,3.07492,3.07529,162.0,351.0
2025-07-24T06:14:23.257418,ETH-USDT,3565.55,3565.56,0.5033,3.3046
2025-07-24T06:14:23.257437,XRP-USDT,3.07483,3.07527,70.14,270.0
2025-07-24T06:14:23.257456,SOL-USDT,183.4612,183.4891,0.164,6.401
2025-07-24T06:14:23.257476,LTC-USDT,109.56,109.63,21.47,3.1585
2025-07-24T06:14:23.257495,ETH-USDT,3565.55,3565.56,0.0033,1.5
2025-07-24T06:14:23.257513,XRP-USDT,3.07494,3.07659,662.0,270.0
2025-07-24T06:14:23.257530,SOL-USDT,183.4498,183.4884,4.86,5.514
2025-07-24T06:14:23.257550,LTC-USDT,109.59,109.63,2.97,3.1585
2025-07-24T06:14:23.257572,ETH-USDT,3565.55,3565.57,3.7097,0.3
2025-07-24T06:14:23.257593,XRP-USDT,3.077,3.07755,351.0,7.14
2025-07-24T06:14:23.257611,SOL-USDT,183.4681,183.5039,4.86,4.86
2025-07-24T06:14:23.257630,LTC-USDT,109.61,109.63,2.97,0.1885
2025-07-24T06:14:23.257649,BTC-USDT,117683.05,117683.06,0.00153,0.553177
2025-07-24T06:14:23.257669,ETH-USDT,3565.56,3565.57,6.7136,0.3
2025-07-24T06:14:23.257689,XRP-USDT,3.07792,3.07872,351.0,351.0
2025-07-24T06:14:23.257707,SOL-USDT,183.4837,183.5108,4.86,4.86
2025-07-24T06:14:23.257727,LTC-USDT,109.61,109.63,2.97,0.1133
2025-07-24T06:14:23.292249,XRP-USDT,3.07798,3.07841,351.0,351.0
2025-07-24T06:14:23.292278,SOL-USDT,183.4834,183.4893,1.553,1.549
2025-07-24T06:14:23.292315,LTC-USDT,109.62,109.63,7.7567,0.1133
2025-07-24T06:14:23.292354,BTC-USDT,117683.05,117683.06,0.00153,0.808099
2025-07-24T06:14:23.292391,XRP-USDT,3.07794,3.07795,351.0,283.12
2025-07-24T06:14:23.292420,SOL-USDT,183.4839,183.5108,4.86,4.86
2025-07-24T06:14:23.292452,BTC-USDT,117683.05,117683.06,0.00153,0.553177
2025-07-24T06:14:23.292477,XRP-USDT,3.07794,3.07795,828.33,283.12
2025-07-24T06:14:23.292501,SOL-USDT,183.4906,183.539,4.86,5.024
2025-07-24T06:14:23.292525,BTC-USDT,117683.05,117683.06,0.00153,0.304427
2025-07-24T06:14:23.292548,ETH-USDT,3566.32,3566.75,0.5,0.0043
2025-07-24T06:14:23.292571,XRP-USDT,3.0782,3.07821,351.0,1400.0
2025-07-24T06:14:23.292593,SOL-USDT,183.511,183.539,4.86,0.164
2025-07-24T06:14:23.292615,BTC-USDT,117683.05,117683.06,0.567883,0.108496
2025-07-24T06:14:23.292641,ETH-USDT,3566.39,3566.62,0.0382,3.649
2025-07-24T06:14:23.292666,XRP-USDT,3.0782,3.07821,883.06,1238.0
2025-07-24T06:14:23.292690,SOL-USDT,183.511,183.5232,4.86,1.448
2025-07-24T06:14:23.292712,BTC-USDT,117683.05,117683.06,0.567883,0.008496
2025-07-24T06:14:23.292736,XRP-USDT,3.0782,3.07875,883.06,162.0
2025-07-24T06:14:23.292757,BTC-USDT,117683.05,117683.06,0.839913,0.008496
2025-07-24T06:14:23.292780,ETH-USDT,3566.5,3566.51,0.3988,0.5
2025-07-24T06:14:23.292809,XRP-USDT,3.07821,3.07938,513.0,351.0
2025-07-24T06:14:23.293032,BTC-USDT,117683.05,117683.06,0.883513,0.008496
2025-07-24T06:14:23.293089,ETH-USDT,3566.5,3566.51,0.3988,4.8038
2025-07-24T06:14:23.293131,XRP-USDT,3.07826,3.07929,513.0,351.0
2025-07-24T06:14:23.293171,BTC-USDT,117685.99,117686.0,0.610711,0.0001
2025-07-24T06:14:23.293210,ETH-USDT,3566.47,3566.48,0.3988,3.3039
2025-07-24T06:14:23.293244,XRP-USDT,3.07846,3.07923,513.0,287.22
2025-07-24T06:14:23.293276,SOL-USDT,183.511,183.5507,4.86,43.931
2025-07-24T06:14:23.293313,LTC-USDT,109.63,109.64,2.97,0.0382
2025-07-24T06:14:23.293348,BTC-USDT,117685.99,117686.0,0.643411,0.0001
2025-07-24T06:14:23.293384,ETH-USDT,3566.31,3566.48,0.0399,3.3039
2025-07-24T06:14:23.293422,LTC-USDT,109.63,109.64,2.97,0.0382
2025-07-24T06:14:23.293459,ETH-USDT,3566.47,3566.48,0.3988,3.3039
2025-07-24T06:14:23.293498,XRP-USDT,3.07867,3.07948,513.0,3.59
2025-07-24T06:14:23.293528,SOL-USDT,183.511,183.5378,4.86,1.531
2025-07-24T06:14:23.293566,BTC-USDT,117685.99,117686.0,0.838975,0.0001
2025-07-24T06:14:23.293608,ETH-USDT,3566.45,3566.46,0.3988,2.8039
2025-07-24T06:14:23.293641,XRP-USDT,3.07867,3.07924,513.0,351.0
2025-07-24T06:14:23.293675,SOL-USDT,183.5329,183.5378,4.86,1.531
2025-07-24T06:14:23.331626,SOL-USDT,183.5302,183.5531,4.86,0.311
2025-07-24T06:14:23.331666,LTC-USDT,109.66,109.7,2.832,3.24
2025-07-24T06:14:24.018768,ETH-USDT,3566.45,3566.46,0.4005,2.8039
2025-07-24T06:14:24.018802,XRP-USDT,3.07867,3.07868,693.0,279.54
2025-07-24T06:14:24.018839,SOL-USDT,183.5377,183.5531,4.86,0.311
2025-07-24T06:14:24.018896,LTC-USDT,109.67,109.7,2.97,3.3102
2025-07-24T06:14:24.018931,BTC-USDT,117685.99,117686.0,0.840963,0.0001
2025-07-24T06:14:24.018964,ETH-USDT,3566.45,3566.46,1.5489,0.1301
2025-07-24T06:14:24.018994,LTC-USDT,109.67,109.7,2.97,3.24
2025-07-24T06:14:24.019031,BTC-USDT,117685.99,117686.0,1.112993,0.0001
