timestamp,symbol,bid,ask,bid_vol,ask_vol
2025-07-24T06:13:26.961080,LTC-USDT,109.28,109.52,5507.0,5503.0
2025-07-24T06:13:26.961246,ETH-USDT,3561.5,3563.55,353.0,353.0
2025-07-24T06:13:26.961292,BTC-USDT,117814.5,117834.5,1350.0,12469.0
2025-07-24T06:13:26.961328,SOL-USDT,0.0,0.0,0.0,0.0
2025-07-24T06:13:26.961363,XRP-USDT,3.0717,3.0746,254.0,254.0
2025-07-24T06:13:27.279412,SOL-USDT,0.0,0.0,0.0,0.0
2025-07-24T06:13:27.729430,BTC-USDT,117814.0,117833.5,30.0,2435.0
2025-07-24T06:13:27.748058,ETH-USDT,3561.25,3563.55,348.0,353.0
2025-07-24T06:13:27.810775,XRP-USDT,3.0715,3.0746,254.0,254.0
2025-07-24T06:13:27.828540,LTC-USDT,109.26,109.52,5502.0,5503.0
2025-07-24T06:13:28.279214,SOL-USDT,0.0,0.0,0.0,0.0
2025-07-24T06:13:28.730320,BTC-USDT,117814.0,117833.5,30.0,2435.0
2025-07-24T06:13:28.747548,ETH-USDT,3561.25,3563.55,348.0,353.0
2025-07-24T06:13:28.812645,XRP-USDT,3.071,3.0742,254.0,254.0
2025-07-24T06:13:28.829454,LTC-USDT,109.26,109.52,5501.0,5503.0
2025-07-24T06:13:29.279018,SOL-USDT,0.0,0.0,0.0,0.0
2025-07-24T06:13:29.729254,BTC-USDT,117814.0,117833.5,30.0,2435.0
2025-07-24T06:13:29.747739,ETH-USDT,3561.25,3563.55,348.0,353.0
2025-07-24T06:13:29.810607,XRP-USDT,3.071,3.0742,254.0,254.0
2025-07-24T06:13:29.829451,LTC-USDT,109.26,109.52,5501.0,5503.0
2025-07-24T06:13:30.279054,SOL-USDT,0.0,0.0,0.0,0.0
2025-07-24T06:13:30.729179,BTC-USDT,117794.5,117811.5,1400.0,2485.0
2025-07-24T06:13:30.748440,ETH-USDT,3560.1,3561.95,498.0,348.0
2025-07-24T06:13:30.810473,XRP-USDT,3.07,3.0733,251.0,254.0
2025-07-24T06:13:30.829338,LTC-USDT,109.26,109.52,5501.0,5503.0
2025-07-24T06:13:31.279282,SOL-USDT,0.0,0.0,0.0,0.0
2025-07-24T06:13:31.729301,BTC-USDT,117794.5,117818.5,1400.0,12459.0
2025-07-24T06:13:31.747936,ETH-USDT,3560.1,3561.95,501.0,348.0
2025-07-24T06:13:31.811821,XRP-USDT,3.07,3.0733,251.0,254.0
2025-07-24T06:13:31.829523,LTC-USDT,109.26,109.52,5501.0,5503.0
2025-07-24T06:13:32.279014,SOL-USDT,0.0,0.0,0.0,0.0
2025-07-24T06:13:32.730227,BTC-USDT,117794.5,117818.5,1400.0,12459.0
2025-07-24T06:13:32.747558,ETH-USDT,3560.1,3561.95,501.0,348.0
2025-07-24T06:13:32.810646,XRP-USDT,3.07,3.0733,251.0,254.0
2025-07-24T06:13:32.828491,LTC-USDT,109.26,109.52,5501.0,5503.0
2025-07-24T06:13:33.279607,SOL-USDT,0.0,0.0,0.0,0.0
2025-07-24T06:13:33.730106,BTC-USDT,117794.5,117818.5,1400.0,12459.0
2025-07-24T06:13:33.747550,ETH-USDT,3560.1,3561.95,501.0,348.0
2025-07-24T06:13:33.810730,XRP-USDT,3.0695,3.0729,246.0,246.0
2025-07-24T06:13:33.828685,LTC-USDT,109.26,109.52,5501.0,5499.0
2025-07-24T06:13:34.278898,SOL-USDT,0.0,0.0,0.0,0.0
2025-07-24T06:13:34.729544,BTC-USDT,117794.5,117818.5,1400.0,12459.0
2025-07-24T06:13:34.748549,ETH-USDT,3559.0,3561.95,150.0,348.0
2025-07-24T06:13:34.810319,XRP-USDT,3.0683,3.0731,246.0,246.0
2025-07-24T06:13:34.834195,LTC-USDT,109.25,109.52,18000.0,5499.0
2025-07-24T06:13:35.278940,SOL-USDT,0.0,0.0,0.0,0.0
2025-07-24T06:13:35.729249,BTC-USDT,117792.0,117799.0,30.0,12509.0
2025-07-24T06:13:35.747948,ETH-USDT,3558.25,3560.4,351.0,351.0
2025-07-24T06:13:35.810170,XRP-USDT,3.0688,3.0722,246.0,246.0
2025-07-24T06:13:35.829459,LTC-USDT,109.26,109.52,5498.0,5499.0
2025-07-24T06:13:36.279053,SOL-USDT,0.0,0.0,0.0,0.0
2025-07-24T06:13:36.729354,BTC-USDT,117792.0,117799.0,30.0,12509.0
2025-07-24T06:13:36.749965,ETH-USDT,3558.25,3559.95,351.0,351.0
2025-07-24T06:13:36.810239,XRP-USDT,3.0683,3.0716,246.0,246.0
2025-07-24T06:13:36.830058,LTC-USDT,109.26,109.52,5498.0,5499.0
2025-07-24T06:13:37.280026,SOL-USDT,0.0,0.0,0.0,0.0
2025-07-24T06:13:37.729767,BTC-USDT,117774.0,117777.0,200.0,2485.0
2025-07-24T06:13:37.747132,ETH-USDT,3558.0,3559.8,451.0,351.0
2025-07-24T06:13:37.810341,XRP-USDT,3.0684,3.0716,246.0,246.0
2025-07-24T06:13:37.828528,LTC-USDT,109.26,109.52,5498.0,5497.0
2025-07-24T06:13:38.279069,SOL-USDT,0.0,0.0,0.0,0.0
2025-07-24T06:13:38.729959,BTC-USDT,117774.0,117776.5,200.0,19767.0
2025-07-24T06:13:38.748227,ETH-USDT,3558.0,3559.8,451.0,351.0
2025-07-24T06:13:38.810143,XRP-USDT,3.0686,3.0714,246.0,246.0
2025-07-24T06:13:38.829605,LTC-USDT,109.26,109.52,5498.0,5497.0
2025-07-24T06:13:39.280179,SOL-USDT,0.0,0.0,0.0,0.0
2025-07-24T06:13:39.729118,BTC-USDT,117774.0,117775.5,200.0,1347.0
2025-07-24T06:13:39.747315,ETH-USDT,3558.0,3560.05,451.0,351.0
2025-07-24T06:13:39.810397,XRP-USDT,3.0692,3.0726,246.0,246.0
2025-07-24T06:13:39.828423,LTC-USDT,109.26,109.52,5498.0,5496.0
2025-07-24T06:13:40.279131,SOL-USDT,0.0,0.0,0.0,0.0
2025-07-24T06:13:40.729163,BTC-USDT,117774.0,117782.0,200.0,12513.0
2025-07-24T06:13:40.748072,ETH-USDT,3558.0,3560.05,451.0,351.0
2025-07-24T06:13:40.811796,XRP-USDT,3.0692,3.0731,246.0,246.0
2025-07-24T06:13:40.831387,LTC-USDT,109.26,109.52,5498.0,5496.0
2025-07-24T06:13:41.279215,SOL-USDT,0.0,0.0,0.0,0.0
2025-07-24T06:13:41.729715,BTC-USDT,117774.5,117776.5,1363.0,12515.0
2025-07-24T06:13:41.747934,ETH-USDT,3558.0,3560.1,451.0,150.0
2025-07-24T06:13:41.810443,XRP-USDT,3.0722,3.0748,253.0,254.0
2025-07-24T06:13:41.828121,LTC-USDT,109.26,109.52,5498.0,5495.0
2025-07-24T06:13:42.279216,SOL-USDT,0.0,0.0,0.0,0.0
2025-07-24T06:13:42.729099,BTC-USDT,117774.5,117790.5,1363.0,12516.0
2025-07-24T06:13:42.747579,ETH-USDT,3558.55,3561.2,466.0,150.0
2025-07-24T06:13:42.810541,XRP-USDT,3.073,3.0748,253.0,254.0
2025-07-24T06:13:42.830401,LTC-USDT,109.27,109.52,104.0,5495.0
2025-07-24T06:13:43.279113,SOL-USDT,0.0,0.0,0.0,0.0
2025-07-24T06:13:43.728988,BTC-USDT,117774.5,117798.5,1363.0,12512.0
2025-07-24T06:13:43.747487,ETH-USDT,3559.0,3561.2,500.0,150.0
2025-07-24T06:13:43.811486,XRP-USDT,3.0733,3.0754,253.0,253.0
2025-07-24T06:13:43.829384,LTC-USDT,109.34,109.6,5494.0,5494.0
2025-07-24T06:13:44.279094,SOL-USDT,0.0,0.0,0.0,0.0
2025-07-24T06:13:44.729212,BTC-USDT,117780.0,117813.5,1363.0,12511.0
2025-07-24T06:13:44.747525,ETH-USDT,3559.75,3562.4,9998.0,150.0
2025-07-24T06:13:44.811020,XRP-USDT,3.0743,3.0763,253.0,253.0
2025-07-24T06:13:44.828837,LTC-USDT,109.34,109.6,5494.0,5494.0
2025-07-24T06:13:45.279211,SOL-USDT,0.0,0.0,0.0,0.0
2025-07-24T06:13:45.728856,BTC-USDT,117780.0,117813.5,1363.0,12511.0
2025-07-24T06:13:45.747378,ETH-USDT,3559.9,3562.4,9998.0,150.0
2025-07-24T06:13:45.811242,XRP-USDT,3.0748,3.077,253.0,246.0
2025-07-24T06:13:45.828482,LTC-USDT,109.4,109.68,18000.0,5494.0
2025-07-24T06:13:46.279411,SOL-USDT,0.0,0.0,0.0,0.0
2025-07-24T06:13:46.729642,BTC-USDT,117780.0,117813.5,1363.0,12511.0
2025-07-24T06:13:46.748703,ETH-USDT,3560.25,3562.4,9998.0,150.0
2025-07-24T06:13:46.811153,XRP-USDT,3.0748,3.077,253.0,246.0
2025-07-24T06:13:46.831712,LTC-USDT,109.41,109.68,5493.0,5494.0
2025-07-24T06:13:47.280177,SOL-USDT,0.0,0.0,0.0,0.0
2025-07-24T06:13:47.729611,BTC-USDT,117780.0,117813.5,1363.0,12511.0
2025-07-24T06:13:47.748252,ETH-USDT,3560.25,3562.4,9998.0,150.0
2025-07-24T06:13:47.810652,XRP-USDT,3.0748,3.077,253.0,246.0
2025-07-24T06:13:47.829069,LTC-USDT,109.41,109.68,5493.0,5494.0
2025-07-24T06:13:48.280600,SOL-USDT,0.0,0.0,0.0,0.0
2025-07-24T06:13:48.729830,BTC-USDT,117780.0,117813.5,1363.0,12511.0
2025-07-24T06:13:48.747000,ETH-USDT,3560.25,3562.4,9998.0,150.0
2025-07-24T06:13:48.811405,XRP-USDT,3.075,3.0772,253.0,253.0
2025-07-24T06:13:48.828932,LTC-USDT,109.41,109.68,5492.0,5494.0
2025-07-24T06:13:49.279107,SOL-USDT,0.0,0.0,0.0,0.0
2025-07-24T06:13:49.729017,BTC-USDT,117780.0,117814.0,1363.0,30.0
2025-07-24T06:13:49.747380,ETH-USDT,3560.35,3562.4,9998.0,150.0
2025-07-24T06:13:49.811397,XRP-USDT,3.075,3.0772,253.0,253.0
2025-07-24T06:13:49.829421,LTC-USDT,109.42,109.68,2479.0,5494.0
2025-07-24T06:13:50.285295,SOL-USDT,0.0,0.0,0.0,0.0
2025-07-24T06:13:50.729126,BTC-USDT,117780.0,117814.0,1363.0,30.0
2025-07-24T06:13:50.746806,ETH-USDT,3560.35,3562.4,9998.0,150.0
2025-07-24T06:13:50.809963,XRP-USDT,3.0752,3.0772,253.0,253.0
2025-07-24T06:13:50.828589,LTC-USDT,109.42,109.68,2479.0,5494.0
2025-07-24T06:13:51.278895,SOL-USDT,0.0,0.0,0.0,0.0
2025-07-24T06:13:51.729058,BTC-USDT,117780.0,117814.0,1363.0,1403.0
2025-07-24T06:13:51.747643,ETH-USDT,3560.15,3562.4,350.0,502.0
2025-07-24T06:13:51.811464,XRP-USDT,3.0743,3.0772,248.0,253.0
2025-07-24T06:13:51.829949,LTC-USDT,109.4,109.68,18000.0,5494.0
2025-07-24T06:13:52.278795,SOL-USDT,0.0,0.0,0.0,0.0
2025-07-24T06:13:52.729003,BTC-USDT,117780.0,117814.0,1363.0,1403.0
2025-07-24T06:13:52.747750,ETH-USDT,3560.25,3562.35,9998.0,352.0
2025-07-24T06:13:52.810322,XRP-USDT,3.0738,3.0771,253.0,248.0
2025-07-24T06:13:52.829091,LTC-USDT,109.41,109.68,5491.0,5494.0
2025-07-24T06:13:53.279134,SOL-USDT,0.0,0.0,0.0,0.0
2025-07-24T06:13:53.729343,BTC-USDT,117780.0,117810.0,1363.0,2720.0
2025-07-24T06:13:53.747814,ETH-USDT,3560.35,3562.35,9998.0,352.0
2025-07-24T06:13:53.811453,XRP-USDT,3.0738,3.0771,253.0,248.0
2025-07-24T06:13:53.829031,LTC-USDT,109.41,109.68,5491.0,5494.0
2025-07-24T06:13:54.279041,SOL-USDT,0.0,0.0,0.0,0.0
2025-07-24T06:13:54.729107,BTC-USDT,117780.0,117810.0,1363.0,1347.0
2025-07-24T06:13:54.746977,ETH-USDT,3560.45,3562.4,9998.0,150.0
2025-07-24T06:13:54.810369,XRP-USDT,3.0738,3.0771,248.0,248.0
2025-07-24T06:13:54.828965,LTC-USDT,109.41,109.68,5491.0,5494.0
2025-07-24T06:13:55.279904,SOL-USDT,0.0,0.0,0.0,0.0
2025-07-24T06:13:55.729487,BTC-USDT,117780.0,117810.0,1363.0,2720.0
2025-07-24T06:13:55.748355,ETH-USDT,3560.55,3562.35,9998.0,352.0
2025-07-24T06:13:55.810970,XRP-USDT,3.0729,3.0761,248.0,248.0
2025-07-24T06:13:55.828111,LTC-USDT,109.41,109.68,5491.0,5494.0
2025-07-24T06:13:56.279386,SOL-USDT,0.0,0.0,0.0,0.0
2025-07-24T06:13:56.729139,BTC-USDT,117780.0,117814.0,1363.0,1403.0
2025-07-24T06:13:56.746974,ETH-USDT,3560.55,3562.35,9998.0,352.0
2025-07-24T06:13:56.810603,XRP-USDT,3.072,3.0755,248.0,248.0
2025-07-24T06:13:56.830509,LTC-USDT,109.41,109.68,5491.0,5494.0
2025-07-24T06:13:57.280772,SOL-USDT,0.0,0.0,0.0,0.0
2025-07-24T06:13:57.731368,BTC-USDT,117780.0,117807.5,1363.0,2720.0
2025-07-24T06:13:57.750442,ETH-USDT,3560.45,3562.35,352.0,352.0
2025-07-24T06:13:57.810433,XRP-USDT,3.0709,3.0745,248.0,248.0
2025-07-24T06:13:57.828829,LTC-USDT,109.41,109.68,5491.0,5494.0
2025-07-24T06:13:58.292031,SOL-USDT,0.0,0.0,0.0,0.0
2025-07-24T06:13:58.732001,BTC-USDT,117780.0,117809.0,1363.0,1347.0
2025-07-24T06:13:58.747021,ETH-USDT,3560.5,3562.4,18736.0,150.0
2025-07-24T06:13:58.811293,XRP-USDT,3.0702,3.0738,248.0,248.0
2025-07-24T06:13:58.829676,LTC-USDT,109.41,109.68,5491.0,5489.0
2025-07-24T06:13:59.297759,SOL-USDT,0.0,0.0,0.0,0.0
2025-07-24T06:13:59.736317,BTC-USDT,117780.0,117809.0,1363.0,1347.0
2025-07-24T06:13:59.751948,ETH-USDT,3560.45,3562.4,18733.0,150.0
2025-07-24T06:13:59.819928,XRP-USDT,3.0712,3.074,248.0,248.0
2025-07-24T06:13:59.833039,LTC-USDT,109.41,109.68,5491.0,5489.0
2025-07-24T06:14:00.288638,SOL-USDT,0.0,0.0,0.0,0.0
2025-07-24T06:14:00.733732,BTC-USDT,117791.5,117833.0,1373.0,12489.0
2025-07-24T06:14:00.752356,ETH-USDT,3561.25,3563.55,28719.0,352.0
2025-07-24T06:14:00.817436,XRP-USDT,3.0702,3.074,248.0,253.0
2025-07-24T06:14:00.850066,LTC-USDT,109.41,109.67,5491.0,5489.0
2025-07-24T06:14:01.282475,SOL-USDT,0.0,0.0,0.0,0.0
2025-07-24T06:14:01.731521,BTC-USDT,117791.5,117833.0,1373.0,12489.0
2025-07-24T06:14:01.754094,ETH-USDT,3561.4,3563.55,9998.0,352.0
2025-07-24T06:14:01.816653,XRP-USDT,3.072,3.074,253.0,253.0
2025-07-24T06:14:01.834410,LTC-USDT,109.41,109.67,5491.0,5489.0
2025-07-24T06:14:02.280345,SOL-USDT,0.0,0.0,0.0,0.0
2025-07-24T06:14:02.730670,BTC-USDT,117816.5,117832.5,1384.0,2731.0
2025-07-24T06:14:02.747753,ETH-USDT,3561.6,3563.6,458.0,150.0
2025-07-24T06:14:02.810545,XRP-USDT,3.0731,3.0752,253.0,253.0
2025-07-24T06:14:02.828760,LTC-USDT,109.41,109.67,5491.0,5489.0
2025-07-24T06:14:03.284459,SOL-USDT,0.0,0.0,0.0,0.0
2025-07-24T06:14:03.731488,BTC-USDT,117816.5,117832.5,1384.0,2731.0
2025-07-24T06:14:03.749910,ETH-USDT,3561.65,3563.6,18739.0,150.0
2025-07-24T06:14:03.820978,XRP-USDT,3.0733,3.0752,253.0,253.0
2025-07-24T06:14:03.829628,LTC-USDT,109.41,109.67,5491.0,5489.0
2025-07-24T06:14:04.284142,SOL-USDT,0.0,0.0,0.0,0.0
2025-07-24T06:14:04.736666,BTC-USDT,117816.5,117835.0,1384.0,30.0
2025-07-24T06:14:04.761994,ETH-USDT,3561.9,3564.75,9997.0,347.0
2025-07-24T06:14:04.851582,XRP-USDT,3.0738,3.0756,190.0,253.0
2025-07-24T06:14:04.867279,LTC-USDT,109.41,109.76,5491.0,5487.0
2025-07-24T06:14:05.281423,SOL-USDT,0.0,0.0,0.0,0.0
2025-07-24T06:14:05.730486,BTC-USDT,117816.5,117835.0,1384.0,30.0
2025-07-24T06:14:05.748463,ETH-USDT,3562.2,3564.8,116.0,150.0
2025-07-24T06:14:05.811773,XRP-USDT,3.0737,3.0756,253.0,253.0
2025-07-24T06:14:05.830387,LTC-USDT,109.41,109.76,5491.0,5487.0
2025-07-24T06:14:06.278790,SOL-USDT,0.0,0.0,0.0,0.0
2025-07-24T06:14:06.759230,BTC-USDT,117816.5,117835.0,1384.0,1414.0
2025-07-24T06:14:06.765855,ETH-USDT,3563.45,3565.95,342.0,351.0
2025-07-24T06:14:06.810728,XRP-USDT,3.0742,3.0758,253.0,253.0
2025-07-24T06:14:06.829232,LTC-USDT,109.41,109.76,5491.0,5487.0
2025-07-24T06:14:07.279545,SOL-USDT,0.0,0.0,0.0,0.0
2025-07-24T06:14:07.792348,BTC-USDT,117816.5,117835.0,1384.0,30.0
2025-07-24T06:14:07.792383,ETH-USDT,3563.6,3565.95,492.0,351.0
2025-07-24T06:14:07.839424,XRP-USDT,3.0744,3.0768,253.0,253.0
2025-07-24T06:14:07.853398,LTC-USDT,109.41,109.76,5491.0,5487.0
2025-07-24T06:14:08.282739,SOL-USDT,0.0,0.0,0.0,0.0
2025-07-24T06:14:08.729410,BTC-USDT,117816.5,117835.0,1384.0,30.0
2025-07-24T06:14:08.748450,ETH-USDT,3563.65,3565.95,42000.0,351.0
2025-07-24T06:14:08.829306,XRP-USDT,3.0744,3.0768,253.0,253.0
2025-07-24T06:14:08.857176,LTC-USDT,109.41,109.76,5491.0,5487.0
2025-07-24T06:14:09.282943,SOL-USDT,0.0,0.0,0.0,0.0
2025-07-24T06:14:09.729555,BTC-USDT,117816.0,117829.5,200.0,1384.0
2025-07-24T06:14:09.749372,ETH-USDT,3563.75,3566.1,458.0,150.0
2025-07-24T06:14:09.810464,XRP-USDT,3.0749,3.0769,253.0,13317.0
2025-07-24T06:14:09.829636,LTC-USDT,109.42,109.76,2479.0,5487.0
2025-07-24T06:14:10.278959,SOL-USDT,0.0,0.0,0.0,0.0
2025-07-24T06:14:10.729508,BTC-USDT,117816.0,117832.0,200.0,18254.0
2025-07-24T06:14:10.747809,ETH-USDT,3564.45,3566.1,9997.0,150.0
2025-07-24T06:14:10.811365,XRP-USDT,3.0754,3.0775,253.0,253.0
2025-07-24T06:14:10.829364,LTC-USDT,109.43,109.76,2479.0,5487.0
2025-07-24T06:14:11.278794,SOL-USDT,0.0,0.0,0.0,0.0
2025-07-24T06:14:11.729441,BTC-USDT,117816.0,117832.5,200.0,1384.0
2025-07-24T06:14:11.747461,ETH-USDT,3564.45,3566.1,9997.0,150.0
2025-07-24T06:14:11.810420,XRP-USDT,3.0754,3.0775,253.0,253.0
2025-07-24T06:14:11.829033,LTC-USDT,109.43,109.76,2479.0,5487.0
2025-07-24T06:14:12.279800,SOL-USDT,0.0,0.0,0.0,0.0
2025-07-24T06:14:12.736417,BTC-USDT,117816.5,117835.0,1374.0,1404.0
2025-07-24T06:14:12.748489,ETH-USDT,3564.85,3567.3,471.0,150.0
2025-07-24T06:14:12.810531,XRP-USDT,3.0759,3.0782,249.0,249.0
2025-07-24T06:14:12.827945,LTC-USDT,109.46,109.76,2479.0,5487.0
2025-07-24T06:14:13.279399,SOL-USDT,0.0,0.0,0.0,0.0
2025-07-24T06:14:13.728829,BTC-USDT,117816.5,117835.0,1374.0,1404.0
2025-07-24T06:14:13.747524,ETH-USDT,3565.5,3567.3,60747.0,150.0
2025-07-24T06:14:13.810438,XRP-USDT,3.0759,3.0782,249.0,249.0
2025-07-24T06:14:13.829242,LTC-USDT,109.46,109.76,2479.0,5487.0
2025-07-24T06:14:14.283278,SOL-USDT,0.0,0.0,0.0,0.0
2025-07-24T06:14:14.729389,BTC-USDT,117816.5,117835.0,1374.0,1404.0
2025-07-24T06:14:14.748645,ETH-USDT,3565.8,3568.55,9997.0,355.0
2025-07-24T06:14:14.820814,XRP-USDT,3.0749,3.0782,253.0,249.0
2025-07-24T06:14:14.829161,LTC-USDT,109.46,109.76,2479.0,5487.0
2025-07-24T06:14:15.278932,SOL-USDT,0.0,0.0,0.0,0.0
2025-07-24T06:14:15.729176,BTC-USDT,117816.5,117835.0,1374.0,13899.0
2025-07-24T06:14:15.748204,ETH-USDT,3566.1,3568.55,505.0,355.0
2025-07-24T06:14:15.809988,XRP-USDT,3.075,3.0782,249.0,249.0
2025-07-24T06:14:15.829463,LTC-USDT,109.46,109.76,2479.0,5487.0
2025-07-24T06:14:16.278908,SOL-USDT,0.0,0.0,0.0,0.0
2025-07-24T06:14:16.729089,BTC-USDT,117816.5,117835.0,1374.0,13899.0
2025-07-24T06:14:16.747030,ETH-USDT,3566.55,3568.55,18737.0,355.0
2025-07-24T06:14:16.810724,XRP-USDT,3.076,3.0782,249.0,249.0
2025-07-24T06:14:16.828516,LTC-USDT,109.46,109.76,2479.0,5487.0
2025-07-24T06:14:17.282926,SOL-USDT,0.0,0.0,0.0,0.0
2025-07-24T06:14:17.729819,BTC-USDT,117816.5,117835.0,1374.0,13899.0
2025-07-24T06:14:17.747024,ETH-USDT,3566.55,3568.55,18737.0,355.0
2025-07-24T06:14:17.810253,XRP-USDT,3.076,3.0782,249.0,249.0
2025-07-24T06:14:17.829189,LTC-USDT,109.47,109.76,2479.0,5487.0
2025-07-24T06:14:18.278719,SOL-USDT,0.0,0.0,0.0,0.0
2025-07-24T06:14:18.729481,BTC-USDT,117816.5,117835.0,1374.0,13899.0
2025-07-24T06:14:18.749386,ETH-USDT,3566.2,3568.55,9997.0,355.0
2025-07-24T06:14:18.810946,XRP-USDT,3.076,3.0783,249.0,13309.0
2025-07-24T06:14:18.828258,LTC-USDT,109.46,109.76,2479.0,5487.0
2025-07-24T06:14:19.279399,SOL-USDT,0.0,0.0,0.0,0.0
2025-07-24T06:14:19.729125,BTC-USDT,117816.0,117835.0,200.0,12525.0
2025-07-24T06:14:19.747502,ETH-USDT,3566.1,3568.55,505.0,355.0
2025-07-24T06:14:19.811082,XRP-USDT,3.0755,3.0782,249.0,249.0
2025-07-24T06:14:19.830348,LTC-USDT,109.52,109.76,18000.0,5487.0
2025-07-24T06:14:23.259273,SOL-USDT,0.0,0.0,0.0,0.0
2025-07-24T06:14:23.259296,BTC-USDT,117816.0,117822.5,200.0,12484.0
2025-07-24T06:14:23.259320,ETH-USDT,3566.1,3568.55,505.0,355.0
2025-07-24T06:14:23.259343,XRP-USDT,3.0754,3.0783,249.0,249.0
2025-07-24T06:14:23.259365,LTC-USDT,109.52,109.76,18000.0,5487.0
2025-07-24T06:14:23.259386,SOL-USDT,0.0,0.0,0.0,0.0
2025-07-24T06:14:23.259406,BTC-USDT,117816.5,117822.5,1372.0,12484.0
2025-07-24T06:14:23.259437,ETH-USDT,3566.75,3568.6,9997.0,150.0
2025-07-24T06:14:23.259469,XRP-USDT,3.0754,3.0783,249.0,249.0
2025-07-24T06:14:23.259496,LTC-USDT,109.52,109.76,18000.0,5487.0
2025-07-24T06:14:23.328629,SOL-USDT,0.0,0.0,0.0,0.0
2025-07-24T06:14:23.328652,BTC-USDT,117817.0,117835.0,1372.0,30.0
2025-07-24T06:14:23.328675,ETH-USDT,3567.0,3569.85,2024.0,353.0
2025-07-24T06:14:23.328696,XRP-USDT,3.0763,3.0814,244.0,244.0
2025-07-24T06:14:23.328718,LTC-USDT,109.52,109.76,18000.0,5487.0
2025-07-24T06:14:23.328741,SOL-USDT,0.0,0.0,0.0,0.0
2025-07-24T06:14:24.030711,BTC-USDT,117817.0,117845.0,1372.0,13577.0
2025-07-24T06:14:24.030735,ETH-USDT,3567.25,3569.85,9997.0,353.0
2025-07-24T06:14:24.030759,XRP-USDT,3.079,3.0814,244.0,244.0
2025-07-24T06:14:24.030781,LTC-USDT,109.54,109.85,92.0,18000.0
2025-07-24T06:14:24.278831,SOL-USDT,0.0,0.0,0.0,0.0
2025-07-24T06:14:24.729938,BTC-USDT,117823.0,117855.0,1372.0,30.0
2025-07-24T06:14:24.747481,ETH-USDT,3568.25,3569.9,12026.0,58.0
2025-07-24T06:14:25.321809,XRP-USDT,3.0796,3.0828,244.0,244.0
2025-07-24T06:14:25.321923,LTC-USDT,109.61,109.84,5481.0,5481.0
2025-07-24T06:14:25.321956,SOL-USDT,0.0,0.0,0.0,0.0
2025-07-24T06:14:25.729323,BTC-USDT,117835.0,117872.5,1372.0,12022.0
2025-07-24T06:14:25.746986,ETH-USDT,3568.45,3571.1,9997.0,358.0
2025-07-24T06:14:25.810519,XRP-USDT,3.0806,3.0837,244.0,244.0
2025-07-24T06:14:25.828718,LTC-USDT,109.62,109.93,103.0,23481.0
2025-07-24T06:14:26.278689,SOL-USDT,0.0,0.0,0.0,0.0
2025-07-24T06:14:26.729194,BTC-USDT,117840.5,117874.0,1372.0,30.0
2025-07-24T06:14:26.747475,ETH-USDT,3568.8,3571.1,9997.0,358.0
2025-07-24T06:14:26.810498,XRP-USDT,3.0801,3.0837,244.0,244.0
2025-07-24T06:14:26.828091,LTC-USDT,109.62,109.93,103.0,23481.0
2025-07-24T06:14:27.278748,SOL-USDT,0.0,0.0,0.0,0.0
2025-07-24T06:14:27.728885,BTC-USDT,117840.5,117874.0,1372.0,30.0
2025-07-24T06:14:27.747625,ETH-USDT,3568.8,3571.1,9997.0,358.0
2025-07-24T06:14:27.810883,XRP-USDT,3.0801,3.0837,244.0,244.0
2025-07-24T06:14:27.828994,LTC-USDT,109.62,109.93,103.0,23481.0
2025-07-24T06:14:28.279578,SOL-USDT,0.0,0.0,0.0,0.0
2025-07-24T06:14:28.729152,BTC-USDT,117840.5,117874.0,1372.0,30.0
2025-07-24T06:14:28.748350,ETH-USDT,3569.1,3571.1,9997.0,358.0
2025-07-24T06:14:28.810160,XRP-USDT,3.079,3.0823,244.0,244.0
2025-07-24T06:14:28.828851,LTC-USDT,109.62,109.93,103.0,23481.0
2025-07-24T06:14:29.279617,SOL-USDT,0.0,0.0,0.0,0.0
2025-07-24T06:14:29.729206,BTC-USDT,117840.5,117874.0,1372.0,30.0
2025-07-24T06:14:29.747427,ETH-USDT,3569.2,3571.1,9997.0,358.0
2025-07-24T06:14:29.810813,XRP-USDT,3.08,3.0832,244.0,244.0
2025-07-24T06:14:29.828920,LTC-USDT,109.62,109.93,103.0,23481.0
2025-07-24T06:14:30.278957,SOL-USDT,0.0,0.0,0.0,0.0
2025-07-24T06:14:30.729783,BTC-USDT,117840.5,117874.0,1372.0,30.0
2025-07-24T06:14:30.747361,ETH-USDT,3569.15,3571.1,9997.0,358.0
2025-07-24T06:14:30.810034,XRP-USDT,3.08,3.0832,244.0,244.0
2025-07-24T06:14:30.828215,LTC-USDT,109.62,109.93,2582.0,23481.0
2025-07-24T06:14:31.278784,SOL-USDT,0.0,0.0,0.0,0.0
2025-07-24T06:14:31.729793,BTC-USDT,117846.5,117874.0,1396.0,30.0
2025-07-24T06:14:31.748010,ETH-USDT,3569.25,3571.1,9997.0,358.0
2025-07-24T06:14:31.811837,XRP-USDT,3.08,3.083,244.0,252.0
2025-07-24T06:14:31.829474,LTC-USDT,109.63,109.93,20479.0,23479.0
2025-07-24T06:14:32.278751,SOL-USDT,0.0,0.0,0.0,0.0
2025-07-24T06:14:32.729266,BTC-USDT,117900.0,117921.0,1396.0,132.0
2025-07-24T06:14:32.747258,ETH-USDT,3569.2,3571.2,488.0,150.0
2025-07-24T06:14:32.810297,XRP-USDT,3.0822,3.0852,252.0,248.0
2025-07-24T06:14:32.829390,LTC-USDT,109.7,110.01,2479.0,5479.0
2025-07-24T06:14:33.278773,SOL-USDT,0.0,0.0,0.0,0.0
2025-07-24T06:14:33.728950,BTC-USDT,117894.0,117921.0,1396.0,132.0
2025-07-24T06:14:33.747939,ETH-USDT,3569.4,3572.35,11985.0,358.0
2025-07-24T06:14:33.811068,XRP-USDT,3.0822,3.085,252.0,252.0
2025-07-24T06:14:33.828663,LTC-USDT,109.68,110.01,103.0,5479.0
2025-07-24T06:14:34.278660,SOL-USDT,0.0,0.0,0.0,0.0
2025-07-24T06:14:34.728989,BTC-USDT,117894.0,117921.0,1396.0,132.0
2025-07-24T06:14:34.747623,ETH-USDT,3570.65,3572.7,358.0,100.0
2025-07-24T06:14:34.810371,XRP-USDT,3.083,3.085,252.0,252.0
2025-07-24T06:14:34.828386,LTC-USDT,109.68,110.01,103.0,5479.0
2025-07-24T06:14:35.278668,SOL-USDT,0.0,0.0,0.0,0.0
2025-07-24T06:14:35.729070,BTC-USDT,117900.0,117921.0,1396.0,132.0
2025-07-24T06:14:35.747373,ETH-USDT,3571.55,3572.7,358.0,100.0
2025-07-24T06:14:35.810714,XRP-USDT,3.083,3.085,252.0,252.0
2025-07-24T06:14:35.828374,LTC-USDT,109.68,110.01,103.0,5479.0
2025-07-24T06:14:36.281685,SOL-USDT,0.0,0.0,0.0,0.0
2025-07-24T06:14:36.728897,BTC-USDT,117894.0,117929.0,1396.0,1426.0
2025-07-24T06:14:36.748131,ETH-USDT,3571.4,3572.7,358.0,100.0
2025-07-24T06:14:36.810785,XRP-USDT,3.0821,3.0853,252.0,252.0
2025-07-24T06:14:36.828971,LTC-USDT,109.68,110.01,103.0,5479.0
2025-07-24T06:14:37.278514,SOL-USDT,0.0,0.0,0.0,0.0
2025-07-24T06:14:37.729532,BTC-USDT,117894.0,117929.0,1396.0,1426.0
2025-07-24T06:14:37.749061,ETH-USDT,3571.3,3572.55,10355.0,358.0
2025-07-24T06:14:37.810337,XRP-USDT,3.0836,3.0853,252.0,252.0
2025-07-24T06:14:37.828447,LTC-USDT,109.68,110.01,103.0,5479.0
2025-07-24T06:14:38.278716,SOL-USDT,0.0,0.0,0.0,0.0
2025-07-24T06:14:38.729196,BTC-USDT,117901.0,117929.0,1396.0,30.0
2025-07-24T06:14:38.747700,ETH-USDT,3572.65,3573.9,358.0,458.0
2025-07-24T06:14:38.810361,XRP-USDT,3.0846,3.0862,252.0,13290.0
2025-07-24T06:14:38.828941,LTC-USDT,109.68,110.01,103.0,5477.0
2025-07-24T06:14:39.279145,SOL-USDT,0.0,0.0,0.0,0.0
2025-07-24T06:14:39.728957,BTC-USDT,117894.0,117929.0,1396.0,1426.0
2025-07-24T06:14:39.747223,ETH-USDT,3572.5,3573.9,150.0,458.0
2025-07-24T06:14:39.810492,XRP-USDT,3.0848,3.0901,252.0,248.0
2025-07-24T06:14:39.829185,LTC-USDT,109.68,110.02,2582.0,18000.0
2025-07-24T06:14:40.278735,SOL-USDT,0.0,0.0,0.0,0.0
2025-07-24T06:14:40.728982,BTC-USDT,117900.0,117929.0,1396.0,30.0
2025-07-24T06:14:40.747388,ETH-USDT,3572.65,3574.5,358.0,458.0
2025-07-24T06:14:40.810214,XRP-USDT,3.0882,3.0922,252.0,13514.0
2025-07-24T06:14:40.828437,LTC-USDT,109.76,110.11,5477.0,981.0
2025-07-24T06:14:41.278457,SOL-USDT,0.0,0.0,0.0,0.0
2025-07-24T06:14:41.728659,BTC-USDT,117894.0,117926.5,1396.0,2696.0
2025-07-24T06:14:41.747363,ETH-USDT,3573.3,3574.5,352.0,458.0
2025-07-24T06:14:41.813589,XRP-USDT,3.0882,3.0912,252.0,13515.0
2025-07-24T06:14:41.830134,LTC-USDT,109.76,110.11,5477.0,981.0
2025-07-24T06:14:42.279472,SOL-USDT,0.0,0.0,0.0,0.0
2025-07-24T06:14:42.728961,BTC-USDT,117894.0,117926.5,1396.0,2696.0
2025-07-24T06:14:42.747237,ETH-USDT,3572.85,3574.5,352.0,458.0
2025-07-24T06:14:42.810441,XRP-USDT,3.0882,3.0912,252.0,13515.0
2025-07-24T06:14:42.829033,LTC-USDT,109.76,110.11,5477.0,981.0
2025-07-24T06:14:43.278503,SOL-USDT,0.0,0.0,0.0,0.0
2025-07-24T06:14:43.728785,BTC-USDT,117893.0,117925.0,30.0,18917.0
2025-07-24T06:14:43.746999,ETH-USDT,3572.55,3574.5,352.0,458.0
2025-07-24T06:14:43.810388,XRP-USDT,3.0864,3.0902,252.0,64800.0
2025-07-24T06:14:43.830476,LTC-USDT,109.78,110.11,2479.0,981.0
2025-07-24T06:14:44.278502,SOL-USDT,0.0,0.0,0.0,0.0
2025-07-24T06:14:44.729119,BTC-USDT,117893.0,117907.0,30.0,1350.0
2025-07-24T06:14:44.747413,ETH-USDT,3572.5,3574.5,150.0,458.0
2025-07-24T06:14:44.810723,XRP-USDT,3.0852,3.0882,256.0,64800.0
2025-07-24T06:14:44.828614,LTC-USDT,109.76,110.11,5477.0,981.0
2025-07-24T06:14:45.278720,SOL-USDT,0.0,0.0,0.0,0.0
2025-07-24T06:14:45.728945,BTC-USDT,117893.0,117907.0,30.0,1350.0
2025-07-24T06:14:45.747834,ETH-USDT,3572.55,3574.5,352.0,458.0
2025-07-24T06:14:45.811556,XRP-USDT,3.0847,3.0874,256.0,256.0
2025-07-24T06:14:45.828832,LTC-USDT,109.76,110.11,5475.0,1084.0
2025-07-24T06:14:46.278930,SOL-USDT,0.0,0.0,0.0,0.0
2025-07-24T06:14:46.728706,BTC-USDT,117893.0,117907.0,30.0,1350.0
2025-07-24T06:14:46.747824,ETH-USDT,3572.55,3574.5,352.0,458.0
2025-07-24T06:14:46.810389,XRP-USDT,3.0847,3.0871,256.0,13505.0
2025-07-24T06:14:46.828776,LTC-USDT,109.76,110.11,5475.0,1084.0
2025-07-24T06:14:47.278959,SOL-USDT,0.0,0.0,0.0,0.0
2025-07-24T06:14:47.730240,BTC-USDT,117893.0,117907.0,30.0,1350.0
2025-07-24T06:14:47.748442,ETH-USDT,3572.85,3574.5,1787.0,458.0
2025-07-24T06:14:47.810579,XRP-USDT,3.0837,3.0869,256.0,446.0
2025-07-24T06:14:47.829309,LTC-USDT,109.76,110.1,5475.0,2427.0
2025-07-24T06:14:48.279802,SOL-USDT,0.0,0.0,0.0,0.0
2025-07-24T06:14:48.730061,BTC-USDT,117893.0,117907.0,30.0,19081.0
2025-07-24T06:14:48.755152,ETH-USDT,3572.5,3574.5,150.0,458.0
2025-07-24T06:14:48.810654,XRP-USDT,3.0826,3.0864,256.0,446.0
2025-07-24T06:14:48.829996,LTC-USDT,109.76,110.1,5475.0,2427.0
2025-07-24T06:14:49.278736,SOL-USDT,0.0,0.0,0.0,0.0
2025-07-24T06:14:49.730290,BTC-USDT,117893.0,117907.0,30.0,1350.0
2025-07-24T06:14:49.749148,ETH-USDT,3572.5,3574.5,150.0,458.0
2025-07-24T06:14:49.810558,XRP-USDT,3.0826,3.0855,256.0,13471.0
2025-07-24T06:14:49.829524,LTC-USDT,109.76,110.1,5475.0,2427.0
2025-07-24T06:14:50.279288,SOL-USDT,0.0,0.0,0.0,0.0
2025-07-24T06:14:50.728861,BTC-USDT,117874.0,117878.5,30.0,2696.0
2025-07-24T06:14:50.747476,ETH-USDT,3571.2,3574.05,150.0,482.0
2025-07-24T06:14:50.810787,XRP-USDT,3.0815,3.0848,256.0,446.0
2025-07-24T06:14:50.832520,LTC-USDT,109.76,110.06,5475.0,103.0
2025-07-24T06:14:51.278789,SOL-USDT,0.0,0.0,0.0,0.0
2025-07-24T06:14:51.728844,BTC-USDT,117874.0,117878.5,30.0,2696.0
2025-07-24T06:14:51.747676,ETH-USDT,3571.2,3573.45,150.0,484.0
2025-07-24T06:14:51.811513,XRP-USDT,3.0815,3.0852,256.0,445.0
2025-07-24T06:14:51.828683,LTC-USDT,109.76,110.04,5475.0,92.0
2025-07-24T06:14:52.278631,SOL-USDT,0.0,0.0,0.0,0.0
2025-07-24T06:14:52.728669,BTC-USDT,117874.0,117882.0,30.0,12699.0
2025-07-24T06:14:52.747633,ETH-USDT,3571.2,3573.45,150.0,354.0
2025-07-24T06:14:52.813194,XRP-USDT,3.0835,3.0855,255.0,13468.0
2025-07-24T06:14:52.829721,LTC-USDT,109.76,110.04,5475.0,92.0
2025-07-24T06:14:53.278561,SOL-USDT,0.0,0.0,0.0,0.0
2025-07-24T06:14:53.728905,BTC-USDT,117874.0,117882.0,30.0,12699.0
2025-07-24T06:14:53.747149,ETH-USDT,3571.2,3573.45,150.0,484.0
2025-07-24T06:14:53.811107,XRP-USDT,3.0825,3.0855,255.0,13468.0
2025-07-24T06:14:53.828534,LTC-USDT,109.76,110.04,5475.0,103.0
2025-07-24T06:14:54.285136,SOL-USDT,0.0,0.0,0.0,0.0
2025-07-24T06:14:54.728834,BTC-USDT,117874.0,117882.0,30.0,12699.0
2025-07-24T06:14:54.747412,ETH-USDT,3571.2,3573.45,150.0,42484.0
2025-07-24T06:14:54.810118,XRP-USDT,3.0825,3.0854,255.0,445.0
2025-07-24T06:14:54.828679,LTC-USDT,109.76,110.04,5475.0,103.0
2025-07-24T06:14:55.280535,SOL-USDT,0.0,0.0,0.0,0.0
2025-07-24T06:14:55.729084,BTC-USDT,117874.0,117882.0,30.0,12699.0
2025-07-24T06:14:55.747436,ETH-USDT,3571.2,3573.45,150.0,42484.0
2025-07-24T06:14:55.810343,XRP-USDT,3.0815,3.0849,256.0,190.0
2025-07-24T06:14:55.828515,LTC-USDT,109.68,110.04,5473.0,103.0
2025-07-24T06:14:56.278711,SOL-USDT,0.0,0.0,0.0,0.0
2025-07-24T06:14:56.728944,BTC-USDT,117874.0,117882.0,30.0,12699.0
2025-07-24T06:14:56.747502,ETH-USDT,3571.2,3573.45,150.0,42484.0
2025-07-24T06:14:56.810341,XRP-USDT,3.0815,3.0849,256.0,445.0
2025-07-24T06:14:56.829512,LTC-USDT,109.68,110.04,5473.0,103.0
2025-07-24T06:14:57.278949,SOL-USDT,0.0,0.0,0.0,0.0
2025-07-24T06:14:57.730583,BTC-USDT,117874.0,117882.0,30.0,12699.0
2025-07-24T06:14:57.747470,ETH-USDT,3571.2,3573.45,150.0,42484.0
2025-07-24T06:14:57.810253,XRP-USDT,3.0815,3.0849,256.0,445.0
2025-07-24T06:14:57.828734,LTC-USDT,109.68,110.04,5473.0,103.0
2025-07-24T06:14:58.279254,SOL-USDT,0.0,0.0,0.0,0.0
2025-07-24T06:14:58.729626,BTC-USDT,117874.0,117881.5,30.0,2713.0
2025-07-24T06:14:58.753585,ETH-USDT,3571.2,3573.45,150.0,61530.0
2025-07-24T06:14:58.817962,XRP-USDT,3.0819,3.0855,255.0,13439.0
2025-07-24T06:14:58.829423,LTC-USDT,109.68,110.04,5473.0,103.0
2025-07-24T06:14:59.278544,SOL-USDT,0.0,0.0,0.0,0.0
2025-07-24T06:14:59.729073,BTC-USDT,117874.0,117881.5,30.0,1367.0
2025-07-24T06:14:59.747467,ETH-USDT,3571.2,3573.45,150.0,42484.0
2025-07-24T06:14:59.810127,XRP-USDT,3.0819,3.0855,255.0,13439.0
2025-07-24T06:14:59.828786,LTC-USDT,109.68,110.04,5473.0,103.0
2025-07-24T06:15:00.279066,SOL-USDT,0.0,0.0,0.0,0.0
2025-07-24T06:15:00.728923,BTC-USDT,117874.5,117893.0,1406.0,12677.0
2025-07-24T06:15:00.747277,ETH-USDT,3571.2,3573.45,150.0,42354.0
2025-07-24T06:15:00.810468,XRP-USDT,3.0829,3.0855,255.0,13439.0
2025-07-24T06:15:00.829496,LTC-USDT,109.68,110.03,5473.0,2427.0
2025-07-24T06:15:01.279271,SOL-USDT,0.0,0.0,0.0,0.0
2025-07-24T06:15:01.729992,BTC-USDT,117879.5,117910.5,1406.0,12181.0
2025-07-24T06:15:01.747283,ETH-USDT,3571.2,3573.45,150.0,42354.0
2025-07-24T06:15:01.810290,XRP-USDT,3.0817,3.0845,244.0,13460.0
2025-07-24T06:15:01.829118,LTC-USDT,109.68,110.03,5473.0,2427.0
2025-07-24T06:15:02.278722,SOL-USDT,0.0,0.0,0.0,0.0
2025-07-24T06:15:02.728790,BTC-USDT,117874.0,117895.0,30.0,30303.0
2025-07-24T06:15:02.747210,ETH-USDT,3570.5,3573.05,100.0,472.0
2025-07-24T06:15:02.810332,XRP-USDT,3.08,3.0836,244.0,244.0
2025-07-24T06:15:02.828342,LTC-USDT,109.67,109.97,18000.0,20427.0
2025-07-24T06:15:03.283235,SOL-USDT,0.0,0.0,0.0,0.0
2025-07-24T06:15:03.729325,BTC-USDT,117874.0,117890.5,30.0,12683.0
2025-07-24T06:15:03.746766,ETH-USDT,3570.5,3573.05,100.0,472.0
2025-07-24T06:15:03.811025,XRP-USDT,3.0798,3.0831,244.0,434.0
2025-07-24T06:15:03.828383,LTC-USDT,109.67,109.97,18000.0,20427.0
2025-07-24T06:15:04.278729,SOL-USDT,0.0,0.0,0.0,0.0
2025-07-24T06:15:04.728724,BTC-USDT,117875.0,117890.5,1406.0,12683.0
2025-07-24T06:15:04.747322,ETH-USDT,3570.5,3572.5,100.0,492.0
2025-07-24T06:15:04.810559,XRP-USDT,3.0799,3.0831,244.0,434.0
2025-07-24T06:15:04.828473,LTC-USDT,109.67,109.96,18000.0,5471.0
2025-07-24T06:15:05.278595,SOL-USDT,0.0,0.0,0.0,0.0
2025-07-24T06:15:05.728987,BTC-USDT,117875.0,117907.0,1406.0,12681.0
2025-07-24T06:15:05.747053,ETH-USDT,3570.55,3572.5,342.0,492.0
2025-07-24T06:15:05.810385,XRP-USDT,3.0814,3.0835,244.0,13476.0
2025-07-24T06:15:05.829248,LTC-USDT,109.67,109.96,18000.0,5471.0
2025-07-24T06:15:06.278714,SOL-USDT,0.0,0.0,0.0,0.0
2025-07-24T06:15:06.729469,BTC-USDT,117875.0,117907.0,1406.0,12678.0
2025-07-24T06:15:06.746945,ETH-USDT,3570.55,3572.5,342.0,492.0
2025-07-24T06:15:06.810100,XRP-USDT,3.0821,3.0842,244.0,13475.0
2025-07-24T06:15:06.828128,LTC-USDT,109.67,109.96,18000.0,5471.0
2025-07-24T06:15:07.278656,SOL-USDT,0.0,0.0,0.0,0.0
2025-07-24T06:15:07.728469,BTC-USDT,117875.0,117907.0,1406.0,12678.0
2025-07-24T06:15:07.747161,ETH-USDT,3570.55,3572.5,342.0,492.0
2025-07-24T06:15:07.810899,XRP-USDT,3.0821,3.0842,244.0,13475.0
2025-07-24T06:15:07.829125,LTC-USDT,109.67,110.08,18000.0,103.0
2025-07-24T06:15:08.278476,SOL-USDT,0.0,0.0,0.0,0.0
2025-07-24T06:15:08.729285,BTC-USDT,117875.0,117907.0,1406.0,12678.0
2025-07-24T06:15:08.747059,ETH-USDT,3570.55,3572.5,342.0,150.0
2025-07-24T06:15:08.809907,XRP-USDT,3.0826,3.0852,244.0,13458.0
2025-07-24T06:15:08.832072,LTC-USDT,109.67,110.08,18000.0,103.0
2025-07-24T06:15:09.280062,SOL-USDT,0.0,0.0,0.0,0.0
2025-07-24T06:15:09.729438,BTC-USDT,117875.0,117910.5,1406.0,12662.0
2025-07-24T06:15:09.747321,ETH-USDT,3570.85,3573.45,342.0,354.0
2025-07-24T06:15:09.810537,XRP-USDT,3.0836,3.0864,244.0,13449.0
2025-07-24T06:15:09.829471,LTC-USDT,109.72,110.08,5470.0,103.0
2025-07-24T06:15:10.279079,SOL-USDT,0.0,0.0,0.0,0.0
2025-07-24T06:15:10.728629,BTC-USDT,117881.0,117911.0,1406.0,30.0
2025-07-24T06:15:10.746924,ETH-USDT,3570.85,3573.45,342.0,354.0
2025-07-24T06:15:10.810087,XRP-USDT,3.0836,3.0864,244.0,13449.0
2025-07-24T06:15:10.828358,LTC-USDT,109.72,110.08,5470.0,103.0
2025-07-24T06:15:11.278747,SOL-USDT,0.0,0.0,0.0,0.0
2025-07-24T06:15:11.728512,BTC-USDT,117887.0,117911.0,1364.0,30.0
2025-07-24T06:15:11.747917,ETH-USDT,3571.35,3573.45,354.0,354.0
2025-07-24T06:15:11.810255,XRP-USDT,3.0846,3.0877,255.0,445.0
2025-07-24T06:15:11.828635,LTC-USDT,109.72,110.07,5470.0,18000.0
2025-07-24T06:15:12.278334,SOL-USDT,0.0,0.0,0.0,0.0
2025-07-24T06:15:12.729291,BTC-USDT,117887.0,117911.0,1364.0,30.0
2025-07-24T06:15:12.747080,ETH-USDT,3571.7,3573.8,354.0,150.0
2025-07-24T06:15:12.810113,XRP-USDT,3.0851,3.0877,255.0,255.0
2025-07-24T06:15:12.830045,LTC-USDT,109.72,110.07,5470.0,18000.0
2025-07-24T06:15:13.279073,SOL-USDT,0.0,0.0,0.0,0.0
2025-07-24T06:15:13.731009,BTC-USDT,117893.0,117911.0,1364.0,30.0
2025-07-24T06:15:13.747201,ETH-USDT,3572.25,3573.8,354.0,150.0
2025-07-24T06:15:13.810123,XRP-USDT,3.0856,3.0877,255.0,13429.0
2025-07-24T06:15:13.835446,LTC-USDT,109.77,110.07,103.0,18000.0
2025-07-24T06:15:14.278300,SOL-USDT,0.0,0.0,0.0,0.0
2025-07-24T06:15:14.728815,BTC-USDT,117899.0,117922.0,1364.0,200.0
2025-07-24T06:15:14.746937,ETH-USDT,3572.65,3574.5,354.0,100.0
2025-07-24T06:15:14.810342,XRP-USDT,3.0856,3.0877,255.0,13429.0
2025-07-24T06:15:14.827978,LTC-USDT,109.77,110.07,103.0,18000.0
2025-07-24T06:15:15.278560,SOL-USDT,0.0,0.0,0.0,0.0
2025-07-24T06:15:15.729185,BTC-USDT,117893.0,117922.0,1364.0,200.0
2025-07-24T06:15:15.747846,ETH-USDT,3572.65,3574.5,354.0,454.0
2025-07-24T06:15:15.810116,XRP-USDT,3.0861,3.0877,255.0,13429.0
2025-07-24T06:15:15.828903,LTC-USDT,109.77,110.07,103.0,23468.0
2025-07-24T06:15:16.278522,SOL-USDT,0.0,0.0,0.0,0.0
2025-07-24T06:15:16.728493,BTC-USDT,117898.5,117922.0,1364.0,200.0
2025-07-24T06:15:16.747093,ETH-USDT,3572.8,3574.5,354.0,454.0
2025-07-24T06:15:16.810398,XRP-USDT,3.0846,3.0877,255.0,13619.0
2025-07-24T06:15:16.828594,LTC-USDT,109.77,110.07,5571.0,23468.0
2025-07-24T06:15:17.278576,SOL-USDT,0.0,0.0,0.0,0.0
2025-07-24T06:15:17.728602,BTC-USDT,117898.5,117922.0,1364.0,200.0
2025-07-24T06:15:17.747080,ETH-USDT,3572.75,3574.5,354.0,454.0
2025-07-24T06:15:17.809693,XRP-USDT,3.0836,3.0872,244.0,445.0
2025-07-24T06:15:17.828194,LTC-USDT,109.78,110.07,18000.0,23468.0
2025-07-24T06:15:18.278355,SOL-USDT,0.0,0.0,0.0,0.0
2025-07-24T06:15:18.728919,BTC-USDT,117898.5,117922.0,1364.0,200.0
2025-07-24T06:15:18.747803,ETH-USDT,3572.7,3574.5,354.0,454.0
2025-07-24T06:15:18.810540,XRP-USDT,3.0836,3.0868,244.0,445.0
2025-07-24T06:15:18.828681,LTC-USDT,109.78,110.07,18000.0,23468.0
2025-07-24T06:15:19.281251,SOL-USDT,0.0,0.0,0.0,0.0
2025-07-24T06:15:19.728796,BTC-USDT,117895.0,117919.0,1364.0,2710.0
2025-07-24T06:15:19.747245,ETH-USDT,3572.5,3574.5,150.0,454.0
2025-07-24T06:15:19.810025,XRP-USDT,3.0826,3.0853,244.0,445.0
2025-07-24T06:15:19.828697,LTC-USDT,109.78,110.07,18000.0,23468.0
2025-07-24T06:15:20.278824,SOL-USDT,0.0,0.0,0.0,0.0
2025-07-24T06:15:20.728549,BTC-USDT,117895.0,117919.0,1364.0,2710.0
2025-07-24T06:15:20.747402,ETH-USDT,3572.5,3574.5,150.0,454.0
2025-07-24T06:15:20.810817,XRP-USDT,3.0817,3.0853,255.0,445.0
2025-07-24T06:15:20.828692,LTC-USDT,109.78,110.07,18000.0,23468.0
2025-07-24T06:15:21.278397,SOL-USDT,0.0,0.0,0.0,0.0
2025-07-24T06:15:21.728726,BTC-USDT,117895.0,117919.0,1364.0,1364.0
2025-07-24T06:15:21.747067,ETH-USDT,3572.5,3574.5,150.0,454.0
2025-07-24T06:15:21.810720,XRP-USDT,3.0822,3.0853,245.0,255.0
2025-07-24T06:15:21.828443,LTC-USDT,109.78,110.07,18000.0,23468.0
2025-07-24T06:15:22.279584,SOL-USDT,0.0,0.0,0.0,0.0
2025-07-24T06:15:22.728795,BTC-USDT,117895.0,117919.0,1364.0,2710.0
2025-07-24T06:15:22.746662,ETH-USDT,3572.5,3574.5,150.0,454.0
2025-07-24T06:15:22.809937,XRP-USDT,3.0823,3.0853,245.0,255.0
2025-07-24T06:15:22.828183,LTC-USDT,109.78,110.07,18000.0,23468.0
2025-07-24T06:15:23.278431,SOL-USDT,0.0,0.0,0.0,0.0
2025-07-24T06:15:23.729961,BTC-USDT,117895.0,117919.0,1364.0,1347.0
2025-07-24T06:15:23.748690,ETH-USDT,3572.65,3574.5,350.0,454.0
2025-07-24T06:15:23.811894,XRP-USDT,3.0825,3.0853,245.0,255.0
2025-07-24T06:15:23.828568,LTC-USDT,109.78,110.07,18000.0,23468.0
2025-07-24T06:15:24.278591,SOL-USDT,0.0,0.0,0.0,0.0
2025-07-24T06:15:24.729329,BTC-USDT,117901.0,117922.0,1347.0,200.0
2025-07-24T06:15:24.747740,ETH-USDT,3572.65,3574.5,350.0,100.0
2025-07-24T06:15:24.810236,XRP-USDT,3.0845,3.0871,245.0,13408.0
2025-07-24T06:15:24.829429,LTC-USDT,109.78,110.07,18000.0,23468.0
2025-07-24T06:15:25.279275,SOL-USDT,0.0,0.0,0.0,0.0
2025-07-24T06:15:25.728658,BTC-USDT,117901.0,117922.0,1347.0,200.0
2025-07-24T06:15:25.747305,ETH-USDT,3572.65,3574.5,350.0,100.0
2025-07-24T06:15:25.810387,XRP-USDT,3.0845,3.0871,245.0,13410.0
2025-07-24T06:15:25.828653,LTC-USDT,109.78,110.07,18000.0,23468.0
2025-07-24T06:15:26.278603,SOL-USDT,0.0,0.0,0.0,0.0
2025-07-24T06:15:26.729903,BTC-USDT,117901.0,117922.0,1347.0,200.0
2025-07-24T06:15:26.747114,ETH-USDT,3572.8,3574.5,350.0,450.0
2025-07-24T06:15:26.810166,XRP-USDT,3.0845,3.0871,245.0,13410.0
2025-07-24T06:15:26.828714,LTC-USDT,109.78,110.07,18000.0,23468.0
2025-07-24T06:15:27.279213,SOL-USDT,0.0,0.0,0.0,0.0
2025-07-24T06:15:27.728680,BTC-USDT,117895.0,117922.0,1364.0,200.0
2025-07-24T06:15:27.746838,ETH-USDT,3572.65,3574.5,350.0,450.0
2025-07-24T06:15:27.810046,XRP-USDT,3.0842,3.0871,245.0,13401.0
2025-07-24T06:15:27.828032,LTC-USDT,109.78,110.07,18000.0,23468.0
2025-07-24T06:15:28.278940,SOL-USDT,0.0,0.0,0.0,0.0
2025-07-24T06:15:28.728744,BTC-USDT,117895.0,117922.0,1364.0,200.0
2025-07-24T06:15:28.749058,ETH-USDT,3572.5,3574.5,150.0,450.0
2025-07-24T06:15:28.810799,XRP-USDT,3.0837,3.0871,245.0,13401.0
2025-07-24T06:15:28.828149,LTC-USDT,109.78,110.07,18000.0,23468.0
2025-07-24T06:15:29.278534,SOL-USDT,0.0,0.0,0.0,0.0
2025-07-24T06:15:29.728858,BTC-USDT,117918.5,117961.0,1347.0,1313.0
2025-07-24T06:15:29.748802,ETH-USDT,3572.5,3574.5,150.0,450.0
2025-07-24T06:15:29.811254,XRP-USDT,3.0837,3.0871,245.0,13401.0
2025-07-24T06:15:29.828315,LTC-USDT,109.78,110.07,18000.0,23468.0
2025-07-24T06:15:30.279465,SOL-USDT,0.0,0.0,0.0,0.0
2025-07-24T06:15:30.728492,BTC-USDT,117918.5,117958.0,1347.0,12643.0
2025-07-24T06:15:30.747262,ETH-USDT,3572.5,3574.5,150.0,450.0
2025-07-24T06:15:30.810298,XRP-USDT,3.0835,3.0867,245.0,436.0
2025-07-24T06:15:30.828315,LTC-USDT,109.78,110.07,18000.0,23468.0
2025-07-24T06:15:31.278910,SOL-USDT,0.0,0.0,0.0,0.0
2025-07-24T06:15:31.728838,BTC-USDT,117934.5,117958.0,1409.0,12639.0
2025-07-24T06:15:31.747309,ETH-USDT,3572.5,3574.5,150.0,450.0
2025-07-24T06:15:31.810375,XRP-USDT,3.0825,3.0857,245.0,436.0
2025-07-24T06:15:31.829185,LTC-USDT,109.78,110.07,18000.0,23468.0
2025-07-24T06:15:32.279081,SOL-USDT,0.0,0.0,0.0,0.0
2025-07-24T06:15:32.728566,BTC-USDT,117932.5,117956.0,1409.0,1409.0
2025-07-24T06:15:32.747615,ETH-USDT,3572.5,3574.35,150.0,471.0
2025-07-24T06:15:32.809565,XRP-USDT,3.0825,3.0851,245.0,13372.0
2025-07-24T06:15:32.828258,LTC-USDT,109.79,110.07,5464.0,25895.0
2025-07-24T06:15:33.278662,SOL-USDT,0.0,0.0,0.0,0.0
2025-07-24T06:15:33.728256,BTC-USDT,117932.5,117956.0,1409.0,2755.0
2025-07-24T06:15:33.747983,ETH-USDT,3571.45,3574.35,9998.0,471.0
2025-07-24T06:15:33.809800,XRP-USDT,3.0825,3.0851,245.0,13372.0
2025-07-24T06:15:33.828840,LTC-USDT,109.79,110.02,5464.0,5464.0
2025-07-24T06:15:34.278762,SOL-USDT,0.0,0.0,0.0,0.0
2025-07-24T06:15:34.728957,BTC-USDT,117932.5,117955.5,1409.0,12636.0
2025-07-24T06:15:34.747276,ETH-USDT,3571.6,3574.35,341.0,471.0
2025-07-24T06:15:34.810334,XRP-USDT,3.0832,3.0852,246.0,13365.0
2025-07-24T06:15:34.828768,LTC-USDT,109.79,110.02,5464.0,5464.0
2025-07-24T06:15:35.278650,SOL-USDT,0.0,0.0,0.0,0.0
2025-07-24T06:15:35.729063,BTC-USDT,117932.5,117955.5,1409.0,12636.0
2025-07-24T06:15:35.747610,ETH-USDT,3571.6,3573.8,341.0,491.0
2025-07-24T06:15:35.810352,XRP-USDT,3.0837,3.0859,246.0,13356.0
2025-07-24T06:15:35.829080,LTC-USDT,109.79,110.02,5464.0,5464.0
2025-07-24T06:15:36.278400,SOL-USDT,0.0,0.0,0.0,0.0
2025-07-24T06:15:36.729478,BTC-USDT,117929.0,117948.5,30.0,2755.0
2025-07-24T06:15:36.749041,ETH-USDT,3571.45,3573.8,9998.0,491.0
2025-07-24T06:15:36.812145,XRP-USDT,3.0832,3.0866,246.0,13350.0
2025-07-24T06:15:36.831163,LTC-USDT,109.79,110.01,5464.0,18000.0
2025-07-24T06:15:37.278272,SOL-USDT,0.0,0.0,0.0,0.0
2025-07-24T06:15:37.728608,BTC-USDT,117929.0,117938.0,30.0,12631.0
2025-07-24T06:15:37.747012,ETH-USDT,3571.45,3573.8,341.0,491.0
2025-07-24T06:15:37.809921,XRP-USDT,3.0825,3.0858,245.0,190.0
2025-07-24T06:15:37.828457,LTC-USDT,109.71,110.01,5463.0,20427.0
2025-07-24T06:15:38.278447,SOL-USDT,0.0,0.0,0.0,0.0
2025-07-24T06:15:38.729134,BTC-USDT,117929.0,117938.0,30.0,12631.0
2025-07-24T06:15:38.747895,ETH-USDT,3571.2,3573.65,150.0,341.0
2025-07-24T06:15:38.810170,XRP-USDT,3.0825,3.0848,245.0,436.0
2025-07-24T06:15:38.828384,LTC-USDT,109.71,110.01,5463.0,20427.0
2025-07-24T06:15:39.279351,SOL-USDT,0.0,0.0,0.0,0.0
2025-07-24T06:15:39.728533,BTC-USDT,117929.0,117938.0,30.0,30358.0
2025-07-24T06:15:39.746939,ETH-USDT,3571.2,3573.65,150.0,341.0
2025-07-24T06:15:39.810185,XRP-USDT,3.0816,3.0842,246.0,246.0
2025-07-24T06:15:39.827912,LTC-USDT,109.71,110.01,5463.0,20427.0
2025-07-24T06:15:40.278712,SOL-USDT,0.0,0.0,0.0,0.0
2025-07-24T06:15:40.728511,BTC-USDT,117929.0,117934.0,30.0,1397.0
2025-07-24T06:15:40.746545,ETH-USDT,3571.2,3573.65,150.0,341.0
2025-07-24T06:15:40.810986,XRP-USDT,3.0814,3.0838,246.0,246.0
2025-07-24T06:15:40.828044,LTC-USDT,109.71,110.01,5463.0,20427.0
2025-07-24T06:15:41.278195,SOL-USDT,0.0,0.0,0.0,0.0
2025-07-24T06:15:41.728851,BTC-USDT,117929.0,117934.0,30.0,2743.0
2025-07-24T06:15:41.747026,ETH-USDT,3571.2,3573.65,150.0,341.0
2025-07-24T06:15:41.809989,XRP-USDT,3.0814,3.0838,246.0,246.0
2025-07-24T06:15:41.828058,LTC-USDT,109.71,110.01,5463.0,20427.0
2025-07-24T06:15:42.279070,SOL-USDT,0.0,0.0,0.0,0.0
2025-07-24T06:15:42.728908,BTC-USDT,117929.0,117934.0,30.0,2743.0
2025-07-24T06:15:42.746989,ETH-USDT,3571.2,3573.45,150.0,347.0
2025-07-24T06:15:42.809271,XRP-USDT,3.0809,3.0838,247.0,246.0
2025-07-24T06:15:42.828591,LTC-USDT,109.71,109.95,5463.0,2427.0
2025-07-24T06:15:43.278373,SOL-USDT,0.0,0.0,0.0,0.0
2025-07-24T06:15:43.728403,BTC-USDT,117929.0,117934.0,30.0,2743.0
2025-07-24T06:15:43.746530,ETH-USDT,3570.5,3572.85,100.0,347.0
2025-07-24T06:15:43.809985,XRP-USDT,3.0809,3.084,247.0,247.0
2025-07-24T06:15:43.828840,LTC-USDT,109.71,109.96,5463.0,7890.0
2025-07-24T06:15:44.278272,SOL-USDT,0.0,0.0,0.0,0.0
2025-07-24T06:15:44.728572,BTC-USDT,117911.0,117932.5,30.0,18996.0
2025-07-24T06:15:44.747031,ETH-USDT,3570.5,3572.85,100.0,347.0
2025-07-24T06:15:44.810263,XRP-USDT,3.0806,3.0834,13586.0,247.0
2025-07-24T06:15:44.828167,LTC-USDT,109.63,109.96,5462.0,5463.0
2025-07-24T06:15:45.281407,SOL-USDT,0.0,0.0,0.0,0.0
2025-07-24T06:15:45.729269,BTC-USDT,117911.0,117919.5,30.0,12634.0
2025-07-24T06:15:45.747500,ETH-USDT,3569.95,3572.25,347.0,347.0
2025-07-24T06:15:45.810082,XRP-USDT,3.0805,3.0828,247.0,247.0
2025-07-24T06:15:45.828664,LTC-USDT,109.63,109.88,5462.0,5462.0
2025-07-24T06:15:46.278795,SOL-USDT,0.0,0.0,0.0,0.0
2025-07-24T06:15:46.728657,BTC-USDT,117911.0,117919.5,30.0,12634.0
2025-07-24T06:15:46.746817,ETH-USDT,3569.9,3572.45,250.0,347.0
2025-07-24T06:15:46.811507,XRP-USDT,3.0807,3.084,247.0,247.0
2025-07-24T06:15:46.829034,LTC-USDT,109.63,109.88,5462.0,5462.0
2025-07-24T06:15:47.279009,SOL-USDT,0.0,0.0,0.0,0.0
2025-07-24T06:15:47.728491,BTC-USDT,117911.0,117919.5,30.0,12634.0
2025-07-24T06:15:47.746807,ETH-USDT,3569.95,3572.45,347.0,347.0
2025-07-24T06:15:47.810218,XRP-USDT,3.0807,3.084,247.0,247.0
2025-07-24T06:15:47.828252,LTC-USDT,109.63,109.88,5462.0,5462.0
2025-07-24T06:15:48.279235,SOL-USDT,0.0,0.0,0.0,0.0
2025-07-24T06:15:48.728552,BTC-USDT,117916.5,117939.5,1397.0,12626.0
2025-07-24T06:15:48.748530,ETH-USDT,3569.95,3572.45,347.0,347.0
2025-07-24T06:15:48.810036,XRP-USDT,3.0821,3.0851,247.0,247.0
2025-07-24T06:15:48.828284,LTC-USDT,109.65,109.96,103.0,5461.0
2025-07-24T06:15:49.278978,SOL-USDT,0.0,0.0,0.0,0.0
2025-07-24T06:15:49.728722,BTC-USDT,117914.5,117937.0,1397.0,1397.0
2025-07-24T06:15:49.747771,ETH-USDT,3569.95,3572.45,347.0,347.0
2025-07-24T06:15:49.809844,XRP-USDT,3.0824,3.0851,247.0,247.0
2025-07-24T06:15:49.828095,LTC-USDT,109.65,109.96,103.0,5461.0
2025-07-24T06:15:50.278584,SOL-USDT,0.0,0.0,0.0,0.0
2025-07-24T06:15:50.728381,BTC-USDT,117914.5,117945.5,1397.0,12623.0
2025-07-24T06:15:50.747521,ETH-USDT,3570.7,3572.5,347.0,497.0
2025-07-24T06:15:50.810196,XRP-USDT,3.0829,3.0853,247.0,247.0
2025-07-24T06:15:50.830158,LTC-USDT,109.65,109.96,103.0,5461.0
2025-07-24T06:15:51.278775,SOL-USDT,0.0,0.0,0.0,0.0
2025-07-24T06:15:51.728384,BTC-USDT,117914.5,117942.5,1397.0,12635.0
2025-07-24T06:15:51.747086,ETH-USDT,3570.7,3572.45,347.0,349.0
2025-07-24T06:15:51.809816,XRP-USDT,3.0821,3.0853,247.0,247.0
2025-07-24T06:15:51.827734,LTC-USDT,109.65,109.96,103.0,5461.0
2025-07-24T06:15:52.279005,SOL-USDT,0.0,0.0,0.0,0.0
2025-07-24T06:15:52.728374,BTC-USDT,117911.0,117926.5,30.0,12635.0
2025-07-24T06:15:52.746918,ETH-USDT,3570.65,3572.45,349.0,349.0
2025-07-24T06:15:52.809677,XRP-USDT,3.0811,3.0843,254.0,254.0
2025-07-24T06:15:52.829524,LTC-USDT,109.63,109.95,5460.0,2427.0
2025-07-24T06:15:53.278228,SOL-USDT,0.0,0.0,0.0,0.0
2025-07-24T06:15:53.728386,BTC-USDT,117911.0,117926.5,30.0,12635.0
2025-07-24T06:15:53.746623,ETH-USDT,3570.65,3572.45,349.0,349.0
2025-07-24T06:15:53.809805,XRP-USDT,3.0811,3.0843,254.0,254.0
2025-07-24T06:15:53.828162,LTC-USDT,109.63,109.95,5460.0,2427.0
2025-07-24T06:15:54.278463,SOL-USDT,0.0,0.0,0.0,0.0
2025-07-24T06:15:54.728352,BTC-USDT,117911.5,117926.5,1355.0,12635.0
2025-07-24T06:15:54.746342,ETH-USDT,3570.65,3572.45,349.0,349.0
2025-07-24T06:15:54.810318,XRP-USDT,3.0811,3.0839,254.0,254.0
2025-07-24T06:15:54.828984,LTC-USDT,109.63,109.96,5460.0,7888.0
2025-07-24T06:15:55.278553,SOL-USDT,0.0,0.0,0.0,0.0
2025-07-24T06:15:55.729271,BTC-USDT,117911.0,117926.5,30.0,12635.0
2025-07-24T06:15:55.747667,ETH-USDT,3570.5,3572.45,42000.0,349.0
2025-07-24T06:15:55.809827,XRP-USDT,3.08,3.0834,254.0,254.0
2025-07-24T06:15:55.828686,LTC-USDT,109.63,109.9,5460.0,5460.0
2025-07-24T06:15:56.279309,SOL-USDT,0.0,0.0,0.0,0.0
2025-07-24T06:15:56.728763,BTC-USDT,117911.0,117926.5,30.0,12635.0
2025-07-24T06:15:56.746402,ETH-USDT,3569.9,3572.45,599.0,349.0
2025-07-24T06:15:56.809858,XRP-USDT,3.08,3.0827,254.0,254.0
2025-07-24T06:15:56.829430,LTC-USDT,109.63,109.9,5460.0,5460.0
2025-07-24T06:15:57.278587,SOL-USDT,0.0,0.0,0.0,0.0
2025-07-24T06:15:57.728694,BTC-USDT,117911.0,117926.5,30.0,12635.0
2025-07-24T06:15:57.747480,ETH-USDT,3569.95,3572.45,349.0,349.0
2025-07-24T06:15:57.810724,XRP-USDT,3.08,3.0827,254.0,254.0
2025-07-24T06:15:57.829688,LTC-USDT,109.63,109.9,5460.0,5460.0
2025-07-24T06:15:58.278526,SOL-USDT,0.0,0.0,0.0,0.0
2025-07-24T06:15:58.729812,BTC-USDT,117915.0,117926.5,1355.0,12635.0
2025-07-24T06:15:58.747078,ETH-USDT,3569.95,3572.45,349.0,349.0
2025-07-24T06:15:58.810376,XRP-USDT,3.08,3.0832,254.0,254.0
2025-07-24T06:15:58.828271,LTC-USDT,109.63,109.9,5459.0,5460.0
2025-07-24T06:15:59.279101,SOL-USDT,0.0,0.0,0.0,0.0
2025-07-24T06:15:59.728622,BTC-USDT,117911.0,117932.0,30.0,12611.0
2025-07-24T06:15:59.747176,ETH-USDT,3569.95,3572.45,349.0,349.0
2025-07-24T06:15:59.809851,XRP-USDT,3.0801,3.0829,254.0,254.0
2025-07-24T06:15:59.828320,LTC-USDT,109.63,109.9,5459.0,5460.0
2025-07-24T06:16:00.279153,SOL-USDT,0.0,0.0,0.0,0.0
2025-07-24T06:16:00.728246,BTC-USDT,117912.5,117935.5,1355.0,12609.0
2025-07-24T06:16:00.747101,ETH-USDT,3570.3,3572.5,349.0,150.0
2025-07-24T06:16:00.809682,XRP-USDT,3.0816,3.0847,254.0,251.0
2025-07-24T06:16:00.828987,LTC-USDT,109.63,109.9,5459.0,5460.0
2025-07-24T06:16:01.278386,SOL-USDT,0.0,0.0,0.0,0.0
2025-07-24T06:16:01.730604,BTC-USDT,117912.5,117935.5,1355.0,12609.0
2025-07-24T06:16:01.747539,ETH-USDT,3570.15,3572.35,18911.0,342.0
2025-07-24T06:16:01.810026,XRP-USDT,3.0808,3.084,251.0,251.0
2025-07-24T06:16:01.828501,LTC-USDT,109.63,109.89,5459.0,2427.0
2025-07-24T06:16:02.278396,SOL-USDT,0.0,0.0,0.0,0.0
2025-07-24T06:16:02.728529,BTC-USDT,117912.5,117936.0,1355.0,2712.0
2025-07-24T06:16:02.746900,ETH-USDT,3570.5,3572.35,342.0,342.0
2025-07-24T06:16:02.809808,XRP-USDT,3.0808,3.084,251.0,251.0
2025-07-24T06:16:02.829271,LTC-USDT,109.63,109.89,5459.0,2427.0
2025-07-24T06:16:03.278734,SOL-USDT,0.0,0.0,0.0,0.0
2025-07-24T06:16:03.728569,BTC-USDT,117912.5,117936.0,1355.0,1367.0
2025-07-24T06:16:03.746264,ETH-USDT,3570.5,3572.35,342.0,342.0
2025-07-24T06:16:03.809922,XRP-USDT,3.0808,3.0847,251.0,251.0
2025-07-24T06:16:03.828266,LTC-USDT,109.63,109.9,5459.0,7887.0
2025-07-24T06:16:04.278370,SOL-USDT,0.0,0.0,0.0,0.0
2025-07-24T06:16:04.729854,BTC-USDT,117911.0,117935.5,30.0,18532.0
2025-07-24T06:16:04.746420,ETH-USDT,3570.5,3572.35,342.0,342.0
2025-07-24T06:16:04.809613,XRP-USDT,3.0808,3.0835,251.0,251.0
2025-07-24T06:16:04.829197,LTC-USDT,109.63,109.9,5459.0,7887.0
2025-07-24T06:16:05.278427,SOL-USDT,0.0,0.0,0.0,0.0
2025-07-24T06:16:05.728245,BTC-USDT,117911.0,117930.5,30.0,2712.0
2025-07-24T06:16:05.747523,ETH-USDT,3570.1,3572.35,342.0,342.0
2025-07-24T06:16:05.809505,XRP-USDT,3.0796,3.0826,254.0,251.0
2025-07-24T06:16:05.827578,LTC-USDT,109.55,109.84,5458.0,18000.0
2025-07-24T06:16:06.286738,SOL-USDT,0.0,0.0,0.0,0.0
2025-07-24T06:16:06.728682,BTC-USDT,117911.0,117927.0,30.0,12598.0
2025-07-24T06:16:06.748472,ETH-USDT,3570.1,3572.35,342.0,342.0
2025-07-24T06:16:06.810016,XRP-USDT,3.0788,3.0816,247.0,251.0
2025-07-24T06:16:06.828213,LTC-USDT,109.46,109.78,18000.0,5458.0
2025-07-24T06:16:07.278409,SOL-USDT,0.0,0.0,0.0,0.0
2025-07-24T06:16:07.728723,BTC-USDT,117911.0,117927.0,30.0,12598.0
2025-07-24T06:16:07.746222,ETH-USDT,3569.95,3572.35,342.0,342.0
2025-07-24T06:16:07.810624,XRP-USDT,3.078,3.0811,251.0,251.0
2025-07-24T06:16:07.828961,LTC-USDT,109.47,109.78,5458.0,5458.0
2025-07-24T06:16:08.278607,SOL-USDT,0.0,0.0,0.0,0.0
2025-07-24T06:16:08.728819,BTC-USDT,117911.0,117919.5,30.0,2712.0
2025-07-24T06:16:08.746951,ETH-USDT,3569.9,3571.85,250.0,342.0
2025-07-24T06:16:08.810731,XRP-USDT,3.0766,3.0796,254.0,251.0
2025-07-24T06:16:08.828060,LTC-USDT,109.47,109.78,5458.0,5458.0
2025-07-24T06:16:09.279017,SOL-USDT,0.0,0.0,0.0,0.0
2025-07-24T06:16:09.728137,BTC-USDT,117893.5,117919.0,1367.0,18382.0
2025-07-24T06:16:09.747406,ETH-USDT,3569.6,3571.25,100.0,342.0
2025-07-24T06:16:09.811356,XRP-USDT,3.0758,3.0786,251.0,251.0
2025-07-24T06:16:09.828894,LTC-USDT,109.47,109.72,5458.0,18000.0
2025-07-24T06:16:10.278312,SOL-USDT,0.0,0.0,0.0,0.0
2025-07-24T06:16:10.728402,BTC-USDT,117893.0,117910.5,30.0,19862.0
2025-07-24T06:16:10.750017,ETH-USDT,3569.6,3571.25,100.0,342.0
2025-07-24T06:16:10.810485,XRP-USDT,3.0753,3.0781,251.0,251.0
2025-07-24T06:16:10.828198,LTC-USDT,109.37,109.72,5457.0,18000.0
2025-07-24T06:16:11.278745,SOL-USDT,0.0,0.0,0.0,0.0
2025-07-24T06:16:11.728677,BTC-USDT,117893.5,117911.0,1350.0,30212.0
2025-07-24T06:16:11.746534,ETH-USDT,3569.6,3571.05,100.0,354.0
2025-07-24T06:16:11.810123,XRP-USDT,3.0754,3.0784,244.0,244.0
2025-07-24T06:16:11.828078,LTC-USDT,109.37,109.72,5457.0,18000.0
2025-07-24T06:16:12.278339,SOL-USDT,0.0,0.0,0.0,0.0
2025-07-24T06:16:12.728357,BTC-USDT,117893.0,117910.5,30.0,17775.0
2025-07-24T06:16:12.746819,ETH-USDT,3569.6,3571.05,100.0,354.0
2025-07-24T06:16:12.809912,XRP-USDT,3.0744,3.0784,244.0,244.0
2025-07-24T06:16:12.828129,LTC-USDT,109.37,109.72,5457.0,18000.0
2025-07-24T06:16:13.278153,SOL-USDT,0.0,0.0,0.0,0.0
2025-07-24T06:16:13.729233,BTC-USDT,117893.0,117910.5,30.0,18332.0
2025-07-24T06:16:13.746647,ETH-USDT,3569.6,3571.05,100.0,354.0
2025-07-24T06:16:13.809905,XRP-USDT,3.0732,3.0767,244.0,244.0
2025-07-24T06:16:13.828188,LTC-USDT,109.37,109.72,5457.0,18000.0
2025-07-24T06:16:14.278557,SOL-USDT,0.0,0.0,0.0,0.0
2025-07-24T06:16:14.729045,BTC-USDT,117893.0,117910.5,30.0,18332.0
2025-07-24T06:16:14.746915,ETH-USDT,3569.1,3570.65,100.0,354.0
2025-07-24T06:16:14.810680,XRP-USDT,3.0732,3.0764,244.0,244.0
2025-07-24T06:16:14.827943,LTC-USDT,109.37,109.72,5457.0,18000.0
2025-07-24T06:16:15.278113,SOL-USDT,0.0,0.0,0.0,0.0
2025-07-24T06:16:15.728435,BTC-USDT,117877.5,117897.5,1350.0,12567.0
2025-07-24T06:16:15.746322,ETH-USDT,3567.6,3570.05,100.0,354.0
2025-07-24T06:16:15.809588,XRP-USDT,3.072,3.0746,244.0,244.0
2025-07-24T06:16:15.828122,LTC-USDT,109.3,109.66,18000.0,5457.0
2025-07-24T06:16:16.278154,SOL-USDT,0.0,0.0,0.0,0.0
2025-07-24T06:16:16.728204,BTC-USDT,117875.5,117897.5,1350.0,12567.0
2025-07-24T06:16:16.747106,ETH-USDT,3567.6,3569.45,100.0,354.0
2025-07-24T06:16:16.809557,XRP-USDT,3.072,3.0744,244.0,244.0
2025-07-24T06:16:16.827488,LTC-USDT,109.31,109.66,5457.0,5457.0
2025-07-24T06:16:17.278125,SOL-USDT,0.0,0.0,0.0,0.0
2025-07-24T06:16:17.733800,BTC-USDT,117875.5,117897.5,1350.0,12567.0
2025-07-24T06:16:17.747111,ETH-USDT,3567.6,3569.45,100.0,354.0
2025-07-24T06:16:17.809768,XRP-USDT,3.072,3.0744,244.0,244.0
2025-07-24T06:16:17.827709,LTC-USDT,109.31,109.66,5457.0,5457.0
2025-07-24T06:16:18.278167,SOL-USDT,0.0,0.0,0.0,0.0
2025-07-24T06:16:18.728359,BTC-USDT,117875.5,117897.5,1350.0,12567.0
2025-07-24T06:16:18.746726,ETH-USDT,3567.6,3569.75,100.0,354.0
2025-07-24T06:16:18.809724,XRP-USDT,3.0727,3.0749,244.0,64800.0
2025-07-24T06:16:18.828693,LTC-USDT,109.31,109.66,5457.0,5457.0
2025-07-24T06:16:19.278242,SOL-USDT,0.0,0.0,0.0,0.0
2025-07-24T06:16:19.728209,BTC-USDT,117875.5,117897.5,1350.0,12567.0
2025-07-24T06:16:19.747412,ETH-USDT,3567.65,3569.75,354.0,354.0
2025-07-24T06:16:19.810460,XRP-USDT,3.0727,3.0755,244.0,244.0
2025-07-24T06:16:19.827949,LTC-USDT,109.31,109.66,5457.0,5457.0
2025-07-24T06:16:20.278105,SOL-USDT,0.0,0.0,0.0,0.0
2025-07-24T06:16:20.730372,BTC-USDT,117857.5,117893.0,3.0,1403.0
2025-07-24T06:16:20.747746,ETH-USDT,3567.6,3569.75,100.0,354.0
2025-07-24T06:16:20.810192,XRP-USDT,3.072,3.0747,244.0,244.0
2025-07-24T06:16:20.828797,LTC-USDT,109.31,109.66,5456.0,5457.0
2025-07-24T06:16:21.279101,SOL-USDT,0.0,0.0,0.0,0.0
2025-07-24T06:16:21.729036,BTC-USDT,117835.0,117847.0,30.0,1403.0
2025-07-24T06:16:21.747760,ETH-USDT,3567.6,3568.85,100.0,354.0
2025-07-24T06:16:21.810157,XRP-USDT,3.0709,3.0738,244.0,245.0
2025-07-24T06:16:21.828113,LTC-USDT,109.31,109.66,5456.0,5457.0
2025-07-24T06:16:22.278398,SOL-USDT,0.0,0.0,0.0,0.0
2025-07-24T06:16:22.729181,BTC-USDT,117814.0,117820.5,30.0,21370.0
2025-07-24T06:16:22.747493,ETH-USDT,3566.1,3568.15,150.0,354.0
2025-07-24T06:16:22.810089,XRP-USDT,3.0698,3.0723,245.0,245.0
2025-07-24T06:16:22.830268,LTC-USDT,109.3,109.6,18000.0,18000.0
2025-07-24T06:16:23.278021,SOL-USDT,0.0,0.0,0.0,0.0
2025-07-24T06:16:23.728313,BTC-USDT,117811.0,117811.5,200.0,1403.0
2025-07-24T06:16:23.746808,ETH-USDT,3565.5,3567.15,100.0,354.0
2025-07-24T06:16:23.809732,XRP-USDT,3.0689,3.0719,244.0,245.0
2025-07-24T06:16:23.828039,LTC-USDT,109.3,109.6,18000.0,18000.0
2025-07-24T06:16:24.278424,SOL-USDT,0.0,0.0,0.0,0.0
2025-07-24T06:16:24.728580,BTC-USDT,117811.0,117811.5,200.0,1403.0
2025-07-24T06:16:24.747146,ETH-USDT,3564.8,3566.35,150.0,354.0
2025-07-24T06:16:24.809733,XRP-USDT,3.0685,3.0711,245.0,245.0
2025-07-24T06:16:24.828042,LTC-USDT,109.3,109.6,18000.0,18000.0
2025-07-24T06:16:25.278698,SOL-USDT,0.0,0.0,0.0,0.0
2025-07-24T06:16:25.728620,BTC-USDT,117811.0,117811.5,200.0,1403.0
2025-07-24T06:16:25.747400,ETH-USDT,3564.8,3565.85,150.0,354.0
2025-07-24T06:16:25.810769,XRP-USDT,3.0685,3.0711,245.0,245.0
2025-07-24T06:16:25.829100,LTC-USDT,109.3,109.6,18000.0,18000.0
2025-07-24T06:16:26.278110,SOL-USDT,0.0,0.0,0.0,0.0
2025-07-24T06:16:26.728507,BTC-USDT,117787.0,117796.0,200.0,1347.0
2025-07-24T06:16:26.746745,ETH-USDT,3563.6,3565.2,150.0,354.0
2025-07-24T06:16:26.810820,XRP-USDT,3.0607,3.064,245.0,245.0
2025-07-24T06:16:26.827934,LTC-USDT,109.08,109.48,18000.0,18000.0
2025-07-24T06:16:27.278129,SOL-USDT,0.0,0.0,0.0,0.0
2025-07-24T06:16:27.728081,BTC-USDT,117787.0,117795.0,200.0,96.0
2025-07-24T06:16:27.747130,ETH-USDT,3563.6,3565.0,150.0,354.0
2025-07-24T06:16:27.809701,XRP-USDT,3.06,3.0638,435.0,245.0
2025-07-24T06:16:27.827718,LTC-USDT,109.08,109.48,18068.0,18000.0
2025-07-24T06:16:28.279111,SOL-USDT,0.0,0.0,0.0,0.0
2025-07-24T06:16:28.728339,BTC-USDT,117787.0,117795.0,200.0,96.0
2025-07-24T06:16:28.746751,ETH-USDT,3563.6,3565.0,150.0,354.0
2025-07-24T06:16:28.809609,XRP-USDT,3.0616,3.0652,435.0,245.0
2025-07-24T06:16:28.827650,LTC-USDT,109.13,109.48,103.0,18000.0
2025-07-24T06:16:29.278253,SOL-USDT,0.0,0.0,0.0,0.0
2025-07-24T06:16:29.729120,BTC-USDT,117778.0,117788.5,200.0,1403.0
2025-07-24T06:16:29.747270,ETH-USDT,3561.4,3563.2,342.0,130.0
2025-07-24T06:16:29.809922,XRP-USDT,3.0612,3.065,435.0,245.0
2025-07-24T06:16:29.827913,LTC-USDT,109.08,109.48,18068.0,18000.0
2025-07-24T06:16:30.278194,SOL-USDT,0.0,0.0,0.0,0.0
2025-07-24T06:16:30.728480,BTC-USDT,117778.0,117781.0,200.0,96.0
2025-07-24T06:16:30.747606,ETH-USDT,3561.25,3563.05,354.0,354.0
2025-07-24T06:16:30.810178,XRP-USDT,3.0608,3.0646,245.0,245.0
2025-07-24T06:16:30.827760,LTC-USDT,109.08,109.48,18068.0,18000.0
2025-07-24T06:16:31.279478,SOL-USDT,0.0,0.0,0.0,0.0
2025-07-24T06:16:31.730235,BTC-USDT,117779.0,117794.5,1368.0,96.0
2025-07-24T06:16:31.750732,ETH-USDT,3561.25,3563.6,344.0,126.0
2025-07-24T06:16:31.810176,XRP-USDT,3.0619,3.0656,519.0,245.0
2025-07-24T06:16:31.828360,LTC-USDT,109.12,109.48,103.0,18000.0
2025-07-24T06:16:32.278055,SOL-USDT,0.0,0.0,0.0,0.0
2025-07-24T06:16:32.728344,BTC-USDT,117779.0,117796.5,1368.0,12741.0
2025-07-24T06:16:32.746432,ETH-USDT,3562.55,3564.45,344.0,354.0
2025-07-24T06:16:32.809597,XRP-USDT,3.0625,3.0655,519.0,255.0
2025-07-24T06:16:32.827967,LTC-USDT,109.12,109.48,103.0,18000.0
2025-07-24T06:16:33.278026,SOL-USDT,0.0,0.0,0.0,0.0
2025-07-24T06:16:33.728129,BTC-USDT,117778.0,117792.0,200.0,1368.0
2025-07-24T06:16:33.746950,ETH-USDT,3562.55,3564.45,344.0,354.0
2025-07-24T06:16:33.809565,XRP-USDT,3.0608,3.0649,245.0,255.0
2025-07-24T06:16:33.828321,LTC-USDT,109.12,109.48,103.0,18000.0
2025-07-24T06:16:34.278001,SOL-USDT,0.0,0.0,0.0,0.0
2025-07-24T06:16:34.728953,BTC-USDT,117770.0,117778.5,30.0,1368.0
2025-07-24T06:16:34.747409,ETH-USDT,3562.4,3564.45,150.0,354.0
2025-07-24T06:16:34.819841,XRP-USDT,3.0588,3.0628,519.0,255.0
2025-07-24T06:16:34.828850,LTC-USDT,109.08,109.48,18068.0,18000.0
2025-07-24T06:16:35.278206,SOL-USDT,0.0,0.0,0.0,0.0
2025-07-24T06:16:35.728749,BTC-USDT,117770.0,117771.0,30.0,1368.0
2025-07-24T06:16:35.746714,ETH-USDT,3562.4,3564.45,150.0,354.0
2025-07-24T06:16:35.811107,XRP-USDT,3.0594,3.0626,519.0,255.0
2025-07-24T06:16:35.828615,LTC-USDT,109.08,109.43,18068.0,103.0
2025-07-24T06:16:36.278249,SOL-USDT,0.0,0.0,0.0,0.0
2025-07-24T06:16:36.728442,BTC-USDT,117754.0,117759.5,200.0,1368.0
2025-07-24T06:16:36.747423,ETH-USDT,3561.2,3563.05,150.0,344.0
2025-07-24T06:16:36.817278,XRP-USDT,3.0573,3.0611,519.0,255.0
2025-07-24T06:16:36.827262,LTC-USDT,109.08,109.43,18068.0,103.0
2025-07-24T06:16:37.278508,SOL-USDT,0.0,0.0,0.0,0.0
2025-07-24T06:16:37.728123,BTC-USDT,117731.0,117738.0,200.0,1368.0
2025-07-24T06:16:37.746711,ETH-USDT,3560.1,3561.85,150.0,344.0
2025-07-24T06:16:37.809700,XRP-USDT,3.0569,3.0607,245.0,255.0
2025-07-24T06:16:37.828009,LTC-USDT,109.08,109.36,18000.0,23468.0
2025-07-24T06:16:38.278109,SOL-USDT,0.0,0.0,0.0,0.0
2025-07-24T06:16:38.728040,BTC-USDT,117731.0,117738.0,200.0,1368.0
2025-07-24T06:16:38.746849,ETH-USDT,3560.1,3561.85,150.0,344.0
2025-07-24T06:16:38.809215,XRP-USDT,3.0567,3.0598,245.0,255.0
2025-07-24T06:16:38.827978,LTC-USDT,109.0,109.31,23470.0,103.0
2025-07-24T06:16:39.278415,SOL-USDT,0.0,0.0,0.0,0.0
2025-07-24T06:16:39.728460,BTC-USDT,117731.0,117738.0,200.0,1368.0
2025-07-24T06:16:39.746482,ETH-USDT,3560.1,3561.85,150.0,344.0
2025-07-24T06:16:39.809837,XRP-USDT,3.0567,3.0605,245.0,255.0
2025-07-24T06:16:39.828524,LTC-USDT,109.0,109.35,23470.0,129.0
2025-07-24T06:16:40.279193,SOL-USDT,0.0,0.0,0.0,0.0
2025-07-24T06:16:40.728284,BTC-USDT,117731.0,117746.5,200.0,1368.0
2025-07-24T06:16:40.747203,ETH-USDT,3560.1,3561.85,150.0,344.0
2025-07-24T06:16:40.810000,XRP-USDT,3.0567,3.0592,245.0,246.0
2025-07-24T06:16:40.827840,LTC-USDT,109.0,109.35,23470.0,129.0
2025-07-24T06:16:41.278525,SOL-USDT,0.0,0.0,0.0,0.0
2025-07-24T06:16:41.729352,BTC-USDT,117731.0,117741.0,200.0,1363.0
2025-07-24T06:16:41.746442,ETH-USDT,3560.1,3561.85,150.0,344.0
2025-07-24T06:16:41.810604,XRP-USDT,3.0552,3.059,246.0,246.0
2025-07-24T06:16:41.828582,LTC-USDT,109.0,109.35,23470.0,129.0
2025-07-24T06:16:42.278938,SOL-USDT,0.0,0.0,0.0,0.0
2025-07-24T06:16:42.728493,BTC-USDT,117731.0,117741.0,200.0,1363.0
2025-07-24T06:16:42.747159,ETH-USDT,3560.1,3561.85,150.0,344.0
2025-07-24T06:16:42.810069,XRP-USDT,3.0555,3.0586,510.0,246.0
2025-07-24T06:16:42.827471,LTC-USDT,109.0,109.35,23470.0,129.0
2025-07-24T06:16:43.278590,SOL-USDT,0.0,0.0,0.0,0.0
2025-07-24T06:16:43.728129,BTC-USDT,117731.0,117737.0,200.0,1363.0
2025-07-24T06:16:43.745998,ETH-USDT,3560.1,3561.85,150.0,344.0
2025-07-24T06:16:43.809987,XRP-USDT,3.0546,3.0584,510.0,246.0
2025-07-24T06:16:43.828057,LTC-USDT,109.0,109.35,23470.0,129.0
2025-07-24T06:16:44.278055,SOL-USDT,0.0,0.0,0.0,0.0
2025-07-24T06:16:44.728521,BTC-USDT,117731.5,117744.5,1363.0,63.0
2025-07-24T06:16:44.747616,ETH-USDT,3560.15,3562.25,346.0,346.0
2025-07-24T06:16:44.810542,XRP-USDT,3.0564,3.0594,246.0,246.0
2025-07-24T06:16:44.828537,LTC-USDT,109.0,109.35,23470.0,129.0
2025-07-24T06:16:45.278260,SOL-USDT,0.0,0.0,0.0,0.0
2025-07-24T06:16:45.728346,BTC-USDT,117731.0,117743.5,200.0,1363.0
2025-07-24T06:16:45.746638,ETH-USDT,3560.15,3562.05,346.0,346.0
2025-07-24T06:16:45.809462,XRP-USDT,3.0564,3.0594,246.0,246.0
2025-07-24T06:16:45.828706,LTC-USDT,109.0,109.36,23470.0,23468.0
2025-07-24T06:16:46.279385,SOL-USDT,0.0,0.0,0.0,0.0
2025-07-24T06:16:46.728076,BTC-USDT,117732.5,117744.0,1363.0,12696.0
2025-07-24T06:16:46.746744,ETH-USDT,3560.15,3562.25,346.0,346.0
2025-07-24T06:16:46.809929,XRP-USDT,3.0571,3.0594,510.0,246.0
2025-07-24T06:16:46.827787,LTC-USDT,109.0,109.36,23470.0,23468.0
2025-07-24T06:16:47.278063,SOL-USDT,0.0,0.0,0.0,0.0
2025-07-24T06:16:47.728810,BTC-USDT,117731.0,117743.5,200.0,1363.0
2025-07-24T06:16:47.746445,ETH-USDT,3560.1,3561.85,150.0,346.0
2025-07-24T06:16:47.810173,XRP-USDT,3.0549,3.0589,510.0,246.0
2025-07-24T06:16:47.828529,LTC-USDT,109.0,109.36,23470.0,23468.0
2025-07-24T06:16:48.278097,SOL-USDT,0.0,0.0,0.0,0.0
2025-07-24T06:16:48.728460,BTC-USDT,117724.0,117728.5,30.0,1363.0
2025-07-24T06:16:48.750006,ETH-USDT,3560.1,3561.25,150.0,346.0
2025-07-24T06:16:48.809249,XRP-USDT,3.0557,3.0594,510.0,246.0
2025-07-24T06:16:48.828187,LTC-USDT,109.0,109.35,23470.0,129.0
2025-07-24T06:16:49.283530,SOL-USDT,0.0,0.0,0.0,0.0
2025-07-24T06:16:49.728025,BTC-USDT,117718.0,117722.5,200.0,1363.0
2025-07-24T06:16:49.747663,ETH-USDT,3559.4,3561.25,100.0,346.0
2025-07-24T06:16:49.809630,XRP-USDT,3.0534,3.0581,510.0,246.0
2025-07-24T06:16:49.828099,LTC-USDT,109.0,109.35,23470.0,129.0
2025-07-24T06:16:50.278782,SOL-USDT,0.0,0.0,0.0,0.0
2025-07-24T06:16:50.728008,BTC-USDT,117718.0,117728.5,200.0,1363.0
2025-07-24T06:16:50.746722,ETH-USDT,3559.0,3561.05,150.0,346.0
2025-07-24T06:16:50.809554,XRP-USDT,3.0528,3.0569,510.0,246.0
2025-07-24T06:16:50.828760,LTC-USDT,109.0,109.35,23470.0,129.0
2025-07-24T06:16:51.278975,SOL-USDT,0.0,0.0,0.0,0.0
2025-07-24T06:16:51.727997,BTC-USDT,117718.0,117728.5,200.0,1363.0
2025-07-24T06:16:51.747665,ETH-USDT,3559.05,3561.05,357.0,346.0
2025-07-24T06:16:51.810809,XRP-USDT,3.0534,3.0569,508.0,244.0
2025-07-24T06:16:51.828303,LTC-USDT,109.0,109.35,23470.0,129.0
2025-07-24T06:16:52.277945,SOL-USDT,0.0,0.0,0.0,0.0
2025-07-24T06:16:52.728970,BTC-USDT,117718.0,117728.5,200.0,1363.0
2025-07-24T06:16:52.746768,ETH-USDT,3559.05,3561.05,357.0,346.0
2025-07-24T06:16:52.810065,XRP-USDT,3.0534,3.0569,244.0,244.0
2025-07-24T06:16:52.828151,LTC-USDT,109.0,109.35,23470.0,129.0
2025-07-24T06:16:53.278646,SOL-USDT,0.0,0.0,0.0,0.0
2025-07-24T06:16:53.728180,BTC-USDT,117718.0,117728.5,200.0,1363.0
2025-07-24T06:16:53.746360,ETH-USDT,3559.05,3561.05,357.0,346.0
2025-07-24T06:16:53.809784,XRP-USDT,3.0541,3.0571,508.0,246.0
2025-07-24T06:16:53.827786,LTC-USDT,109.0,109.34,23470.0,2427.0
2025-07-24T06:19:53.043691,SOL-USDT,0.0,0.0,0.0,0.0
2025-07-24T06:19:53.043712,BTC-USDT,117718.0,117718.5,200.0,1390.0
2025-07-24T06:19:53.043732,ETH-USDT,3559.0,3560.8,150.0,357.0
2025-07-24T06:19:53.043750,XRP-USDT,3.0539,3.0569,508.0,244.0
2025-07-24T06:19:53.043769,LTC-USDT,109.0,109.29,23470.0,129.0
2025-07-24T06:19:53.043790,SOL-USDT,0.0,0.0,0.0,0.0
2025-07-24T06:19:53.043811,BTC-USDT,117706.0,117718.5,200.0,1390.0
2025-07-24T06:19:53.043834,ETH-USDT,3558.5,3560.8,100.0,357.0
2025-07-24T06:19:53.043857,XRP-USDT,3.0528,3.057,246.0,14296.0
2025-07-24T06:19:53.045631,LTC-USDT,109.0,109.29,23470.0,129.0
2025-07-24T06:19:53.045707,SOL-USDT,0.0,0.0,0.0,0.0
2025-07-24T06:19:53.045853,BTC-USDT,117706.0,117714.5,200.0,1390.0
2025-07-24T06:19:53.045928,ETH-USDT,3558.5,3560.8,100.0,357.0
2025-07-24T06:19:53.046177,XRP-USDT,3.0542,3.0569,508.0,244.0
2025-07-24T06:19:53.046225,LTC-USDT,109.0,109.29,23470.0,129.0
2025-07-24T06:19:53.046296,SOL-USDT,0.0,0.0,0.0,0.0
2025-07-24T06:19:53.046366,BTC-USDT,117706.0,117713.0,200.0,1390.0
2025-07-24T06:19:53.046469,ETH-USDT,3557.25,3558.75,357.0,357.0
2025-07-24T06:19:53.046539,XRP-USDT,3.0528,3.0571,246.0,246.0
2025-07-24T06:19:53.046625,LTC-USDT,109.0,109.29,23470.0,129.0
2025-07-24T06:19:53.046717,SOL-USDT,0.0,0.0,0.0,0.0
2025-07-24T06:19:53.046819,BTC-USDT,117706.0,117717.5,200.0,1390.0
2025-07-24T06:19:53.046890,ETH-USDT,3557.25,3559.8,357.0,357.0
2025-07-24T06:19:53.047025,XRP-USDT,3.0546,3.059,244.0,244.0
2025-07-24T06:19:53.047081,LTC-USDT,109.0,109.29,23470.0,129.0
2025-07-24T06:19:53.047169,SOL-USDT,0.0,0.0,0.0,0.0
2025-07-24T06:19:53.047251,BTC-USDT,117706.0,117718.0,200.0,1390.0
2025-07-24T06:19:53.047357,ETH-USDT,3557.95,3559.8,357.0,357.0
2025-07-24T06:19:53.047405,XRP-USDT,3.0523,3.0554,191.0,244.0
2025-07-24T06:19:53.047488,LTC-USDT,109.0,109.24,5470.0,18000.0
2025-07-24T06:19:53.047575,SOL-USDT,0.0,0.0,0.0,0.0
2025-07-24T06:19:53.047674,BTC-USDT,117706.0,117718.5,200.0,1376.0
2025-07-24T06:19:53.047723,ETH-USDT,3557.8,3559.8,150.0,357.0
2025-07-24T06:19:53.047812,XRP-USDT,3.0512,3.0551,254.0,244.0
2025-07-24T06:19:53.047939,LTC-USDT,108.93,109.24,5479.0,18000.0
2025-07-24T06:19:53.047991,SOL-USDT,0.0,0.0,0.0,0.0
2025-07-24T06:19:53.048072,BTC-USDT,117706.0,117716.0,200.0,1376.0
2025-07-24T06:19:53.048155,ETH-USDT,3557.95,3560.05,353.0,353.0
2025-07-24T06:19:53.048263,XRP-USDT,3.053,3.0555,245.0,245.0
2025-07-24T06:19:53.048313,LTC-USDT,108.93,109.24,5479.0,18000.0
2025-07-24T06:19:53.048394,SOL-USDT,0.0,0.0,0.0,0.0
2025-07-24T06:19:53.048494,BTC-USDT,117689.0,117691.5,200.0,1376.0
2025-07-24T06:19:53.048542,ETH-USDT,3557.95,3560.05,353.0,353.0
2025-07-24T06:19:53.048627,XRP-USDT,3.0498,3.0543,253.0,245.0
2025-07-24T06:19:53.048709,LTC-USDT,108.93,109.24,5491.0,18000.0
2025-07-24T06:19:53.048804,SOL-USDT,0.0,0.0,0.0,0.0
2025-07-24T06:19:53.048853,BTC-USDT,117676.0,117686.0,30.0,1376.0
2025-07-24T06:19:53.048969,ETH-USDT,3557.85,3559.8,353.0,353.0
2025-07-24T06:19:53.049014,XRP-USDT,3.0507,3.0541,191.0,245.0
2025-07-24T06:19:53.049096,LTC-USDT,108.93,109.2,5491.0,104.0
2025-07-24T06:19:53.049200,SOL-USDT,0.0,0.0,0.0,0.0
2025-07-24T06:19:53.049249,BTC-USDT,117670.5,117691.0,1376.0,1376.0
2025-07-24T06:19:53.049332,ETH-USDT,3558.0,3560.05,353.0,353.0
2025-07-24T06:19:53.049434,XRP-USDT,3.0512,3.0541,436.0,245.0
2025-07-24T06:19:53.049483,LTC-USDT,108.93,109.2,5491.0,104.0
2025-07-24T06:19:53.049563,SOL-USDT,0.0,0.0,0.0,0.0
2025-07-24T06:19:53.049642,BTC-USDT,117670.5,117700.0,1376.0,30.0
2025-07-24T06:19:53.049745,ETH-USDT,3559.0,3561.0,150.0,353.0
2025-07-24T06:19:53.049789,XRP-USDT,3.0531,3.0555,436.0,245.0
2025-07-24T06:19:53.049884,LTC-USDT,108.93,109.2,5494.0,104.0
2025-07-24T06:19:53.050185,SOL-USDT,0.0,0.0,0.0,0.0
2025-07-24T06:19:53.050234,BTC-USDT,117676.0,117700.0,1376.0,30.0
2025-07-24T06:19:53.050278,ETH-USDT,3559.15,3561.15,353.0,353.0
2025-07-24T06:19:53.050320,XRP-USDT,3.0536,3.0563,245.0,245.0
2025-07-24T06:19:53.050362,LTC-USDT,108.93,109.24,5494.0,18000.0
2025-07-24T06:19:53.050664,SOL-USDT,0.0,0.0,0.0,0.0
2025-07-24T06:19:53.050768,BTC-USDT,117676.0,117696.0,1376.0,1376.0
2025-07-24T06:19:53.050894,ETH-USDT,3559.15,3561.15,353.0,353.0
2025-07-24T06:19:53.050943,XRP-USDT,3.0519,3.0554,64800.0,245.0
2025-07-24T06:19:53.051309,LTC-USDT,108.81,109.2,104.0,104.0
2025-07-24T06:19:53.051351,SOL-USDT,0.0,0.0,0.0,0.0
2025-07-24T06:19:53.051380,BTC-USDT,117670.0,117679.0,112.0,1376.0
2025-07-24T06:19:53.051408,ETH-USDT,3559.0,3560.85,150.0,353.0
2025-07-24T06:19:53.051443,XRP-USDT,3.0494,3.0541,245.0,245.0
2025-07-24T06:19:53.051472,LTC-USDT,108.77,109.13,72.0,23506.0
2025-07-24T06:19:53.051520,SOL-USDT,0.0,0.0,0.0,0.0
2025-07-24T06:19:53.051552,BTC-USDT,117659.0,117666.5,200.0,1376.0
2025-07-24T06:19:53.051580,ETH-USDT,3557.8,3559.65,150.0,353.0
2025-07-24T06:19:53.051609,XRP-USDT,3.0477,3.051,14269.0,245.0
2025-07-24T06:19:53.051643,LTC-USDT,108.77,109.01,5512.0,23513.0
2025-07-24T06:19:53.051672,SOL-USDT,0.0,0.0,0.0,0.0
2025-07-24T06:19:53.051707,BTC-USDT,117659.0,117667.0,200.0,1356.0
2025-07-24T06:19:53.051736,ETH-USDT,3557.8,3559.65,150.0,353.0
2025-07-24T06:19:53.051758,XRP-USDT,3.0466,3.0499,245.0,245.0
2025-07-24T06:19:53.051777,LTC-USDT,108.68,108.96,5513.0,104.0
2025-07-24T06:19:53.051798,SOL-USDT,0.0,0.0,0.0,0.0
2025-07-24T06:19:53.051820,BTC-USDT,117659.5,117670.0,1356.0,1348.0
2025-07-24T06:19:53.051842,ETH-USDT,3557.9,3559.95,348.0,348.0
2025-07-24T06:19:53.051888,XRP-USDT,3.0472,3.0503,252.0,245.0
2025-07-24T06:19:53.051918,LTC-USDT,108.68,109.01,5513.0,23513.0
2025-07-24T06:19:53.051962,SOL-USDT,0.0,0.0,0.0,0.0
2025-07-24T06:19:53.052000,BTC-USDT,117659.5,117670.5,1356.0,1348.0
2025-07-24T06:19:53.052039,ETH-USDT,3557.9,3559.95,348.0,348.0
2025-07-24T06:19:53.052074,XRP-USDT,3.0471,3.0504,14269.0,252.0
2025-07-24T06:19:53.052104,LTC-USDT,108.69,109.01,104.0,23513.0
2025-07-24T06:19:53.052131,SOL-USDT,0.0,0.0,0.0,0.0
2025-07-24T06:19:53.052161,BTC-USDT,117659.5,117670.5,1356.0,1348.0
2025-07-24T06:19:53.052197,ETH-USDT,3557.9,3559.95,348.0,348.0
2025-07-24T06:19:53.052228,XRP-USDT,3.0462,3.0504,512.0,252.0
2025-07-24T06:19:53.052254,LTC-USDT,108.68,109.01,5642.0,23513.0
2025-07-24T06:19:53.052277,SOL-USDT,0.0,0.0,0.0,0.0
2025-07-24T06:19:53.052304,BTC-USDT,117639.0,117650.0,200.0,1356.0
2025-07-24T06:19:53.052326,ETH-USDT,3557.8,3559.5,150.0,348.0
2025-07-24T06:19:53.052381,XRP-USDT,3.0462,3.0494,512.0,252.0
2025-07-24T06:19:53.052401,LTC-USDT,108.68,109.01,5642.0,23513.0
2025-07-24T06:19:53.052418,SOL-USDT,0.0,0.0,0.0,0.0
2025-07-24T06:19:53.052434,BTC-USDT,117642.0,117652.5,1356.0,1348.0
2025-07-24T06:19:53.052454,ETH-USDT,3557.9,3559.95,348.0,348.0
2025-07-24T06:19:53.052475,XRP-USDT,3.048,3.0511,518.0,252.0
2025-07-24T06:19:53.052493,LTC-USDT,108.75,109.08,5522.0,5524.0
2025-07-24T06:19:53.052509,SOL-USDT,0.0,0.0,0.0,0.0
2025-07-24T06:19:53.052526,BTC-USDT,117642.0,117660.5,1356.0,1348.0
2025-07-24T06:19:53.052542,ETH-USDT,3557.95,3559.95,348.0,348.0
2025-07-24T06:19:53.052560,XRP-USDT,3.048,3.0511,518.0,252.0
2025-07-24T06:19:53.052580,LTC-USDT,108.75,109.08,5522.0,5524.0
2025-07-24T06:19:53.052599,SOL-USDT,0.0,0.0,0.0,0.0
2025-07-24T06:19:53.052617,BTC-USDT,117630.0,117642.0,285.0,1348.0
2025-07-24T06:19:53.052636,ETH-USDT,3557.95,3559.95,348.0,348.0
2025-07-24T06:19:53.052655,XRP-USDT,3.049,3.0523,518.0,252.0
2025-07-24T06:19:53.052675,LTC-USDT,108.75,109.08,5522.0,5524.0
2025-07-24T06:19:53.052696,SOL-USDT,0.0,0.0,0.0,0.0
2025-07-24T06:19:53.052720,BTC-USDT,117632.0,117642.0,1356.0,1348.0
2025-07-24T06:19:53.052740,ETH-USDT,3557.95,3559.95,348.0,348.0
2025-07-24T06:19:53.052762,XRP-USDT,3.0502,3.0533,518.0,252.0
2025-07-24T06:19:53.052783,LTC-USDT,108.81,109.08,18000.0,5524.0
2025-07-24T06:19:53.052806,SOL-USDT,0.0,0.0,0.0,0.0
2025-07-24T06:19:53.052822,BTC-USDT,117632.0,117660.0,1356.0,1348.0
2025-07-24T06:19:53.052841,ETH-USDT,3557.95,3560.1,348.0,150.0
2025-07-24T06:19:53.052859,XRP-USDT,3.0513,3.0544,518.0,252.0
2025-07-24T06:19:53.052982,LTC-USDT,108.81,109.13,18000.0,5529.0
2025-07-24T06:19:53.053014,SOL-USDT,0.0,0.0,0.0,0.0
2025-07-24T06:19:53.053038,BTC-USDT,117632.0,117652.5,1356.0,1348.0
2025-07-24T06:19:53.053061,ETH-USDT,3557.95,3559.95,348.0,348.0
2025-07-24T06:19:53.053081,XRP-USDT,3.0513,3.0544,518.0,252.0
2025-07-24T06:19:53.053103,LTC-USDT,108.81,109.13,18000.0,5529.0
2025-07-24T06:19:53.053125,SOL-USDT,0.0,0.0,0.0,0.0
2025-07-24T06:19:53.053146,BTC-USDT,117632.0,117652.5,1356.0,1348.0
2025-07-24T06:19:53.053166,ETH-USDT,3557.95,3559.95,348.0,348.0
2025-07-24T06:19:53.053186,XRP-USDT,3.0513,3.0544,252.0,252.0
2025-07-24T06:19:53.053207,LTC-USDT,108.81,109.13,18000.0,5529.0
2025-07-24T06:19:53.053229,SOL-USDT,0.0,0.0,0.0,0.0
2025-07-24T06:19:53.053248,BTC-USDT,117632.0,117651.0,1356.0,18987.0
2025-07-24T06:19:53.053270,ETH-USDT,3557.95,3559.95,348.0,348.0
2025-07-24T06:19:53.053290,XRP-USDT,3.0513,3.0544,252.0,252.0
2025-07-24T06:19:53.053310,LTC-USDT,108.81,109.13,18000.0,5529.0
2025-07-24T06:19:53.053332,SOL-USDT,0.0,0.0,0.0,0.0
2025-07-24T06:19:53.053351,BTC-USDT,117632.0,117649.5,1356.0,18584.0
2025-07-24T06:19:53.053373,ETH-USDT,3557.95,3559.95,348.0,348.0
2025-07-24T06:19:53.053393,XRP-USDT,3.0508,3.0544,520.0,252.0
2025-07-24T06:19:53.053412,LTC-USDT,108.82,109.13,5536.0,5529.0
2025-07-24T06:19:53.053433,SOL-USDT,0.0,0.0,0.0,0.0
2025-07-24T06:19:53.053453,BTC-USDT,117632.0,117651.0,1356.0,18622.0
2025-07-24T06:19:53.053473,ETH-USDT,3557.95,3559.95,348.0,348.0
2025-07-24T06:19:53.053495,XRP-USDT,3.0514,3.0544,520.0,252.0
2025-07-24T06:19:53.053516,LTC-USDT,108.86,109.13,2608.0,5529.0
2025-07-24T06:19:53.053536,SOL-USDT,0.0,0.0,0.0,0.0
2025-07-24T06:19:53.053553,BTC-USDT,117632.0,117659.0,1356.0,1348.0
2025-07-24T06:19:53.053570,ETH-USDT,3558.15,3560.1,341.0,150.0
2025-07-24T06:19:53.053590,XRP-USDT,3.052,3.0546,520.0,252.0
2025-07-24T06:19:53.053610,LTC-USDT,108.86,109.17,129.0,18000.0
2025-07-24T06:19:53.053630,SOL-USDT,0.0,0.0,0.0,0.0
2025-07-24T06:19:53.053650,BTC-USDT,117632.0,117659.0,1356.0,12690.0
2025-07-24T06:19:53.053668,ETH-USDT,3558.15,3560.1,341.0,150.0
2025-07-24T06:19:53.053685,XRP-USDT,3.0527,3.0563,254.0,245.0
2025-07-24T06:19:53.053702,LTC-USDT,108.86,109.22,129.0,5530.0
2025-07-24T06:19:53.053719,SOL-USDT,0.0,0.0,0.0,0.0
2025-07-24T06:19:53.053734,BTC-USDT,117632.0,117667.0,1356.0,32.0
2025-07-24T06:19:53.053753,ETH-USDT,3558.15,3561.15,341.0,353.0
2025-07-24T06:19:53.053773,XRP-USDT,3.0545,3.0577,254.0,254.0
2025-07-24T06:19:53.053796,LTC-USDT,108.93,109.22,23528.0,5530.0
2025-07-24T06:19:53.053817,SOL-USDT,0.0,0.0,0.0,0.0
2025-07-24T06:19:53.053834,BTC-USDT,117632.0,117667.5,1356.0,32.0
2025-07-24T06:19:53.053851,ETH-USDT,3558.75,3561.15,341.0,353.0
2025-07-24T06:19:53.053909,XRP-USDT,3.0545,3.0577,254.0,254.0
2025-07-24T06:19:53.053947,LTC-USDT,108.93,109.22,23528.0,5530.0
2025-07-24T06:19:53.053984,SOL-USDT,0.0,0.0,0.0,0.0
2025-07-24T06:19:53.054024,BTC-USDT,117632.0,117675.5,1356.0,1348.0
2025-07-24T06:19:53.054065,ETH-USDT,3559.15,3561.2,341.0,150.0
2025-07-24T06:19:53.054105,XRP-USDT,3.0551,3.0577,254.0,254.0
2025-07-24T06:19:53.054146,LTC-USDT,108.93,109.25,23528.0,18000.0
2025-07-24T06:19:53.054186,SOL-USDT,0.0,0.0,0.0,0.0
2025-07-24T06:19:53.054226,BTC-USDT,117632.0,117676.0,1356.0,30.0
2025-07-24T06:19:53.054266,ETH-USDT,3559.15,3561.2,341.0,150.0
2025-07-24T06:19:53.054306,XRP-USDT,3.0557,3.0578,254.0,14164.0
2025-07-24T06:19:53.054347,LTC-USDT,108.94,109.25,129.0,18000.0
2025-07-24T06:19:53.054388,SOL-USDT,0.0,0.0,0.0,0.0
2025-07-24T06:19:53.054431,BTC-USDT,117632.0,117674.0,1356.0,1348.0
2025-07-24T06:19:53.054473,ETH-USDT,3559.15,3561.2,341.0,150.0
2025-07-24T06:19:53.054514,XRP-USDT,3.0551,3.0577,254.0,248.0
2025-07-24T06:19:53.054552,LTC-USDT,108.94,109.25,129.0,18000.0
2025-07-24T06:19:53.054590,SOL-USDT,0.0,0.0,0.0,0.0
2025-07-24T06:19:53.054623,BTC-USDT,117632.0,117674.0,1356.0,1348.0
2025-07-24T06:19:53.054654,ETH-USDT,3559.15,3561.2,341.0,150.0
2025-07-24T06:19:53.054686,XRP-USDT,3.0555,3.0579,248.0,248.0
2025-07-24T06:19:53.054716,LTC-USDT,109.01,109.29,5545.0,5543.0
2025-07-24T06:19:53.054747,SOL-USDT,0.0,0.0,0.0,0.0
2025-07-24T06:19:53.054779,BTC-USDT,117632.0,117682.0,1356.0,1417.0
2025-07-24T06:19:53.054811,ETH-USDT,3559.55,3562.25,348.0,346.0
2025-07-24T06:19:53.054840,XRP-USDT,3.0556,3.0579,248.0,248.0
2025-07-24T06:19:53.054894,LTC-USDT,109.01,109.29,5545.0,5543.0
2025-07-24T06:19:53.054930,SOL-USDT,0.0,0.0,0.0,0.0
2025-07-24T06:19:53.054959,BTC-USDT,117638.0,117682.0,1371.0,1348.0
2025-07-24T06:19:53.054989,ETH-USDT,3559.35,3562.25,348.0,346.0
2025-07-24T06:19:53.055022,XRP-USDT,3.0568,3.0597,248.0,248.0
2025-07-24T06:19:53.055052,LTC-USDT,109.01,109.29,5545.0,5543.0
2025-07-24T06:19:53.055085,SOL-USDT,0.0,0.0,0.0,0.0
2025-07-24T06:19:53.055117,BTC-USDT,117656.5,117685.5,1371.0,1348.0
2025-07-24T06:19:53.055147,ETH-USDT,3560.45,3562.4,348.0,150.0
2025-07-24T06:19:53.055176,XRP-USDT,3.0574,3.0609,248.0,248.0
2025-07-24T06:19:53.055202,LTC-USDT,109.01,109.33,5545.0,18000.0
2025-07-24T06:19:53.055228,SOL-USDT,0.0,0.0,0.0,0.0
2025-07-24T06:19:53.055251,BTC-USDT,117656.5,117685.5,1371.0,1348.0
2025-07-24T06:19:53.055278,ETH-USDT,3560.45,3562.4,348.0,150.0
2025-07-24T06:19:53.055304,XRP-USDT,3.0566,3.0607,248.0,248.0
2025-07-24T06:19:53.055329,LTC-USDT,109.01,109.33,5545.0,18000.0
2025-07-24T06:19:53.055372,SOL-USDT,0.0,0.0,0.0,0.0
2025-07-24T06:19:53.055391,BTC-USDT,117656.5,117677.0,1371.0,1348.0
2025-07-24T06:19:53.055411,ETH-USDT,3560.65,3562.4,348.0,150.0
2025-07-24T06:19:53.055429,XRP-USDT,3.0574,3.0605,248.0,248.0
2025-07-24T06:19:53.055448,LTC-USDT,109.01,109.33,5545.0,18000.0
2025-07-24T06:19:53.055467,SOL-USDT,0.0,0.0,0.0,0.0
2025-07-24T06:19:53.055487,BTC-USDT,117656.5,117700.0,1371.0,14044.0
2025-07-24T06:19:53.055506,ETH-USDT,3560.65,3563.55,348.0,348.0
2025-07-24T06:19:53.055526,XRP-USDT,3.0586,3.0611,248.0,248.0
2025-07-24T06:19:53.055547,LTC-USDT,109.1,109.36,2479.0,5544.0
2025-07-24T06:19:53.055568,SOL-USDT,0.0,0.0,0.0,0.0
2025-07-24T06:19:53.055586,BTC-USDT,117656.5,117691.0,1371.0,1086.0
2025-07-24T06:19:53.055606,ETH-USDT,3560.45,3563.45,348.0,348.0
2025-07-24T06:19:53.055625,XRP-USDT,3.0586,3.0621,248.0,248.0
2025-07-24T06:19:53.055643,LTC-USDT,109.12,109.4,5553.0,5552.0
2025-07-24T06:19:53.055662,SOL-USDT,0.0,0.0,0.0,0.0
2025-07-24T06:19:53.055678,BTC-USDT,117656.5,117690.5,1371.0,17746.0
2025-07-24T06:19:53.055696,ETH-USDT,3561.55,3563.45,348.0,348.0
2025-07-24T06:19:53.055716,XRP-USDT,3.0592,3.0623,248.0,248.0
2025-07-24T06:19:53.055735,LTC-USDT,109.12,109.4,5553.0,5552.0
2025-07-24T06:19:53.055754,SOL-USDT,0.0,0.0,0.0,0.0
2025-07-24T06:19:53.055777,BTC-USDT,117656.5,117673.0,1371.0,1348.0
2025-07-24T06:19:53.055809,ETH-USDT,3561.55,3563.45,356.0,348.0
2025-07-24T06:19:53.055835,XRP-USDT,3.0582,3.062,64800.0,251.0
2025-07-24T06:19:53.055860,LTC-USDT,109.12,109.4,5553.0,5552.0
2025-07-24T06:19:53.055904,SOL-USDT,0.0,0.0,0.0,0.0
2025-07-24T06:19:53.055927,BTC-USDT,117652.5,117665.0,1342.0,19262.0
2025-07-24T06:19:53.055951,ETH-USDT,3561.35,3563.45,356.0,348.0
2025-07-24T06:19:53.055973,XRP-USDT,3.0572,3.0605,248.0,251.0
2025-07-24T06:19:53.055995,LTC-USDT,109.12,109.4,5553.0,5552.0
2025-07-24T06:19:53.056017,SOL-USDT,0.0,0.0,0.0,0.0
2025-07-24T06:19:53.056038,BTC-USDT,117651.5,117665.0,1342.0,19262.0
2025-07-24T06:19:53.056060,ETH-USDT,3561.2,3563.45,150.0,348.0
2025-07-24T06:19:53.056082,XRP-USDT,3.0572,3.0605,248.0,251.0
2025-07-24T06:19:53.056104,LTC-USDT,109.12,109.38,5553.0,129.0
2025-07-24T06:19:53.056126,SOL-USDT,0.0,0.0,0.0,0.0
2025-07-24T06:19:53.056146,BTC-USDT,117651.5,117662.0,1342.0,1348.0
2025-07-24T06:19:53.056168,ETH-USDT,3561.2,3563.15,150.0,356.0
2025-07-24T06:19:53.056190,XRP-USDT,3.0566,3.0605,248.0,251.0
2025-07-24T06:19:53.056212,LTC-USDT,109.07,109.38,18000.0,129.0
2025-07-24T06:19:53.056234,SOL-USDT,0.0,0.0,0.0,0.0
2025-07-24T06:19:53.056256,BTC-USDT,117651.0,117654.0,30.0,19513.0
2025-07-24T06:19:53.360072,ETH-USDT,3561.2,3562.55,150.0,356.0
2025-07-24T06:19:53.360150,XRP-USDT,3.0561,3.0595,251.0,251.0
2025-07-24T06:19:53.360287,LTC-USDT,109.04,109.31,5550.0,5554.0
2025-07-24T06:19:53.360468,SOL-USDT,0.0,0.0,0.0,0.0
2025-07-24T06:19:53.360498,BTC-USDT,117651.0,117661.0,30.0,17631.0
2025-07-24T06:19:53.360523,ETH-USDT,3560.1,3562.55,150.0,356.0
2025-07-24T06:19:53.360546,XRP-USDT,3.0556,3.0589,251.0,251.0
2025-07-24T06:19:53.360566,LTC-USDT,109.04,109.3,5550.0,18000.0
2025-07-24T06:19:53.360590,SOL-USDT,0.0,0.0,0.0,0.0
2025-07-24T06:19:53.360611,BTC-USDT,117651.0,117654.0,30.0,19767.0
2025-07-24T06:19:53.360641,ETH-USDT,3560.1,3561.95,150.0,356.0
2025-07-24T06:19:53.360667,XRP-USDT,3.0556,3.0589,251.0,251.0
2025-07-24T06:19:53.360690,LTC-USDT,108.99,109.3,18000.0,18000.0
2025-07-24T06:19:53.360717,SOL-USDT,0.0,0.0,0.0,0.0
2025-07-24T06:19:53.360749,BTC-USDT,117651.0,117654.0,30.0,19767.0
2025-07-24T06:19:53.360781,ETH-USDT,3560.1,3561.95,150.0,356.0
2025-07-24T06:19:53.360814,XRP-USDT,3.0551,3.0589,251.0,251.0
2025-07-24T06:19:53.360842,LTC-USDT,108.99,109.26,18000.0,129.0
2025-07-24T06:19:53.360894,SOL-USDT,0.0,0.0,0.0,0.0
2025-07-24T06:19:53.360924,BTC-USDT,117651.0,117654.0,30.0,17685.0
2025-07-24T06:19:53.360954,ETH-USDT,3560.1,3561.35,150.0,356.0
2025-07-24T06:19:53.360985,XRP-USDT,3.0541,3.0578,251.0,251.0
2025-07-24T06:19:53.361017,LTC-USDT,108.89,109.26,5563.0,129.0
2025-07-24T06:19:53.361043,SOL-USDT,0.0,0.0,0.0,0.0
2025-07-24T06:19:53.361065,BTC-USDT,117651.0,117653.0,30.0,1370.0
2025-07-24T06:19:53.361088,ETH-USDT,3559.0,3560.75,150.0,356.0
2025-07-24T06:19:53.361114,XRP-USDT,3.0539,3.0572,13949.0,254.0
2025-07-24T06:19:53.361140,LTC-USDT,108.89,109.19,5563.0,23562.0
2025-07-24T06:19:53.361167,SOL-USDT,0.0,0.0,0.0,0.0
2025-07-24T06:19:53.361192,BTC-USDT,117638.0,117680.5,1370.0,69.0
2025-07-24T06:19:53.361221,ETH-USDT,3559.05,3561.35,342.0,356.0
2025-07-24T06:19:53.361258,XRP-USDT,3.0554,3.0577,254.0,13955.0
2025-07-24T06:19:53.361285,LTC-USDT,108.89,109.19,5563.0,18000.0
2025-07-24T06:20:00.355969,SOL-USDT,0.0,0.0,0.0,0.0
2025-07-24T06:20:00.356009,BTC-USDT,117650.5,117693.0,1370.0,1348.0
2025-07-24T06:20:00.356053,ETH-USDT,3559.05,3561.05,342.0,342.0
2025-07-24T06:20:00.356090,XRP-USDT,3.0568,3.0596,254.0,254.0
2025-07-24T06:20:00.356130,LTC-USDT,108.94,109.21,129.0,5577.0
2025-07-24T06:20:00.356173,SOL-USDT,0.0,0.0,0.0,0.0
2025-07-24T06:20:00.356212,BTC-USDT,117656.5,117691.5,1370.0,1348.0
2025-07-24T06:20:00.356247,ETH-USDT,3559.05,3561.05,342.0,342.0
2025-07-24T06:20:00.356283,XRP-USDT,3.0568,3.06,254.0,251.0
2025-07-24T06:20:00.356323,LTC-USDT,108.94,109.21,129.0,5577.0
2025-07-24T06:20:00.356410,SOL-USDT,0.0,0.0,0.0,0.0
2025-07-24T06:20:00.356480,BTC-USDT,117656.5,117691.5,1370.0,1348.0
2025-07-24T06:20:00.356540,ETH-USDT,3559.05,3561.05,342.0,342.0
2025-07-24T06:20:00.356604,XRP-USDT,3.0574,3.06,254.0,251.0
2025-07-24T06:20:00.356659,LTC-USDT,108.94,109.21,129.0,5577.0
2025-07-24T06:20:00.356715,SOL-USDT,0.0,0.0,0.0,0.0
2025-07-24T06:20:00.356765,BTC-USDT,117656.5,117691.5,1370.0,1348.0
2025-07-24T06:20:00.356818,ETH-USDT,3559.05,3561.05,342.0,342.0
2025-07-24T06:20:00.356902,XRP-USDT,3.0574,3.06,254.0,251.0
2025-07-24T06:20:00.356942,LTC-USDT,108.94,109.21,129.0,5577.0
2025-07-24T06:20:00.356972,SOL-USDT,0.0,0.0,0.0,0.0
2025-07-24T06:20:00.357003,BTC-USDT,117656.5,117699.0,1370.0,1348.0
2025-07-24T06:20:00.357034,ETH-USDT,3559.05,3561.15,342.0,342.0
2025-07-24T06:20:00.357066,XRP-USDT,3.0574,3.06,254.0,251.0
2025-07-24T06:20:00.357098,LTC-USDT,108.89,109.21,5563.0,5577.0
2025-07-24T06:20:00.357132,SOL-USDT,0.0,0.0,0.0,0.0
2025-07-24T06:20:00.357162,BTC-USDT,117656.5,117698.5,1370.0,18296.0
2025-07-24T06:20:00.357197,ETH-USDT,3559.05,3561.15,342.0,342.0
2025-07-24T06:20:00.357229,XRP-USDT,3.0562,3.06,254.0,251.0
2025-07-24T06:20:00.357261,LTC-USDT,108.89,109.21,5563.0,5577.0
2025-07-24T06:20:00.357292,SOL-USDT,0.0,0.0,0.0,0.0
2025-07-24T06:20:00.357324,BTC-USDT,117656.5,117683.5,1370.0,1348.0
2025-07-24T06:20:00.357356,ETH-USDT,3559.05,3561.15,342.0,342.0
2025-07-24T06:20:00.357391,XRP-USDT,3.0562,3.0595,254.0,254.0
2025-07-24T06:20:00.357423,LTC-USDT,108.93,109.21,2479.0,5577.0
2025-07-24T06:20:00.357455,SOL-USDT,0.0,0.0,0.0,0.0
2025-07-24T06:20:00.357485,BTC-USDT,117656.5,117685.5,1370.0,12659.0
2025-07-24T06:20:00.357518,ETH-USDT,3559.05,3561.15,342.0,342.0
2025-07-24T06:20:00.357549,XRP-USDT,3.0562,3.06,254.0,251.0
2025-07-24T06:20:00.357580,LTC-USDT,108.94,109.21,2479.0,5577.0
2025-07-24T06:20:00.357612,SOL-USDT,0.0,0.0,0.0,0.0
2025-07-24T06:20:00.357643,BTC-USDT,117656.5,117684.0,1370.0,1348.0
2025-07-24T06:20:00.357678,ETH-USDT,3559.05,3561.15,342.0,342.0
2025-07-24T06:20:00.357721,XRP-USDT,3.0552,3.0584,254.0,250.0
2025-07-24T06:20:00.357761,LTC-USDT,108.92,109.21,8060.0,5577.0
2025-07-24T06:20:00.357793,SOL-USDT,0.0,0.0,0.0,0.0
2025-07-24T06:20:00.357823,BTC-USDT,117656.5,117685.5,1370.0,12659.0
2025-07-24T06:20:00.357854,ETH-USDT,3559.05,3561.15,342.0,342.0
2025-07-24T06:20:00.357903,XRP-USDT,3.0547,3.06,254.0,250.0
2025-07-24T06:20:00.357936,LTC-USDT,108.93,109.21,2479.0,5577.0
2025-07-24T06:20:00.357977,SOL-USDT,0.0,0.0,0.0,0.0
2025-07-24T06:20:00.358012,BTC-USDT,117656.5,117700.0,1370.0,1378.0
2025-07-24T06:20:00.358048,ETH-USDT,3559.05,3561.2,342.0,117.0
2025-07-24T06:20:00.358087,XRP-USDT,3.0597,3.0616,250.0,250.0
2025-07-24T06:20:00.358129,LTC-USDT,109.0,109.27,18000.0,18000.0
2025-07-24T06:20:00.358180,SOL-USDT,0.0,0.0,0.0,0.0
2025-07-24T06:20:00.358221,BTC-USDT,117662.5,117700.0,1407.0,30.0
2025-07-24T06:20:00.358261,ETH-USDT,3559.8,3562.4,352.0,150.0
2025-07-24T06:20:00.358298,XRP-USDT,3.06,3.063,250.0,250.0
2025-07-24T06:20:00.358332,LTC-USDT,109.0,109.35,18000.0,18000.0
2025-07-24T06:20:00.358370,SOL-USDT,0.0,0.0,0.0,0.0
2025-07-24T06:20:00.358408,BTC-USDT,117668.5,117714.5,1407.0,12678.0
2025-07-24T06:20:00.358447,ETH-USDT,3560.25,3562.35,352.0,352.0
2025-07-24T06:20:00.358482,XRP-USDT,3.06,3.0628,250.0,250.0
2025-07-24T06:20:00.358522,LTC-USDT,109.0,109.35,18000.0,18000.0
2025-07-24T06:20:00.358558,SOL-USDT,0.0,0.0,0.0,0.0
2025-07-24T06:20:00.358593,BTC-USDT,117681.5,117723.5,1407.0,21971.0
2025-07-24T06:20:00.358631,ETH-USDT,3560.25,3562.4,352.0,150.0
2025-07-24T06:20:00.358671,XRP-USDT,3.061,3.0643,250.0,250.0
2025-07-24T06:20:00.358710,LTC-USDT,109.05,109.35,129.0,18000.0
2025-07-24T06:20:00.358751,SOL-USDT,0.0,0.0,0.0,0.0
2025-07-24T06:20:00.358791,BTC-USDT,117681.5,117717.5,1407.0,1086.0
2025-07-24T06:20:00.358831,ETH-USDT,3560.25,3562.4,352.0,150.0
2025-07-24T06:20:00.358893,XRP-USDT,3.0604,3.0643,250.0,250.0
2025-07-24T06:20:00.358937,LTC-USDT,109.06,109.35,5581.0,18000.0
2025-07-24T06:20:00.358975,SOL-USDT,0.0,0.0,0.0,0.0
2025-07-24T06:20:00.359013,BTC-USDT,117681.5,117724.0,1407.0,30.0
2025-07-24T06:20:00.359054,ETH-USDT,3560.25,3562.4,352.0,150.0
2025-07-24T06:20:00.359093,XRP-USDT,3.0615,3.0641,250.0,250.0
2025-07-24T06:20:00.359132,LTC-USDT,109.09,109.37,129.0,5587.0
2025-07-24T06:20:00.359174,SOL-USDT,0.0,0.0,0.0,0.0
2025-07-24T06:20:00.359217,BTC-USDT,117681.5,117724.0,1407.0,30.0
2025-07-24T06:20:00.359262,ETH-USDT,3560.7,3563.45,352.0,348.0
2025-07-24T06:20:00.359315,XRP-USDT,3.0627,3.0652,250.0,250.0
2025-07-24T06:20:00.359366,LTC-USDT,109.09,109.43,129.0,18000.0
2025-07-24T06:20:00.359417,SOL-USDT,0.0,0.0,0.0,0.0
2025-07-24T06:20:00.359463,BTC-USDT,117681.5,117724.0,1407.0,30.0
2025-07-24T06:20:00.359513,ETH-USDT,3560.7,3563.6,352.0,150.0
2025-07-24T06:20:00.359561,XRP-USDT,3.0642,3.0663,250.0,250.0
2025-07-24T06:20:00.359608,LTC-USDT,109.17,109.43,5582.0,18000.0
2025-07-24T06:20:00.359655,SOL-USDT,0.0,0.0,0.0,0.0
2025-07-24T06:20:00.359700,BTC-USDT,117681.5,117724.0,1407.0,30.0
2025-07-24T06:20:00.359751,ETH-USDT,3561.35,3563.6,352.0,150.0
2025-07-24T06:20:00.359805,XRP-USDT,3.0642,3.0663,250.0,250.0
2025-07-24T06:20:00.359859,LTC-USDT,109.17,109.43,5582.0,18000.0
2025-07-24T06:20:00.359965,SOL-USDT,0.0,0.0,0.0,0.0
2025-07-24T06:20:00.360017,BTC-USDT,117695.5,117724.0,1355.0,30.0
2025-07-24T06:20:00.360062,ETH-USDT,3561.55,3563.6,354.0,150.0
2025-07-24T06:20:00.360106,XRP-USDT,3.0648,3.0684,247.0,247.0
2025-07-24T06:20:00.360200,LTC-USDT,109.17,109.5,5582.0,5584.0
2025-07-24T06:20:00.360248,SOL-USDT,0.0,0.0,0.0,0.0
2025-07-24T06:20:00.360290,BTC-USDT,117695.5,117724.0,1355.0,30.0
2025-07-24T06:20:00.360445,ETH-USDT,3561.8,3563.6,354.0,150.0
2025-07-24T06:20:00.360506,XRP-USDT,3.0663,3.0696,247.0,247.0
2025-07-24T06:20:00.360549,LTC-USDT,109.17,109.5,5582.0,5584.0
2025-07-24T06:20:00.360589,SOL-USDT,0.0,0.0,0.0,0.0
2025-07-24T06:20:00.360628,BTC-USDT,117695.5,117724.0,1355.0,30.0
2025-07-24T06:20:00.360670,ETH-USDT,3561.95,3563.6,354.0,150.0
2025-07-24T06:20:00.360711,XRP-USDT,3.0663,3.0696,247.0,247.0
2025-07-24T06:20:00.360752,LTC-USDT,109.17,109.5,5582.0,5584.0
2025-07-24T06:20:00.360791,SOL-USDT,0.0,0.0,0.0,0.0
2025-07-24T06:20:00.360830,BTC-USDT,117695.5,117709.0,1355.0,1348.0
2025-07-24T06:20:00.360889,ETH-USDT,3561.75,3563.45,354.0,354.0
2025-07-24T06:20:00.360933,XRP-USDT,3.0648,3.0681,247.0,13908.0
2025-07-24T06:20:00.360974,LTC-USDT,109.17,109.5,5582.0,5584.0
2025-07-24T06:20:00.361014,SOL-USDT,0.0,0.0,0.0,0.0
2025-07-24T06:20:00.361052,BTC-USDT,117695.5,117722.0,1355.0,1348.0
2025-07-24T06:20:00.361095,ETH-USDT,3561.75,3563.6,354.0,150.0
2025-07-24T06:20:00.361138,XRP-USDT,3.0656,3.0681,247.0,247.0
2025-07-24T06:20:00.362723,LTC-USDT,109.17,109.5,5582.0,5584.0
2025-07-24T06:20:00.362784,SOL-USDT,0.0,0.0,0.0,0.0
2025-07-24T06:20:00.362834,BTC-USDT,117695.5,117723.5,1355.0,19520.0
2025-07-24T06:20:00.362898,ETH-USDT,3561.75,3563.45,19335.0,354.0
2025-07-24T06:20:00.362939,XRP-USDT,3.0654,3.0681,247.0,247.0
2025-07-24T06:20:00.362971,LTC-USDT,109.18,109.5,2479.0,5584.0
2025-07-24T06:20:00.363001,SOL-USDT,0.0,0.0,0.0,0.0
2025-07-24T06:20:00.363032,BTC-USDT,117681.5,117722.5,1407.0,1355.0
2025-07-24T06:20:00.363065,ETH-USDT,3561.55,3563.45,354.0,354.0
2025-07-24T06:20:00.363097,XRP-USDT,3.0648,3.0681,247.0,247.0
2025-07-24T06:20:00.363129,LTC-USDT,109.17,109.5,5582.0,5584.0
2025-07-24T06:20:00.363161,SOL-USDT,0.0,0.0,0.0,0.0
2025-07-24T06:20:00.363191,BTC-USDT,117681.5,117715.0,1407.0,55744.0
2025-07-24T06:20:00.363223,ETH-USDT,3561.2,3563.05,150.0,354.0
2025-07-24T06:20:00.363254,XRP-USDT,3.0634,3.0669,250.0,247.0
2025-07-24T06:20:00.363286,LTC-USDT,109.17,109.5,5582.0,5584.0
2025-07-24T06:20:00.363317,SOL-USDT,0.0,0.0,0.0,0.0
2025-07-24T06:20:00.363347,BTC-USDT,117681.5,117708.0,1407.0,45425.0
2025-07-24T06:20:00.363382,ETH-USDT,3561.2,3563.05,150.0,354.0
2025-07-24T06:20:00.363414,XRP-USDT,3.0628,3.0665,247.0,247.0
2025-07-24T06:20:00.363445,LTC-USDT,109.17,109.5,5582.0,5584.0
2025-07-24T06:20:00.363477,SOL-USDT,0.0,0.0,0.0,0.0
2025-07-24T06:20:00.363509,BTC-USDT,117681.5,117700.0,1407.0,46111.0
2025-07-24T06:20:00.363552,ETH-USDT,3560.15,3562.4,354.0,354.0
2025-07-24T06:20:00.363599,XRP-USDT,3.0621,3.0659,250.0,247.0
2025-07-24T06:20:00.363644,LTC-USDT,109.17,109.5,5582.0,5713.0
2025-07-24T06:20:00.363697,SOL-USDT,0.0,0.0,0.0,0.0
2025-07-24T06:20:00.363721,BTC-USDT,117681.5,117700.0,1407.0,22301.0
2025-07-24T06:20:00.363742,ETH-USDT,3560.3,3562.4,354.0,354.0
2025-07-24T06:20:00.363760,XRP-USDT,3.0626,3.0662,265.0,254.0
2025-07-24T06:20:00.363780,LTC-USDT,109.17,109.5,5582.0,5713.0
2025-07-24T06:20:00.363798,SOL-USDT,0.0,0.0,0.0,0.0
2025-07-24T06:20:00.363815,BTC-USDT,117681.5,117700.0,1407.0,22301.0
2025-07-24T06:20:00.363837,ETH-USDT,3560.15,3562.25,354.0,354.0
2025-07-24T06:20:00.363855,XRP-USDT,3.0621,3.0654,254.0,254.0
2025-07-24T06:20:00.363895,LTC-USDT,109.17,109.5,5582.0,5713.0
2025-07-24T06:20:00.363915,SOL-USDT,0.0,0.0,0.0,0.0
2025-07-24T06:20:00.363932,BTC-USDT,117681.5,117705.0,1407.0,1348.0
2025-07-24T06:20:00.363952,ETH-USDT,3560.15,3562.25,354.0,354.0
2025-07-24T06:20:00.363971,XRP-USDT,3.0619,3.0654,254.0,254.0
2025-07-24T06:20:00.363990,LTC-USDT,109.17,109.5,5582.0,5713.0
2025-07-24T06:20:00.364007,SOL-USDT,0.0,0.0,0.0,0.0
2025-07-24T06:20:00.364024,BTC-USDT,117681.5,117704.0,1407.0,1370.0
2025-07-24T06:20:00.364043,ETH-USDT,3560.15,3562.25,354.0,354.0
2025-07-24T06:20:00.364061,XRP-USDT,3.0619,3.0654,254.0,254.0
2025-07-24T06:20:00.364079,LTC-USDT,109.17,109.5,5582.0,5713.0
2025-07-24T06:20:00.364097,SOL-USDT,0.0,0.0,0.0,0.0
2025-07-24T06:20:00.364114,BTC-USDT,117681.5,117704.5,1407.0,21653.0
2025-07-24T06:20:00.364133,ETH-USDT,3560.15,3562.25,354.0,354.0
2025-07-24T06:20:00.364150,XRP-USDT,3.0627,3.0652,254.0,254.0
2025-07-24T06:20:00.364171,LTC-USDT,109.17,109.49,5582.0,104.0
2025-07-24T06:20:00.364194,SOL-USDT,0.0,0.0,0.0,0.0
2025-07-24T06:20:00.364215,BTC-USDT,117681.5,117716.0,1407.0,20591.0
2025-07-24T06:20:00.364235,ETH-USDT,3560.15,3561.95,354.0,354.0
2025-07-24T06:20:00.364257,XRP-USDT,3.0627,3.0653,254.0,254.0
2025-07-24T06:20:00.364279,LTC-USDT,109.17,109.49,5582.0,104.0
2025-07-24T06:20:00.364302,SOL-USDT,0.0,0.0,0.0,0.0
2025-07-24T06:20:00.364322,BTC-USDT,117681.5,117710.5,1407.0,1348.0
2025-07-24T06:20:00.364345,ETH-USDT,3560.1,3562.25,150.0,354.0
2025-07-24T06:20:00.364366,XRP-USDT,3.0616,3.065,254.0,254.0
2025-07-24T06:20:00.364388,LTC-USDT,109.17,109.49,5565.0,104.0
2025-07-24T06:20:00.364410,SOL-USDT,0.0,0.0,0.0,0.0
2025-07-24T06:20:00.364431,BTC-USDT,117681.5,117710.0,1407.0,23782.0
2025-07-24T06:20:00.364452,ETH-USDT,3560.1,3562.25,150.0,354.0
2025-07-24T06:20:00.364472,XRP-USDT,3.0627,3.065,254.0,254.0
2025-07-24T06:20:00.364493,LTC-USDT,109.17,109.49,5565.0,104.0
2025-07-24T06:20:00.364514,SOL-USDT,0.0,0.0,0.0,0.0
2025-07-24T06:20:00.364532,BTC-USDT,117681.5,117710.0,1407.0,17726.0
2025-07-24T06:20:00.364551,ETH-USDT,3560.1,3562.25,150.0,354.0
2025-07-24T06:20:00.364569,XRP-USDT,3.063,3.0663,254.0,254.0
2025-07-24T06:20:00.364586,LTC-USDT,109.17,109.49,5565.0,104.0
2025-07-24T06:20:00.364603,SOL-USDT,0.0,0.0,0.0,0.0
2025-07-24T06:20:00.364622,BTC-USDT,117681.5,117718.0,1407.0,19153.0
2025-07-24T06:20:00.364641,ETH-USDT,3560.25,3562.25,354.0,354.0
2025-07-24T06:20:00.364658,XRP-USDT,3.0642,3.0674,254.0,254.0
2025-07-24T06:20:00.364676,LTC-USDT,109.17,109.49,5565.0,104.0
2025-07-24T06:20:00.364693,SOL-USDT,0.0,0.0,0.0,0.0
2025-07-24T06:20:00.364708,BTC-USDT,117681.5,117718.0,1407.0,19153.0
2025-07-24T06:20:00.364729,ETH-USDT,3560.25,3562.25,354.0,354.0
2025-07-24T06:20:00.364749,XRP-USDT,3.0646,3.0674,248.0,254.0
2025-07-24T06:20:00.364768,LTC-USDT,109.17,109.49,5565.0,104.0
2025-07-24T06:20:00.364785,SOL-USDT,0.0,0.0,0.0,0.0
2025-07-24T06:20:00.364801,BTC-USDT,117681.5,117712.5,1407.0,20268.0
2025-07-24T06:20:00.364818,ETH-USDT,3560.35,3562.25,343.0,354.0
2025-07-24T06:20:00.364836,XRP-USDT,3.0644,3.0674,248.0,254.0
2025-07-24T06:20:00.364854,LTC-USDT,109.17,109.49,5565.0,104.0
2025-07-24T06:20:00.364924,SOL-USDT,0.0,0.0,0.0,0.0
2025-07-24T06:20:00.364991,BTC-USDT,117681.5,117712.5,1407.0,20268.0
2025-07-24T06:20:00.365041,ETH-USDT,3560.35,3562.25,343.0,354.0
2025-07-24T06:20:00.365083,XRP-USDT,3.0638,3.0671,248.0,248.0
2025-07-24T06:20:00.365132,LTC-USDT,109.17,109.49,5565.0,104.0
2025-07-24T06:20:00.365173,SOL-USDT,0.0,0.0,0.0,0.0
2025-07-24T06:20:00.365214,BTC-USDT,117681.5,117712.5,1407.0,20305.0
2025-07-24T06:20:00.365259,ETH-USDT,3560.25,3562.25,343.0,354.0
2025-07-24T06:20:00.365306,XRP-USDT,3.0646,3.0674,248.0,248.0
2025-07-24T06:20:00.365348,LTC-USDT,109.17,109.49,5565.0,104.0
2025-07-24T06:20:00.365382,SOL-USDT,0.0,0.0,0.0,0.0
2025-07-24T06:20:00.365412,BTC-USDT,117681.5,117712.5,1407.0,20305.0
2025-07-24T06:20:00.365444,ETH-USDT,3560.25,3562.25,343.0,354.0
2025-07-24T06:20:00.365475,XRP-USDT,3.064,3.0674,248.0,248.0
2025-07-24T06:20:00.365505,LTC-USDT,109.17,109.49,5565.0,104.0
2025-07-24T06:20:00.365539,SOL-USDT,0.0,0.0,0.0,0.0
2025-07-24T06:20:00.365581,BTC-USDT,117681.5,117711.0,1407.0,1389.0
2025-07-24T06:20:00.365619,ETH-USDT,3560.1,3562.25,150.0,354.0
2025-07-24T06:20:00.365663,XRP-USDT,3.064,3.0674,248.0,248.0
2025-07-24T06:20:00.365704,LTC-USDT,109.17,109.49,8044.0,104.0
2025-07-24T06:20:00.365735,SOL-USDT,0.0,0.0,0.0,0.0
2025-07-24T06:20:00.365767,BTC-USDT,117681.5,117712.5,1407.0,22686.0
2025-07-24T06:20:00.365811,ETH-USDT,3560.15,3562.25,343.0,354.0
2025-07-24T06:20:00.365843,XRP-USDT,3.0646,3.0676,248.0,247.0
2025-07-24T06:20:00.365946,LTC-USDT,109.17,109.49,5565.0,104.0
2025-07-24T06:20:00.366002,SOL-USDT,0.0,0.0,0.0,0.0
2025-07-24T06:20:00.366046,BTC-USDT,117681.5,117711.5,1407.0,22283.0
2025-07-24T06:20:00.366200,ETH-USDT,3560.15,3562.25,343.0,354.0
2025-07-24T06:20:00.366263,XRP-USDT,3.0646,3.0674,248.0,248.0
2025-07-24T06:20:00.366306,LTC-USDT,109.17,109.49,5565.0,104.0
2025-07-24T06:20:00.366352,SOL-USDT,0.0,0.0,0.0,0.0
2025-07-24T06:20:00.366395,BTC-USDT,117681.5,117712.0,1407.0,22936.0
2025-07-24T06:20:00.366436,ETH-USDT,3560.15,3562.25,343.0,354.0
2025-07-24T06:20:00.366478,XRP-USDT,3.0652,3.0674,248.0,248.0
2025-07-24T06:20:00.366518,LTC-USDT,109.17,109.49,5565.0,104.0
2025-07-24T06:20:00.366558,SOL-USDT,0.0,0.0,0.0,0.0
2025-07-24T06:20:00.366597,BTC-USDT,117681.5,117710.0,1407.0,19811.0
2025-07-24T06:20:00.366638,ETH-USDT,3560.15,3562.25,343.0,354.0
2025-07-24T06:20:00.366677,XRP-USDT,3.0652,3.0676,248.0,248.0
2025-07-24T06:20:00.366717,LTC-USDT,109.17,109.49,8044.0,104.0
2025-07-24T06:20:00.366758,SOL-USDT,0.0,0.0,0.0,0.0
2025-07-24T06:20:00.366800,BTC-USDT,117681.5,117708.0,1407.0,2431.0
2025-07-24T06:20:00.366837,ETH-USDT,3560.1,3562.25,150.0,354.0
2025-07-24T06:20:00.366897,XRP-USDT,3.064,3.0676,264.0,248.0
2025-07-24T06:20:00.366941,LTC-USDT,109.17,109.49,5565.0,104.0
2025-07-24T06:20:00.366980,SOL-USDT,0.0,0.0,0.0,0.0
2025-07-24T06:20:00.367015,BTC-USDT,117681.5,117705.0,1407.0,1345.0
2025-07-24T06:20:00.367055,ETH-USDT,3560.1,3561.65,150.0,341.0
2025-07-24T06:20:00.367089,XRP-USDT,3.0638,3.0674,248.0,246.0
2025-07-24T06:20:00.367128,LTC-USDT,109.17,109.48,5565.0,2427.0
2025-07-24T06:20:00.367177,SOL-USDT,0.0,0.0,0.0,0.0
2025-07-24T06:20:00.367218,BTC-USDT,117678.5,117698.0,1345.0,22432.0
2025-07-24T06:20:00.367254,ETH-USDT,3560.1,3561.65,150.0,341.0
2025-07-24T06:20:00.367290,XRP-USDT,3.0638,3.0674,248.0,246.0
2025-07-24T06:20:00.367325,LTC-USDT,109.17,109.48,5565.0,2427.0
2025-07-24T06:20:00.367365,SOL-USDT,0.0,0.0,0.0,0.0
2025-07-24T06:20:00.367407,BTC-USDT,117681.5,117695.5,1345.0,46526.0
