timestamp,symbol,bid,ask,bid_vol,ask_vol
2025-07-24T15:28:39.309573,ETH-USDT,3743.6,3746.75,342.0,342.0
2025-07-24T15:28:39.309947,LTC-USDT,114.39,114.65,5622.0,5619.0
2025-07-24T15:28:39.309991,BTC-USDT,119118.0,119143.0,1373.0,1373.0
2025-07-24T15:28:39.310022,XRP-USDT,3.2373,3.2405,253.0,251.0
2025-07-24T15:28:39.310053,SOL-USDT,0.0,0.0,0.0,0.0
2025-07-24T15:28:39.389762,BTC-USDT,119118.0,119143.0,1373.0,1373.0
2025-07-24T15:28:39.499399,LTC-USDT,114.39,114.65,5622.0,5619.0
2025-07-24T15:28:39.523973,ETH-USDT,3743.2,3746.75,342.0,342.0
2025-07-24T15:28:39.530866,XRP-USDT,3.2363,3.2405,249.0,251.0
2025-07-24T15:28:39.745792,SOL-USDT,0.0,0.0,0.0,0.0
2025-07-24T15:28:40.388038,BTC-USDT,119118.0,119143.0,1373.0,1373.0
2025-07-24T15:28:40.499114,LTC-USDT,114.39,114.65,5609.0,5619.0
2025-07-24T15:28:40.524100,ETH-USDT,3743.2,3746.0,342.0,342.0
2025-07-24T15:28:40.530669,XRP-USDT,3.2363,3.2397,249.0,251.0
2025-07-24T15:28:40.745422,SOL-USDT,0.0,0.0,0.0,0.0
2025-07-24T15:28:41.386734,BTC-USDT,119118.0,119143.0,1373.0,1373.0
2025-07-24T15:28:41.510379,LTC-USDT,114.39,114.65,5609.0,5619.0
2025-07-24T15:28:41.540184,ETH-USDT,3743.0,3746.0,342.0,342.0
2025-07-24T15:28:41.540226,XRP-USDT,3.2363,3.2393,249.0,251.0
2025-07-24T15:28:41.745701,SOL-USDT,0.0,0.0,0.0,0.0
2025-07-24T15:28:42.387291,BTC-USDT,119117.0,119143.0,1376.0,1373.0
2025-07-24T15:28:42.500900,LTC-USDT,114.39,114.65,5609.0,5619.0
2025-07-24T15:28:42.524749,ETH-USDT,3742.4,3745.45,342.0,161.0
2025-07-24T15:28:42.531078,XRP-USDT,3.2355,3.2387,254.0,251.0
2025-07-24T15:28:42.745525,SOL-USDT,0.0,0.0,0.0,0.0
2025-07-24T15:28:43.386889,BTC-USDT,119116.0,119137.0,1376.0,1376.0
2025-07-24T15:28:43.499148,LTC-USDT,114.39,114.65,5609.0,5619.0
2025-07-24T15:28:43.524557,ETH-USDT,3741.8,3745.3,342.0,342.0
2025-07-24T15:28:43.530858,XRP-USDT,3.2353,3.2383,251.0,251.0
2025-07-24T15:28:43.745370,SOL-USDT,0.0,0.0,0.0,0.0
2025-07-24T15:28:44.387242,BTC-USDT,119116.0,119137.0,1376.0,1376.0
2025-07-24T15:28:44.499225,LTC-USDT,114.39,114.65,5609.0,5619.0
2025-07-24T15:28:44.524253,ETH-USDT,3741.6,3745.3,342.0,342.0
2025-07-24T15:28:44.530542,XRP-USDT,3.2356,3.2387,251.0,251.0
2025-07-24T15:28:44.745746,SOL-USDT,0.0,0.0,0.0,0.0
2025-07-24T15:28:45.387705,BTC-USDT,119114.5,119137.0,1376.0,1376.0
2025-07-24T15:28:45.500119,LTC-USDT,114.39,114.65,5609.0,5619.0
2025-07-24T15:28:45.525111,ETH-USDT,3740.8,3744.0,342.0,342.0
2025-07-24T15:28:45.530758,XRP-USDT,3.2353,3.2382,251.0,251.0
2025-07-24T15:28:45.745749,SOL-USDT,0.0,0.0,0.0,0.0
2025-07-24T15:28:46.387050,BTC-USDT,119114.0,119131.0,30.0,1376.0
2025-07-24T15:28:46.499318,LTC-USDT,114.39,114.65,5605.0,8046.0
2025-07-24T15:28:46.523935,ETH-USDT,3740.25,3743.35,343.0,343.0
2025-07-24T15:28:46.530628,XRP-USDT,3.2335,3.237,251.0,251.0
2025-07-24T15:28:46.745215,SOL-USDT,0.0,0.0,0.0,0.0
2025-07-24T15:28:47.386838,BTC-USDT,119114.0,119131.0,30.0,1376.0
2025-07-24T15:28:47.498861,LTC-USDT,114.39,114.65,5605.0,8046.0
2025-07-24T15:28:47.524565,ETH-USDT,3740.25,3743.35,343.0,343.0
2025-07-24T15:28:47.530357,XRP-USDT,3.2339,3.237,251.0,251.0
2025-07-24T15:28:47.745627,SOL-USDT,0.0,0.0,0.0,0.0
2025-07-24T15:28:48.387491,BTC-USDT,119114.0,119131.0,30.0,1376.0
2025-07-24T15:28:48.500685,LTC-USDT,114.39,114.65,5605.0,8046.0
2025-07-24T15:28:48.524457,ETH-USDT,3740.25,3743.35,343.0,343.0
2025-07-24T15:28:48.530206,XRP-USDT,3.2339,3.237,251.0,251.0
2025-07-24T15:28:48.745890,SOL-USDT,0.0,0.0,0.0,0.0
2025-07-24T15:28:49.388503,BTC-USDT,119114.0,119131.0,30.0,1376.0
2025-07-24T15:28:49.500753,LTC-USDT,114.39,114.65,5605.0,8046.0
2025-07-24T15:28:49.524211,ETH-USDT,3740.25,3743.35,343.0,343.0
2025-07-24T15:28:49.530413,XRP-USDT,3.2346,3.2374,247.0,247.0
2025-07-24T15:28:49.745264,SOL-USDT,0.0,0.0,0.0,0.0
2025-07-24T15:28:50.389015,BTC-USDT,119114.5,119131.0,1376.0,1376.0
2025-07-24T15:28:50.499315,LTC-USDT,114.39,114.66,5605.0,21927.0
2025-07-24T15:28:50.526174,ETH-USDT,3740.25,3744.15,343.0,343.0
2025-07-24T15:28:50.530798,XRP-USDT,3.2358,3.2387,247.0,251.0
2025-07-24T15:28:50.745931,SOL-USDT,0.0,0.0,0.0,0.0
2025-07-24T15:28:51.395355,BTC-USDT,119114.5,119137.0,1376.0,1376.0
2025-07-24T15:28:51.499426,LTC-USDT,114.39,114.65,5605.0,5603.0
2025-07-24T15:28:51.524254,ETH-USDT,3741.5,3744.2,343.0,343.0
2025-07-24T15:28:51.530910,XRP-USDT,3.2364,3.2387,247.0,251.0
2025-07-24T15:28:51.745404,SOL-USDT,0.0,0.0,0.0,0.0
2025-07-24T15:28:52.387172,BTC-USDT,119145.5,119167.0,1367.0,1367.0
2025-07-24T15:28:52.498916,LTC-USDT,114.39,114.65,5605.0,5603.0
2025-07-24T15:28:52.524464,ETH-USDT,3742.85,3746.4,343.0,342.0
2025-07-24T15:28:52.530801,XRP-USDT,3.2376,3.2407,247.0,247.0
2025-07-24T15:28:52.745424,SOL-USDT,0.0,0.0,0.0,0.0
2025-07-24T15:28:53.386747,BTC-USDT,119159.0,119185.0,1367.0,1376.0
2025-07-24T15:28:53.498898,LTC-USDT,114.39,114.65,5605.0,5603.0
2025-07-24T15:28:53.524407,ETH-USDT,3743.05,3746.4,343.0,342.0
2025-07-24T15:28:53.530335,XRP-USDT,3.2382,3.241,247.0,247.0
2025-07-24T15:28:53.745163,SOL-USDT,0.0,0.0,0.0,0.0
2025-07-24T15:28:54.387042,BTC-USDT,119143.5,119173.0,1367.0,1367.0
2025-07-24T15:28:54.498956,LTC-USDT,114.39,114.65,5605.0,5603.0
2025-07-24T15:28:54.524418,ETH-USDT,3743.05,3746.4,343.0,342.0
2025-07-24T15:28:54.530552,XRP-USDT,3.2377,3.241,247.0,247.0
2025-07-24T15:28:54.745259,SOL-USDT,0.0,0.0,0.0,0.0
2025-07-24T15:28:55.391883,BTC-USDT,119146.5,119173.0,1367.0,1367.0
2025-07-24T15:28:55.500056,LTC-USDT,114.39,114.65,5605.0,5603.0
2025-07-24T15:28:55.524274,ETH-USDT,3742.35,3745.65,343.0,343.0
2025-07-24T15:28:55.530697,XRP-USDT,3.2377,3.2408,247.0,247.0
2025-07-24T15:28:55.745371,SOL-USDT,0.0,0.0,0.0,0.0
2025-07-24T15:28:56.387432,BTC-USDT,119145.5,119173.0,1367.0,1367.0
2025-07-24T15:28:56.499805,LTC-USDT,114.39,114.65,5605.0,5603.0
2025-07-24T15:28:56.523548,ETH-USDT,3742.35,3745.65,343.0,343.0
2025-07-24T15:28:56.530510,XRP-USDT,3.2364,3.2402,247.0,247.0
2025-07-24T15:28:56.752436,SOL-USDT,0.0,0.0,0.0,0.0
2025-07-24T15:28:57.386769,BTC-USDT,119145.5,119173.0,1367.0,1367.0
2025-07-24T15:28:57.498634,LTC-USDT,114.39,114.65,5605.0,5603.0
2025-07-24T15:28:57.524986,ETH-USDT,3742.35,3745.65,345.0,343.0
2025-07-24T15:28:57.530202,XRP-USDT,3.2364,3.2408,247.0,247.0
2025-07-24T15:28:57.745841,SOL-USDT,0.0,0.0,0.0,0.0
2025-07-24T15:28:58.387051,BTC-USDT,119145.5,119173.0,1367.0,1367.0
2025-07-24T15:28:58.498554,LTC-USDT,114.39,114.65,5605.0,5603.0
2025-07-24T15:28:58.528356,ETH-USDT,3742.35,3746.4,345.0,342.0
2025-07-24T15:28:58.530194,XRP-USDT,3.237,3.2406,255.0,255.0
2025-07-24T15:28:58.746254,SOL-USDT,0.0,0.0,0.0,0.0
2025-07-24T15:28:59.386432,BTC-USDT,119145.5,119173.0,1367.0,1367.0
2025-07-24T15:28:59.499522,LTC-USDT,114.39,114.65,5605.0,5603.0
2025-07-24T15:28:59.524287,ETH-USDT,3742.35,3746.4,345.0,342.0
2025-07-24T15:28:59.530340,XRP-USDT,3.2376,3.2406,255.0,255.0
2025-07-24T15:28:59.748590,SOL-USDT,0.0,0.0,0.0,0.0
2025-07-24T15:29:00.397494,BTC-USDT,119114.5,119167.0,1376.0,1367.0
2025-07-24T15:29:00.498757,LTC-USDT,114.39,114.65,5605.0,5603.0
2025-07-24T15:29:00.524410,ETH-USDT,3742.55,3745.35,345.0,345.0
2025-07-24T15:29:00.530907,XRP-USDT,3.2361,3.2396,255.0,255.0
2025-07-24T15:29:00.745198,SOL-USDT,0.0,0.0,0.0,0.0
2025-07-24T15:29:01.386446,BTC-USDT,119114.5,119149.0,1376.0,1396.0
2025-07-24T15:29:01.499559,LTC-USDT,114.39,114.65,5605.0,5603.0
2025-07-24T15:29:01.525876,ETH-USDT,3741.55,3744.7,345.0,345.0
2025-07-24T15:29:01.530638,XRP-USDT,3.2347,3.2379,255.0,255.0
2025-07-24T15:29:01.745394,SOL-USDT,0.0,0.0,0.0,0.0
2025-07-24T15:29:02.386765,BTC-USDT,119128.0,119167.0,1396.0,1396.0
2025-07-24T15:29:02.498885,LTC-USDT,114.39,114.65,5605.0,5603.0
2025-07-24T15:29:02.523906,ETH-USDT,3741.55,3744.7,345.0,345.0
2025-07-24T15:29:02.530672,XRP-USDT,3.2354,3.2382,255.0,255.0
2025-07-24T15:29:02.744950,SOL-USDT,0.0,0.0,0.0,0.0
2025-07-24T15:29:03.387013,BTC-USDT,119128.0,119161.0,1396.0,1396.0
2025-07-24T15:29:03.498995,LTC-USDT,114.39,114.65,5605.0,5603.0
2025-07-24T15:29:03.524282,ETH-USDT,3741.55,3744.7,345.0,345.0
2025-07-24T15:29:03.530198,XRP-USDT,3.2354,3.2382,255.0,255.0
2025-07-24T15:29:03.745364,SOL-USDT,0.0,0.0,0.0,0.0
2025-07-24T15:29:04.387306,BTC-USDT,119125.5,119155.0,1396.0,1396.0
2025-07-24T15:29:04.499205,LTC-USDT,114.39,114.65,5605.0,5603.0
2025-07-24T15:29:04.524008,ETH-USDT,3741.75,3744.7,345.0,345.0
2025-07-24T15:29:04.530649,XRP-USDT,3.2354,3.2382,255.0,255.0
2025-07-24T15:29:04.745131,SOL-USDT,0.0,0.0,0.0,0.0
2025-07-24T15:29:05.387788,BTC-USDT,119125.5,119149.0,1396.0,1396.0
2025-07-24T15:29:05.500211,LTC-USDT,114.39,114.65,5605.0,5603.0
2025-07-24T15:29:05.529872,ETH-USDT,3741.75,3744.7,345.0,345.0
2025-07-24T15:29:05.530771,XRP-USDT,3.234,3.2379,255.0,255.0
2025-07-24T15:29:05.745931,SOL-USDT,0.0,0.0,0.0,0.0
2025-07-24T15:29:06.386790,BTC-USDT,119114.5,119149.0,1376.0,1396.0
2025-07-24T15:29:06.498904,LTC-USDT,114.39,114.65,5605.0,5603.0
2025-07-24T15:29:06.524007,ETH-USDT,3741.75,3744.7,345.0,345.0
2025-07-24T15:29:06.531029,XRP-USDT,3.234,3.2379,255.0,255.0
2025-07-24T15:29:06.745002,SOL-USDT,0.0,0.0,0.0,0.0
2025-07-24T15:29:07.386534,BTC-USDT,119114.5,119149.0,1376.0,1396.0
2025-07-24T15:29:07.498457,LTC-USDT,114.39,114.65,5605.0,5603.0
2025-07-24T15:29:07.523818,ETH-USDT,3741.75,3744.7,345.0,345.0
2025-07-24T15:29:07.530558,XRP-USDT,3.234,3.2379,255.0,255.0
2025-07-24T15:29:07.745881,SOL-USDT,0.0,0.0,0.0,0.0
2025-07-24T15:29:08.386644,BTC-USDT,119114.5,119155.0,1376.0,1396.0
2025-07-24T15:29:08.498629,LTC-USDT,114.39,114.65,5605.0,5603.0
2025-07-24T15:29:08.523396,ETH-USDT,3741.75,3744.7,345.0,345.0
2025-07-24T15:29:08.530337,XRP-USDT,3.234,3.2379,255.0,255.0
2025-07-24T15:29:08.745588,SOL-USDT,0.0,0.0,0.0,0.0
2025-07-24T15:29:09.386462,BTC-USDT,119120.0,119149.0,1396.0,1396.0
2025-07-24T15:29:09.498352,LTC-USDT,114.39,114.65,5605.0,5603.0
2025-07-24T15:29:09.524111,ETH-USDT,3741.65,3744.05,354.0,354.0
2025-07-24T15:29:09.530534,XRP-USDT,3.2339,3.237,256.0,256.0
2025-07-24T15:29:09.745174,SOL-USDT,0.0,0.0,0.0,0.0
2025-07-24T15:29:10.386386,BTC-USDT,119120.0,119149.0,1396.0,1396.0
2025-07-24T15:29:10.501061,LTC-USDT,114.39,114.65,5605.0,5603.0
2025-07-24T15:29:10.523551,ETH-USDT,3741.15,3744.05,345.0,354.0
2025-07-24T15:29:10.530139,XRP-USDT,3.2339,3.237,256.0,256.0
2025-07-24T15:29:10.745154,SOL-USDT,0.0,0.0,0.0,0.0
2025-07-24T15:29:11.396501,BTC-USDT,119120.0,119149.0,1396.0,1396.0
2025-07-24T15:29:11.498383,LTC-USDT,114.39,114.65,5605.0,8030.0
2025-07-24T15:29:11.523841,ETH-USDT,3741.2,3743.4,354.0,354.0
2025-07-24T15:29:11.530207,XRP-USDT,3.2339,3.2366,256.0,256.0
2025-07-24T15:29:11.745003,SOL-USDT,0.0,0.0,0.0,0.0
2025-07-24T15:29:12.386758,BTC-USDT,119120.0,119149.0,1396.0,1374.0
2025-07-24T15:29:12.498784,LTC-USDT,114.39,114.65,5605.0,8030.0
2025-07-24T15:29:12.523819,ETH-USDT,3741.2,3743.4,354.0,354.0
2025-07-24T15:29:12.530081,XRP-USDT,3.2339,3.2366,256.0,256.0
2025-07-24T15:29:12.745203,SOL-USDT,0.0,0.0,0.0,0.0
2025-07-24T15:29:13.386956,BTC-USDT,119120.0,119155.0,1396.0,1396.0
2025-07-24T15:29:13.498784,LTC-USDT,114.39,114.65,5605.0,8030.0
2025-07-24T15:29:13.524499,ETH-USDT,3741.2,3743.4,354.0,354.0
2025-07-24T15:29:13.529973,XRP-USDT,3.2339,3.2366,256.0,256.0
2025-07-24T15:29:13.763887,SOL-USDT,0.0,0.0,0.0,0.0
2025-07-24T15:29:14.386374,BTC-USDT,119120.0,119149.0,1396.0,1374.0
2025-07-24T15:29:14.500014,LTC-USDT,114.39,114.65,5605.0,8030.0
2025-07-24T15:29:14.523663,ETH-USDT,3741.2,3743.4,354.0,354.0
2025-07-24T15:29:14.530701,XRP-USDT,3.2339,3.2366,256.0,256.0
2025-07-24T15:29:14.756527,SOL-USDT,0.0,0.0,0.0,0.0
2025-07-24T15:29:15.386045,BTC-USDT,119120.0,119155.0,1396.0,1396.0
2025-07-24T15:29:15.498544,LTC-USDT,114.39,114.65,5605.0,8030.0
2025-07-24T15:29:15.524091,ETH-USDT,3741.25,3743.4,354.0,354.0
2025-07-24T15:29:15.530889,XRP-USDT,3.2333,3.2359,251.0,256.0
2025-07-24T15:29:15.745156,SOL-USDT,0.0,0.0,0.0,0.0
2025-07-24T15:29:16.386706,BTC-USDT,119120.0,119155.0,1396.0,1396.0
2025-07-24T15:29:16.499316,LTC-USDT,114.39,114.65,5605.0,8030.0
2025-07-24T15:29:16.524135,ETH-USDT,3741.25,3743.4,354.0,354.0
2025-07-24T15:29:16.530030,XRP-USDT,3.2333,3.2361,251.0,256.0
2025-07-24T15:29:16.745212,SOL-USDT,0.0,0.0,0.0,0.0
2025-07-24T15:29:17.386376,BTC-USDT,119120.0,119148.5,1396.0,1374.0
2025-07-24T15:29:17.498363,LTC-USDT,114.39,114.65,5605.0,8030.0
2025-07-24T15:29:17.524372,ETH-USDT,3741.25,3743.4,354.0,354.0
2025-07-24T15:29:17.530693,XRP-USDT,3.2333,3.2361,251.0,256.0
2025-07-24T15:29:17.744859,SOL-USDT,0.0,0.0,0.0,0.0
2025-07-24T15:29:18.386625,BTC-USDT,119121.0,119148.5,1374.0,1374.0
2025-07-24T15:29:18.498747,LTC-USDT,114.39,114.65,5605.0,8030.0
2025-07-24T15:29:18.525438,ETH-USDT,3741.15,3743.4,346.0,354.0
2025-07-24T15:29:18.530500,XRP-USDT,3.2323,3.2357,256.0,255.0
2025-07-24T15:29:18.744862,SOL-USDT,0.0,0.0,0.0,0.0
2025-07-24T15:29:19.386967,BTC-USDT,119121.0,119148.5,1374.0,1374.0
2025-07-24T15:29:19.498894,LTC-USDT,114.39,114.65,5605.0,8030.0
2025-07-24T15:29:19.524436,ETH-USDT,3741.15,3743.25,346.0,346.0
2025-07-24T15:29:19.531771,XRP-USDT,3.2323,3.2355,256.0,255.0
2025-07-24T15:29:19.744928,SOL-USDT,0.0,0.0,0.0,0.0
2025-07-24T15:29:20.387868,BTC-USDT,119121.0,119148.5,1374.0,1374.0
2025-07-24T15:29:20.498921,LTC-USDT,114.39,114.65,5605.0,8030.0
2025-07-24T15:29:20.524400,ETH-USDT,3741.15,3743.25,346.0,346.0
2025-07-24T15:29:20.530386,XRP-USDT,3.2323,3.2355,256.0,255.0
2025-07-24T15:29:20.744950,SOL-USDT,0.0,0.0,0.0,0.0
2025-07-24T15:29:21.386512,BTC-USDT,119121.0,119148.5,1374.0,1374.0
2025-07-24T15:29:21.499047,LTC-USDT,114.39,114.65,5605.0,8030.0
2025-07-24T15:29:21.523639,ETH-USDT,3741.15,3743.25,346.0,346.0
2025-07-24T15:29:21.530274,XRP-USDT,3.2327,3.2361,255.0,255.0
2025-07-24T15:29:21.745391,SOL-USDT,0.0,0.0,0.0,0.0
2025-07-24T15:29:22.386646,BTC-USDT,119121.0,119148.5,1374.0,1374.0
2025-07-24T15:29:22.498164,LTC-USDT,114.39,114.65,5605.0,8030.0
2025-07-24T15:29:22.523398,ETH-USDT,3741.15,3743.25,346.0,346.0
2025-07-24T15:29:22.530152,XRP-USDT,3.2324,3.2361,255.0,255.0
2025-07-24T15:29:22.745900,SOL-USDT,0.0,0.0,0.0,0.0
2025-07-24T15:29:23.386127,BTC-USDT,119121.0,119148.5,1374.0,1374.0
2025-07-24T15:29:23.499489,LTC-USDT,114.39,114.65,5605.0,8030.0
2025-07-24T15:29:23.523370,ETH-USDT,3741.15,3743.25,346.0,346.0
2025-07-24T15:29:23.529875,XRP-USDT,3.2324,3.2356,255.0,255.0
2025-07-24T15:29:23.744713,SOL-USDT,0.0,0.0,0.0,0.0
2025-07-24T15:29:24.386912,BTC-USDT,119117.0,119142.5,1367.0,1367.0
2025-07-24T15:29:24.498581,LTC-USDT,114.39,114.65,5605.0,8030.0
2025-07-24T15:29:24.523526,ETH-USDT,3739.95,3742.6,346.0,346.0
2025-07-24T15:29:24.530869,XRP-USDT,3.2326,3.2356,255.0,255.0
2025-07-24T15:29:24.744860,SOL-USDT,0.0,0.0,0.0,0.0
2025-07-24T15:29:25.386330,BTC-USDT,119117.0,119142.5,1367.0,1367.0
2025-07-24T15:29:25.497961,LTC-USDT,114.39,114.65,5605.0,8030.0
2025-07-24T15:29:25.523587,ETH-USDT,3739.95,3742.6,346.0,346.0
2025-07-24T15:29:25.530385,XRP-USDT,3.2326,3.2356,255.0,255.0
2025-07-24T15:29:25.745012,SOL-USDT,0.0,0.0,0.0,0.0
2025-07-24T15:29:26.386221,BTC-USDT,119117.0,119142.5,1367.0,1367.0
2025-07-24T15:29:26.498336,LTC-USDT,114.39,114.65,5605.0,8030.0
2025-07-24T15:29:26.523853,ETH-USDT,3739.95,3742.6,346.0,346.0
2025-07-24T15:29:26.530583,XRP-USDT,3.2326,3.2361,255.0,255.0
2025-07-24T15:29:26.745005,SOL-USDT,0.0,0.0,0.0,0.0
2025-07-24T15:29:27.386150,BTC-USDT,119117.0,119144.0,1367.0,1367.0
2025-07-24T15:29:27.499842,LTC-USDT,114.39,114.65,5605.0,5603.0
2025-07-24T15:29:27.523802,ETH-USDT,3739.95,3742.6,346.0,346.0
2025-07-24T15:29:27.529727,XRP-USDT,3.2326,3.2367,255.0,255.0
2025-07-24T15:29:27.744654,SOL-USDT,0.0,0.0,0.0,0.0
2025-07-24T15:29:28.387280,BTC-USDT,119117.0,119146.0,1367.0,1367.0
2025-07-24T15:29:28.500261,LTC-USDT,114.39,114.65,5605.0,5603.0
2025-07-24T15:29:28.523829,ETH-USDT,3739.95,3742.6,346.0,346.0
2025-07-24T15:29:28.529727,XRP-USDT,3.2331,3.2369,247.0,256.0
2025-07-24T15:29:28.744991,SOL-USDT,0.0,0.0,0.0,0.0
2025-07-24T15:29:29.385725,BTC-USDT,119117.0,119148.5,1367.0,1367.0
2025-07-24T15:29:29.499240,LTC-USDT,114.39,114.65,5605.0,5603.0
2025-07-24T15:29:29.523230,ETH-USDT,3739.95,3742.6,346.0,346.0
2025-07-24T15:29:29.530520,XRP-USDT,3.2339,3.2366,247.0,247.0
2025-07-24T15:29:29.745768,SOL-USDT,0.0,0.0,0.0,0.0
2025-07-24T15:29:30.385948,BTC-USDT,119117.0,119148.5,1367.0,1367.0
2025-07-24T15:29:30.498428,LTC-USDT,114.39,114.65,5605.0,5603.0
2025-07-24T15:29:30.523130,ETH-USDT,3739.95,3742.6,346.0,346.0
2025-07-24T15:29:30.530671,XRP-USDT,3.2339,3.2358,247.0,247.0
2025-07-24T15:29:30.744590,SOL-USDT,0.0,0.0,0.0,0.0
2025-07-24T15:29:31.386443,BTC-USDT,119117.0,119148.5,1367.0,1367.0
2025-07-24T15:29:31.497825,LTC-USDT,114.39,114.65,5605.0,5603.0
2025-07-24T15:29:31.524655,ETH-USDT,3739.95,3742.6,346.0,346.0
2025-07-24T15:29:31.530838,XRP-USDT,3.2334,3.2358,247.0,247.0
2025-07-24T15:29:31.744983,SOL-USDT,0.0,0.0,0.0,0.0
2025-07-24T15:29:32.386448,BTC-USDT,119117.0,119148.5,1367.0,1367.0
2025-07-24T15:29:32.498197,LTC-USDT,114.39,114.65,5605.0,5603.0
2025-07-24T15:29:32.523246,ETH-USDT,3739.95,3742.6,346.0,346.0
2025-07-24T15:29:32.529906,XRP-USDT,3.2326,3.235,255.0,247.0
2025-07-24T15:29:32.744589,SOL-USDT,0.0,0.0,0.0,0.0
2025-07-24T15:29:33.388197,BTC-USDT,119117.0,119148.5,1367.0,1367.0
2025-07-24T15:29:33.498134,LTC-USDT,114.39,114.65,5605.0,5603.0
2025-07-24T15:29:33.524260,ETH-USDT,3739.95,3743.65,346.0,342.0
2025-07-24T15:29:33.529914,XRP-USDT,3.2333,3.2358,247.0,247.0
2025-07-24T15:29:33.751417,SOL-USDT,0.0,0.0,0.0,0.0
2025-07-24T15:29:34.385864,BTC-USDT,119117.0,119148.5,1367.0,1367.0
2025-07-24T15:29:34.498180,LTC-USDT,114.39,114.65,5605.0,5603.0
2025-07-24T15:29:34.523228,ETH-USDT,3739.95,3743.65,346.0,342.0
2025-07-24T15:29:34.530531,XRP-USDT,3.2333,3.2358,247.0,247.0
2025-07-24T15:29:34.747204,SOL-USDT,0.0,0.0,0.0,0.0
2025-07-24T15:29:35.386759,BTC-USDT,119117.0,119148.5,1367.0,1374.0
2025-07-24T15:29:35.497816,LTC-USDT,114.39,114.65,5605.0,5581.0
2025-07-24T15:29:35.523867,ETH-USDT,3740.15,3743.65,342.0,342.0
2025-07-24T15:29:35.530266,XRP-USDT,3.2333,3.2358,247.0,247.0
2025-07-24T15:29:35.744800,SOL-USDT,0.0,0.0,0.0,0.0
2025-07-24T15:29:36.387025,BTC-USDT,119117.0,119136.5,1367.0,1374.0
2025-07-24T15:29:36.498003,LTC-USDT,114.39,114.65,5605.0,5581.0
2025-07-24T15:29:36.523456,ETH-USDT,3739.95,3742.4,346.0,353.0
2025-07-24T15:29:36.529944,XRP-USDT,3.2322,3.2346,247.0,247.0
2025-07-24T15:29:36.745599,SOL-USDT,0.0,0.0,0.0,0.0
2025-07-24T15:29:37.385799,BTC-USDT,119117.0,119136.5,1367.0,1374.0
2025-07-24T15:29:37.498089,LTC-USDT,114.39,114.65,5605.0,5581.0
2025-07-24T15:29:37.523466,ETH-USDT,3739.95,3742.4,346.0,353.0
2025-07-24T15:29:37.529857,XRP-USDT,3.2322,3.2346,247.0,247.0
2025-07-24T15:29:37.744538,SOL-USDT,0.0,0.0,0.0,0.0
2025-07-24T15:29:38.386016,BTC-USDT,119117.0,119137.5,1367.0,1374.0
2025-07-24T15:29:38.498856,LTC-USDT,114.39,114.65,5605.0,5581.0
2025-07-24T15:29:38.523243,ETH-USDT,3739.95,3743.2,346.0,353.0
2025-07-24T15:29:38.529817,XRP-USDT,3.2323,3.2346,250.0,247.0
2025-07-24T15:29:38.745093,SOL-USDT,0.0,0.0,0.0,0.0
2025-07-24T15:29:39.386754,BTC-USDT,119114.5,119137.5,1374.0,1374.0
2025-07-24T15:29:39.498564,LTC-USDT,114.39,114.65,5605.0,8106.0
2025-07-24T15:29:39.523732,ETH-USDT,3739.8,3742.1,100.0,353.0
2025-07-24T15:29:39.529796,XRP-USDT,3.2304,3.2334,250.0,250.0
2025-07-24T15:29:39.744642,SOL-USDT,0.0,0.0,0.0,0.0
2025-07-24T15:29:40.387715,BTC-USDT,119114.5,119135.0,1374.0,1374.0
2025-07-24T15:29:40.498189,LTC-USDT,114.39,114.65,5605.0,8106.0
2025-07-24T15:29:40.523665,ETH-USDT,3739.9,3742.1,353.0,353.0
2025-07-24T15:29:40.530919,XRP-USDT,3.2315,3.2333,250.0,250.0
2025-07-24T15:29:40.744719,SOL-USDT,0.0,0.0,0.0,0.0
2025-07-24T15:29:41.386062,BTC-USDT,119114.5,119142.5,1374.0,1349.0
2025-07-24T15:29:41.498072,LTC-USDT,114.39,114.65,5605.0,8008.0
2025-07-24T15:29:41.523439,ETH-USDT,3739.9,3743.2,353.0,353.0
2025-07-24T15:29:41.529723,XRP-USDT,3.2311,3.2345,250.0,250.0
