timestamp,symbol,bid,ask,bid_vol,ask_vol
2025-07-24T15:28:39.293826,BTC-USDT,119003.5,119003.51,0.5048,0.8569
2025-07-24T15:28:39.293977,ETH-USDT,3741.92,3741.93,40.1288,120.8309
2025-07-24T15:28:39.294012,BTC-USDT,119003.5,119003.51,0.5048,0.8561
2025-07-24T15:28:39.294039,SOL-USDT,189.33,189.34,68.254,424.207
2025-07-24T15:28:39.294064,SOL-USDT,189.33,189.34,68.254,424.207
2025-07-24T15:28:39.440710,BTC-USDT,119003.5,119003.51,0.5048,0.8561
2025-07-24T15:28:39.528597,XRP-USDT,3.237,3.2371,963.45,11560.01
2025-07-24T15:28:39.535367,LTC-USDT,114.44,114.45,19.1204,42.096
2025-07-24T15:28:39.538759,SOL-USDT,189.33,189.34,68.254,424.207
2025-07-24T15:28:39.617993,ETH-USDT,3741.61,3741.62,61.6192,20.8105
2025-07-24T15:28:39.669715,BTC-USDT,119003.5,119003.51,0.5048,0.8568
2025-07-24T15:28:39.855727,SOL-USDT,189.33,189.34,68.254,424.207
2025-07-24T15:28:39.926518,ETH-USDT,3741.55,3741.56,3.4784,59.8771
2025-07-24T15:28:39.998672,BTC-USDT,119003.5,119003.51,0.5048,0.8568
2025-07-24T15:28:40.028395,XRP-USDT,3.2364,3.2365,2881.17,22710.2
2025-07-24T15:28:40.037712,LTC-USDT,114.44,114.45,19.1204,42.096
2025-07-24T15:28:40.163347,SOL-USDT,189.3,189.31,256.3131,501.8765
2025-07-24T15:28:40.334692,BTC-USDT,119003.5,119003.51,0.5048,0.8561
2025-07-24T15:28:40.472733,SOL-USDT,189.3,189.31,137.0615,501.8765
2025-07-24T15:28:40.472882,ETH-USDT,3741.6,3741.77,0.0544,14.9169
2025-07-24T15:28:40.472921,ETH-USDT,3741.6,3741.77,0.0544,14.9169
2025-07-24T15:28:40.529625,XRP-USDT,3.2361,3.2363,6746.46,12647.75
2025-07-24T15:28:40.535772,ETH-USDT,3741.44,3741.77,28.163,14.9169
2025-07-24T15:28:40.536831,LTC-USDT,114.44,114.45,19.1204,42.096
2025-07-24T15:28:40.561397,XRP-USDT,3.2361,3.2362,6746.46,616.08
2025-07-24T15:28:40.561441,BTC-USDT,119003.5,119003.51,0.5048,0.857
2025-07-24T15:28:40.778578,SOL-USDT,189.3,189.31,137.0615,501.8765
2025-07-24T15:28:40.889983,BTC-USDT,119003.5,119003.51,0.5048,0.8552
2025-07-24T15:28:40.894805,ETH-USDT,3741.56,3741.77,0.801,14.9169
2025-07-24T15:28:40.894855,ETH-USDT,3741.56,3741.77,0.801,14.9169
2025-07-24T15:28:40.950038,ETH-USDT,3741.44,3741.77,28.163,14.9169
2025-07-24T15:28:41.037865,LTC-USDT,114.42,114.43,17.7216,52.7378
2025-07-24T15:28:41.041713,XRP-USDT,3.2361,3.2363,6746.46,12647.75
2025-07-24T15:28:41.058815,ETH-USDT,3741.55,3741.56,63.278,52.2439
2025-07-24T15:28:41.086561,SOL-USDT,189.3,189.31,137.0615,501.8765
2025-07-24T15:28:41.226827,BTC-USDT,119003.5,119003.51,0.5048,0.8561
2025-07-24T15:28:41.251186,XRP-USDT,3.2362,3.2363,920.01,12647.75
2025-07-24T15:28:41.367967,ETH-USDT,3741.28,3741.29,0.003,70.9639
2025-07-24T15:28:41.394053,SOL-USDT,189.3,189.31,137.0615,501.8765
2025-07-24T15:28:41.455519,BTC-USDT,119003.5,119003.51,0.5048,0.8552
2025-07-24T15:28:41.530956,XRP-USDT,3.2357,3.2358,691.92,32341.01
2025-07-24T15:28:41.538698,LTC-USDT,114.42,114.43,17.7216,52.7378
2025-07-24T15:28:41.673984,ETH-USDT,3741.22,3741.24,14.3866,95.4901
2025-07-24T15:28:41.781326,BTC-USDT,119003.5,119003.51,0.5048,0.8552
2025-07-24T15:28:41.937079,SOL-USDT,189.26,189.28,1.852,704.7027
2025-07-24T15:28:42.002532,SOL-USDT,189.25,189.28,36.4079,704.7027
2025-07-24T15:28:42.033577,XRP-USDT,3.2351,3.2353,148.14,23698.22
2025-07-24T15:28:42.040199,LTC-USDT,114.42,114.43,17.7216,52.7378
2025-07-24T15:28:42.111953,BTC-USDT,119003.5,119003.51,0.5048,0.8552
2025-07-24T15:28:42.283049,ETH-USDT,3741.21,3741.22,1.0358,95.2297
2025-07-24T15:28:42.310102,SOL-USDT,189.25,189.28,36.4079,704.7027
2025-07-24T15:28:42.401078,SOL-USDT,189.25,189.27,36.4079,0.656
2025-07-24T15:28:42.425528,SOL-USDT,189.25,189.28,36.4079,704.7027
2025-07-24T15:28:42.455694,BTC-USDT,119003.5,119003.51,0.5048,0.8552
2025-07-24T15:28:42.530490,XRP-USDT,3.2349,3.2351,982.89,18679.91
2025-07-24T15:28:42.534150,LTC-USDT,114.42,114.43,17.7216,52.7378
2025-07-24T15:28:42.603984,ETH-USDT,3741.03,3741.04,1.6302,141.0759
2025-07-24T15:28:42.673116,BTC-USDT,119003.5,119003.51,0.5048,0.8552
2025-07-24T15:28:42.825504,SOL-USDT,189.24,189.27,3.4798,1795.9675
2025-07-24T15:28:42.901433,ETH-USDT,3740.95,3740.97,0.0396,141.0759
2025-07-24T15:28:43.001881,BTC-USDT,118978.2,118978.21,1.0341,1.2072
2025-07-24T15:28:43.029953,XRP-USDT,3.2347,3.2348,1751.4,25012.67
2025-07-24T15:28:43.037231,LTC-USDT,114.39,114.41,32.1022,71.6554
2025-07-24T15:28:43.136227,SOL-USDT,189.24,189.27,3.4798,1795.9675
2025-07-24T15:28:43.211265,ETH-USDT,3740.55,3740.76,16.7768,14.1182
2025-07-24T15:28:43.285761,SOL-USDT,189.24,189.26,3.4798,0.1399
2025-07-24T15:28:43.333103,BTC-USDT,118978.2,118978.21,1.0341,1.2072
2025-07-24T15:28:43.347659,SOL-USDT,189.24,189.27,3.4798,1795.9675
2025-07-24T15:28:43.449934,SOL-USDT,189.24,189.27,3.4798,1795.9675
2025-07-24T15:28:43.519935,ETH-USDT,3740.84,3740.85,2.2658,54.3561
2025-07-24T15:28:43.534949,XRP-USDT,3.2345,3.2346,911.97,9946.67
2025-07-24T15:28:43.538135,LTC-USDT,114.39,114.41,32.1022,71.6554
2025-07-24T15:28:43.713716,SOL-USDT,189.26,189.27,0.2285,1795.9675
2025-07-24T15:28:43.713758,BTC-USDT,118978.2,118978.21,1.0341,1.2072
2025-07-24T15:28:43.790870,SOL-USDT,189.24,189.27,3.4798,1795.9675
2025-07-24T15:28:43.938115,BTC-USDT,118978.2,118978.21,1.0341,1.2072
2025-07-24T15:28:44.034987,XRP-USDT,3.2351,3.2352,23696.1,10566.77
2025-07-24T15:28:44.042724,LTC-USDT,114.4,114.41,19.877,23.4826
2025-07-24T15:28:44.098548,SOL-USDT,189.24,189.27,3.4798,1795.9675
2025-07-24T15:28:44.113702,ETH-USDT,3740.43,3740.45,68.9246,13.7993
2025-07-24T15:28:44.113970,SOL-USDT,189.24,189.25,3.4798,1.2702
2025-07-24T15:28:44.191356,BTC-USDT,118978.2,118978.21,1.0341,1.2072
2025-07-24T15:28:44.213543,SOL-USDT,189.24,189.27,3.4798,1795.9675
2025-07-24T15:28:44.422152,SOL-USDT,189.24,189.27,3.4798,1795.9675
2025-07-24T15:28:44.425996,ETH-USDT,3740.53,3740.54,51.0088,17.2265
2025-07-24T15:28:44.496888,BTC-USDT,118978.2,118978.21,1.0341,1.2072
2025-07-24T15:28:44.531434,XRP-USDT,3.2353,3.2354,27038.34,1540.22
2025-07-24T15:28:44.536668,LTC-USDT,114.4,114.41,19.877,23.4826
2025-07-24T15:28:44.650865,ETH-USDT,3740.08,3740.09,0.0058,71.6539
2025-07-24T15:28:44.825644,BTC-USDT,118978.2,118978.21,1.0341,1.2072
2025-07-24T15:28:44.921154,SOL-USDT,189.22,189.23,210.538,80.699
2025-07-24T15:28:44.958041,ETH-USDT,3740.1,3740.11,0.5718,117.2009
2025-07-24T15:28:45.028844,XRP-USDT,3.2349,3.235,27407.76,24174.95
2025-07-24T15:28:45.038526,LTC-USDT,114.4,114.41,19.877,23.4826
2025-07-24T15:28:45.055048,BTC-USDT,118978.2,118978.21,1.0341,1.2072
2025-07-24T15:28:45.279809,SOL-USDT,189.22,189.23,210.538,80.699
2025-07-24T15:28:45.384051,BTC-USDT,118978.2,118978.21,1.0341,1.2072
2025-07-24T15:28:45.417674,ETH-USDT,3739.97,3739.99,0.0144,86.3899
2025-07-24T15:28:45.452364,ETH-USDT,3739.97,3739.98,0.0144,9.878
2025-07-24T15:28:45.452658,ETH-USDT,3739.97,3739.98,0.0144,9.878
2025-07-24T15:28:45.526153,ETH-USDT,3739.97,3739.99,0.0144,86.3899
2025-07-24T15:28:45.530353,XRP-USDT,3.2345,3.2347,9935.73,12944.26
2025-07-24T15:28:45.538111,SOL-USDT,189.16,189.19,30.3643,1172.9524
2025-07-24T15:28:45.542986,LTC-USDT,114.4,114.41,19.877,23.4826
2025-07-24T15:28:45.635903,ETH-USDT,3739.48,3739.49,52.5382,53.1977
2025-07-24T15:28:45.714586,BTC-USDT,118978.2,118978.21,1.0341,1.2072
2025-07-24T15:28:45.861355,SOL-USDT,189.16,189.19,30.3643,1172.9524
2025-07-24T15:28:45.944562,ETH-USDT,3739.4,3739.41,12.3216,40.7161
2025-07-24T15:28:46.032146,XRP-USDT,3.2342,3.2344,591.48,14370.44
2025-07-24T15:28:46.038838,LTC-USDT,114.4,114.41,19.877,23.4826
2025-07-24T15:28:46.054815,BTC-USDT,118978.2,118978.21,1.0341,1.2072
2025-07-24T15:28:46.145663,SOL-USDT,189.18,189.19,0.8664,1172.9524
2025-07-24T15:28:46.155385,ETH-USDT,3739.28,3739.3,5.6306,103.5815
2025-07-24T15:28:46.167732,SOL-USDT,189.17,189.19,188.0665,1172.9524
2025-07-24T15:28:46.289299,BTC-USDT,118978.2,118978.21,1.0341,1.2072
2025-07-24T15:28:46.295430,XRP-USDT,3.2343,3.2344,2140.7,14370.44
2025-07-24T15:28:46.466655,ETH-USDT,3739.03,3739.05,0.003,64.6177
2025-07-24T15:28:46.474931,SOL-USDT,189.15,189.16,80.5764,1148.1641
2025-07-24T15:28:46.534112,XRP-USDT,3.2334,3.2335,284.85,29293.52
2025-07-24T15:28:46.538300,LTC-USDT,114.37,114.38,5.8448,60.8537
2025-07-24T15:28:46.618356,BTC-USDT,118978.2,118978.21,1.0341,1.2072
2025-07-24T15:28:46.774264,ETH-USDT,3739.04,3739.05,14.5304,64.6177
2025-07-24T15:28:46.781555,SOL-USDT,189.12,189.13,199.9121,227.4354
2025-07-24T15:28:46.948560,BTC-USDT,118978.2,118978.21,1.0341,1.2072
2025-07-24T15:28:47.037483,LTC-USDT,114.37,114.38,5.8448,60.8537
2025-07-24T15:28:47.079233,ETH-USDT,3738.86,3738.91,0.003,67.8317
2025-07-24T15:28:47.088833,SOL-USDT,189.12,189.13,199.9121,227.4354
2025-07-24T15:28:47.183753,BTC-USDT,118978.2,118978.21,1.0341,1.2072
2025-07-24T15:28:47.387845,ETH-USDT,3738.74,3738.76,67.7678,32.8841
2025-07-24T15:28:47.396912,SOL-USDT,189.12,189.13,199.9121,51.1675
2025-07-24T15:28:47.512096,BTC-USDT,118978.2,118978.21,1.0341,1.2072
2025-07-24T15:28:47.523460,ETH-USDT,3738.75,3738.76,0.0424,32.8841
2025-07-24T15:28:47.523510,ETH-USDT,3738.75,3738.76,0.0424,32.8841
2025-07-24T15:28:47.528894,XRP-USDT,3.2338,3.234,4207.77,18242.51
2025-07-24T15:28:47.542730,LTC-USDT,114.33,114.34,92.0131,48.9171
2025-07-24T15:28:47.597303,ETH-USDT,3738.74,3738.76,67.7678,32.8841
2025-07-24T15:28:47.731696,ETH-USDT,3738.76,3738.78,45.1218,38.9243
2025-07-24T15:28:47.731737,SOL-USDT,189.07,189.09,161.4607,176.545
2025-07-24T15:28:47.839383,BTC-USDT,118978.2,118978.21,1.0341,1.2072
2025-07-24T15:28:48.010771,ETH-USDT,3738.76,3738.78,45.1218,38.9243
2025-07-24T15:28:48.033371,XRP-USDT,3.2338,3.2339,4207.77,29041.64
2025-07-24T15:28:48.040749,LTC-USDT,114.33,114.34,5.5133,48.9171
2025-07-24T15:28:48.069083,BTC-USDT,118978.2,118978.21,1.0344,1.2072
2025-07-24T15:28:48.370668,SOL-USDT,189.07,189.08,161.4607,0.4061
2025-07-24T15:28:48.400060,BTC-USDT,118978.2,118978.21,1.0344,1.2072
2025-07-24T15:28:48.413115,SOL-USDT,189.07,189.09,161.4607,176.545
2025-07-24T15:28:48.471787,ETH-USDT,3738.77,3738.78,0.001,38.9243
2025-07-24T15:28:48.472194,ETH-USDT,3738.77,3738.78,0.001,38.9243
2025-07-24T15:28:48.518219,ETH-USDT,3738.76,3738.78,45.1218,38.9243
2025-07-24T15:28:48.530768,XRP-USDT,3.2338,3.2339,4207.77,29041.64
2025-07-24T15:28:48.624324,ETH-USDT,3738.86,3738.87,45.369,28.8631
2025-07-24T15:28:48.729248,BTC-USDT,118978.2,118978.21,1.0344,1.2072
2025-07-24T15:28:48.821160,SOL-USDT,189.07,189.09,161.4607,176.545
2025-07-24T15:28:48.963363,BTC-USDT,118978.2,118978.21,1.0344,1.2072
2025-07-24T15:28:49.036812,XRP-USDT,3.2338,3.234,4207.77,18242.51
2025-07-24T15:28:49.042736,LTC-USDT,114.33,114.34,5.5133,48.9171
2025-07-24T15:28:49.072774,XRP-USDT,3.2339,3.234,192.46,18242.51
2025-07-24T15:28:49.130523,SOL-USDT,189.07,189.09,161.4607,176.545
2025-07-24T15:28:49.233378,ETH-USDT,3738.73,3738.74,86.154,27.9857
2025-07-24T15:28:49.286502,BTC-USDT,118978.2,118978.21,1.0344,1.2072
2025-07-24T15:28:49.361968,SOL-USDT,189.08,189.09,1.4583,176.545
2025-07-24T15:28:49.439668,SOL-USDT,189.07,189.09,161.4607,176.545
2025-07-24T15:28:49.538255,XRP-USDT,3.2343,3.2344,1918.25,16057.49
2025-07-24T15:28:49.538308,LTC-USDT,114.33,114.34,5.5133,48.9171
2025-07-24T15:28:49.614866,BTC-USDT,118978.2,118978.21,1.0344,1.2072
2025-07-24T15:28:49.758135,SOL-USDT,189.07,189.09,161.4607,176.545
2025-07-24T15:28:49.843250,ETH-USDT,3738.78,3739.03,123.1116,5.9149
2025-07-24T15:28:49.950219,BTC-USDT,118978.2,118978.21,1.0344,1.2072
2025-07-24T15:28:50.030741,XRP-USDT,3.2349,3.235,2082.24,19112.72
2025-07-24T15:28:50.038797,LTC-USDT,114.33,114.34,5.5133,48.9171
2025-07-24T15:28:50.064734,SOL-USDT,189.12,189.13,315.1228,0.6766
2025-07-24T15:28:50.179184,BTC-USDT,118978.2,118978.21,1.0344,1.2072
2025-07-24T15:28:50.373012,SOL-USDT,189.12,189.13,315.1228,0.6766
2025-07-24T15:28:50.426381,ETH-USDT,3738.86,3738.88,0.2714,28.2415
2025-07-24T15:28:50.510144,BTC-USDT,118978.2,118978.21,1.0344,1.2072
2025-07-24T15:28:50.545548,LTC-USDT,114.37,114.38,57.8084,0.0774
2025-07-24T15:28:50.633860,ETH-USDT,3738.87,3738.88,0.0446,28.2415
2025-07-24T15:28:50.633997,ETH-USDT,3738.87,3738.88,0.0446,28.2415
2025-07-24T15:28:50.682971,SOL-USDT,189.13,189.14,454.5968,0.3919
2025-07-24T15:28:50.730439,ETH-USDT,3739.82,3739.84,1.8874,145.0859
2025-07-24T15:28:50.844496,BTC-USDT,118978.2,118978.21,1.0344,1.2072
2025-07-24T15:28:50.986822,SOL-USDT,189.17,189.19,292.5043,64.3433
2025-07-24T15:28:51.027953,XRP-USDT,3.2359,3.2361,18537.03,11302.07
2025-07-24T15:28:51.057777,ETH-USDT,3739.94,3739.95,64.2156,36.5277
2025-07-24T15:28:51.057818,LTC-USDT,114.4,114.42,81.835,0.1346
2025-07-24T15:28:51.074852,BTC-USDT,118978.2,118978.21,1.0344,1.2072
2025-07-24T15:28:53.332001,LTC-USDT,114.4,114.41,81.835,0.1902
2025-07-24T15:28:53.332044,SOL-USDT,189.17,189.18,292.5043,0.9459
2025-07-24T15:28:53.332080,XRP-USDT,3.2359,3.2361,18537.03,11302.07
2025-07-24T15:28:53.332111,ETH-USDT,3740.09,3740.1,55.8322,2.0049
2025-07-24T15:28:53.332137,ETH-USDT,3740.09,3740.1,55.8322,2.0049
2025-07-24T15:28:53.332160,LTC-USDT,114.4,114.42,81.835,0.1346
2025-07-24T15:28:53.333002,XRP-USDT,3.2359,3.236,18537.03,86.09
2025-07-24T15:28:53.333041,XRP-USDT,3.2359,3.2361,18537.03,11302.07
2025-07-24T15:28:53.333073,LTC-USDT,114.42,114.43,72.7441,40.6323
2025-07-24T15:28:53.333095,LTC-USDT,114.45,114.47,64.0536,0.3543
2025-07-24T15:28:53.333114,ETH-USDT,3742.26,3742.27,38.3332,45.9359
2025-07-24T15:28:53.351411,SOL-USDT,189.3,189.31,211.6643,178.7031
2025-07-24T15:28:53.351455,BTC-USDT,118991.4,118991.41,0.593,0.4725
2025-07-24T15:28:53.414449,ETH-USDT,3742.24,3742.25,48.2786,1.1361
2025-07-24T15:28:53.414492,ETH-USDT,3742.24,3742.25,48.2786,1.1361
2025-07-24T15:28:53.425116,XRP-USDT,3.2381,3.2386,24579.0,1111.05
2025-07-24T15:28:53.434213,LTC-USDT,114.48,114.49,6.0073,35.4426
2025-07-24T15:28:53.450079,ETH-USDT,3742.26,3742.27,38.3332,45.9359
2025-07-24T15:28:53.463893,XRP-USDT,3.2376,3.2378,23680.26,2116.13
2025-07-24T15:28:53.482435,BTC-USDT,119031.0,119031.01,0.9116,0.7701
2025-07-24T15:28:53.526370,XRP-USDT,3.2381,3.2386,24579.0,1111.05
2025-07-24T15:28:53.648014,SOL-USDT,189.3,189.31,211.6643,178.7031
2025-07-24T15:28:53.733818,XRP-USDT,3.2384,3.2386,410.86,1111.05
2025-07-24T15:28:53.812250,BTC-USDT,119031.0,119031.01,0.9116,0.7701
2025-07-24T15:28:53.964642,SOL-USDT,189.3,189.31,211.6643,178.7031
2025-07-24T15:28:53.964707,ETH-USDT,3742.15,3742.16,43.316,49.6865
2025-07-24T15:28:54.037518,XRP-USDT,3.2381,3.2386,24579.0,1111.05
2025-07-24T15:28:54.039703,LTC-USDT,114.48,114.49,6.0073,35.4426
2025-07-24T15:28:54.070068,BTC-USDT,119031.0,119031.01,0.9116,0.7708
2025-07-24T15:28:54.262961,SOL-USDT,189.27,189.28,497.6023,787.3907
2025-07-24T15:28:54.266838,ETH-USDT,3741.8,3741.82,0.006,154.9899
2025-07-24T15:28:54.399033,BTC-USDT,119031.0,119031.01,0.9116,0.7708
2025-07-24T15:28:54.528388,XRP-USDT,3.2376,3.2378,16285.59,8872.7
2025-07-24T15:28:54.537215,ETH-USDT,3741.8,3741.81,0.006,1.2575
2025-07-24T15:28:54.537686,ETH-USDT,3741.8,3741.81,0.006,1.2575
2025-07-24T15:28:54.541117,LTC-USDT,114.47,114.48,37.3048,44.9274
2025-07-24T15:28:54.571018,SOL-USDT,189.27,189.28,497.6023,787.3907
2025-07-24T15:28:54.574118,ETH-USDT,3741.8,3741.82,0.006,154.9899
2025-07-24T15:28:54.728901,BTC-USDT,119031.0,119031.01,0.9116,0.7709
2025-07-24T15:28:54.863995,XRP-USDT,3.2377,3.2378,60.96,8872.7
2025-07-24T15:28:54.878329,SOL-USDT,189.27,189.28,497.6023,787.3907
2025-07-24T15:28:54.885733,ETH-USDT,3741.66,3741.68,0.0192,172.5395
2025-07-24T15:28:54.958779,BTC-USDT,119031.0,119031.01,0.9116,0.7708
2025-07-24T15:28:55.035592,XRP-USDT,3.2376,3.2378,16285.59,8872.7
2025-07-24T15:28:55.049228,LTC-USDT,114.47,114.48,37.3048,44.9274
2025-07-24T15:28:55.185984,SOL-USDT,189.27,189.28,73.1712,787.3907
2025-07-24T15:28:55.295087,BTC-USDT,119031.0,119031.01,0.9116,0.7708
2025-07-24T15:28:55.488413,ETH-USDT,3741.33,3741.34,0.026,1.8155
2025-07-24T15:28:55.488469,ETH-USDT,3741.33,3741.34,0.026,1.8155
2025-07-24T15:28:55.493364,SOL-USDT,189.25,189.26,81.7213,431.7566
2025-07-24T15:28:55.499890,XRP-USDT,3.2371,3.2372,52.96,26235.14
2025-07-24T15:28:55.751524,ETH-USDT,3741.32,3741.33,121.2252,0.001
2025-07-24T15:28:55.751568,ETH-USDT,3741.32,3741.33,121.2252,0.001
2025-07-24T15:28:55.800759,SOL-USDT,189.25,189.26,81.7213,431.7566
2025-07-24T15:28:56.050177,ETH-USDT,3741.33,3741.34,0.0078,1.8155
2025-07-24T15:28:56.050426,ETH-USDT,3741.33,3741.34,0.0078,1.8155
2025-07-24T15:28:56.252621,ETH-USDT,3741.33,3741.34,0.4888,1.8155
2025-07-24T15:28:56.252667,ETH-USDT,3741.33,3741.34,0.4888,1.8155
2025-07-24T15:28:56.457991,ETH-USDT,3741.32,3741.33,121.2252,0.1303
2025-07-24T15:28:56.458032,ETH-USDT,3741.32,3741.33,121.2252,0.1303
2025-07-24T15:28:57.014054,SOL-USDT,189.25,189.26,81.7213,431.7566
2025-07-24T15:28:57.220803,SOL-USDT,189.21,189.22,86.976,54.6902
2025-07-24T15:28:57.285565,XRP-USDT,3.2366,3.2367,28269.99,10725.89
2025-07-24T15:28:57.313097,LTC-USDT,114.45,114.46,0.1742,24.4134
2025-07-24T15:28:57.365745,ETH-USDT,3741.66,3741.68,0.0192,172.5395
2025-07-24T15:28:57.374508,ETH-USDT,3741.18,3741.2,42.2414,41.9907
2025-07-24T15:28:57.400458,BTC-USDT,119031.0,119031.01,0.9116,0.7709
2025-07-24T15:28:57.532889,SOL-USDT,189.21,189.22,86.976,54.6902
2025-07-24T15:28:57.533103,XRP-USDT,3.2366,3.2367,28269.99,10725.89
2025-07-24T15:28:57.586392,ETH-USDT,3741.18,3741.2,42.2414,41.9907
2025-07-24T15:28:57.726011,BTC-USDT,119031.0,119031.01,0.9116,0.7709
2025-07-24T15:28:57.842997,SOL-USDT,189.21,189.22,86.976,54.6902
2025-07-24T15:28:57.863369,ETH-USDT,3741.18,3741.19,42.2414,0.0004
2025-07-24T15:28:57.863414,ETH-USDT,3741.18,3741.19,42.2414,0.0004
2025-07-24T15:28:57.889071,ETH-USDT,3741.18,3741.2,42.2414,41.9907
2025-07-24T15:28:57.955238,BTC-USDT,119031.0,119031.01,0.9116,0.7708
2025-07-24T15:28:58.033081,XRP-USDT,3.2366,3.2367,28269.99,10725.89
2025-07-24T15:28:58.040456,LTC-USDT,114.44,114.45,18.2845,38.4482
2025-07-24T15:28:58.153631,SOL-USDT,189.21,189.22,86.976,54.6902
2025-07-24T15:28:58.200977,ETH-USDT,3741.18,3741.58,24.0,4.2829
2025-07-24T15:28:58.285038,BTC-USDT,119031.0,119031.01,0.9116,0.7708
2025-07-24T15:28:58.460833,SOL-USDT,189.22,189.23,172.1928,105.6992
2025-07-24T15:28:58.510007,ETH-USDT,3741.74,3741.75,0.0058,90.0813
2025-07-24T15:28:58.535265,XRP-USDT,3.237,3.2374,17202.69,4357.28
2025-07-24T15:28:58.544248,LTC-USDT,114.45,114.46,18.3495,30.0879
2025-07-24T15:28:58.618061,BTC-USDT,119031.0,119031.01,0.9116,0.771
2025-07-24T15:28:58.768264,SOL-USDT,189.22,189.23,172.1928,105.6992
2025-07-24T15:28:58.818826,ETH-USDT,3741.74,3741.75,5.2276,90.0813
2025-07-24T15:28:58.943717,BTC-USDT,119031.0,119031.01,0.9116,0.7709
2025-07-24T15:28:58.961251,XRP-USDT,3.2371,3.2374,1119.91,4357.28
2025-07-24T15:28:59.030422,XRP-USDT,3.2372,3.2374,4158.81,4933.35
2025-07-24T15:28:59.038846,LTC-USDT,114.45,114.46,18.3495,30.0879
2025-07-24T15:28:59.175026,BTC-USDT,119031.0,119031.01,0.9116,0.7709
2025-07-24T15:28:59.377104,SOL-USDT,189.22,189.23,172.1928,105.6992
2025-07-24T15:28:59.508209,BTC-USDT,119031.0,119031.01,0.9116,0.7709
2025-07-24T15:28:59.529031,XRP-USDT,3.2372,3.2374,4158.81,576.07
2025-07-24T15:28:59.552236,LTC-USDT,114.45,114.46,18.3495,30.0879
2025-07-24T15:28:59.685905,SOL-USDT,189.22,189.23,172.1928,105.6992
2025-07-24T15:28:59.836196,BTC-USDT,119031.0,119031.01,0.9116,0.7701
2025-07-24T15:28:59.992435,SOL-USDT,189.22,189.23,172.1928,105.6992
2025-07-24T15:29:00.037967,XRP-USDT,3.2374,3.2375,28609.56,6466.27
2025-07-24T15:29:00.038847,LTC-USDT,114.45,114.46,18.3495,30.0879
2025-07-24T15:29:00.068428,BTC-USDT,119031.0,119031.01,0.9116,0.7701
2025-07-24T15:29:00.323585,SOL-USDT,189.21,189.22,69.4507,421.2081
2025-07-24T15:29:00.324524,ETH-USDT,3741.62,3741.64,11.7322,10.3525
2025-07-24T15:29:00.342234,ETH-USDT,3741.55,3741.56,0.025,199.5521
2025-07-24T15:29:00.399802,BTC-USDT,119031.0,119031.01,0.9116,0.7701
2025-07-24T15:29:00.535912,XRP-USDT,3.2366,3.2367,1326.96,23101.16
2025-07-24T15:29:00.539521,LTC-USDT,114.45,114.46,18.3495,30.0879
2025-07-24T15:29:00.554658,ETH-USDT,3741.07,3741.08,19.5928,143.1103
2025-07-24T15:29:00.618180,SOL-USDT,189.21,189.22,69.4507,421.2081
2025-07-24T15:29:00.730433,BTC-USDT,119023.3,119023.31,1.2504,0.9442
2025-07-24T15:29:00.857037,ETH-USDT,3740.39,3740.4,0.006,7.1679
2025-07-24T15:29:00.915714,SOL-USDT,189.14,189.16,28.9678,498.5446
2025-07-24T15:29:00.960523,BTC-USDT,119023.3,119023.31,1.2513,0.9442
2025-07-24T15:29:01.038820,LTC-USDT,114.42,114.44,207.8222,39.4102
2025-07-24T15:29:01.124544,SOL-USDT,189.06,189.07,10.2244,539.6812
2025-07-24T15:29:01.163657,ETH-USDT,3740.03,3740.05,0.0834,153.4039
2025-07-24T15:29:01.290161,BTC-USDT,119023.3,119023.31,1.252,0.9449
2025-07-24T15:29:01.389050,LTC-USDT,114.43,114.44,3.365,81.5854
2025-07-24T15:29:01.594053,ETH-USDT,3739.99,3740.01,0.0834,154.6987
2025-07-24T15:29:01.611093,XRP-USDT,3.2345,3.2346,3349.35,43.71
2025-07-24T15:29:01.618158,LTC-USDT,114.39,114.44,10.4702,81.5854
2025-07-24T15:29:01.639621,BTC-USDT,119023.3,119023.31,1.252,0.9449
2025-07-24T15:29:01.794903,ETH-USDT,3740.28,3740.29,76.7904,22.6323
2025-07-24T15:29:01.801138,SOL-USDT,189.08,189.09,10.2457,192.2589
2025-07-24T15:29:01.867760,BTC-USDT,119014.5,119014.51,0.78,0.7245
2025-07-24T15:29:02.029654,XRP-USDT,3.2351,3.2353,16467.21,10201.37
2025-07-24T15:29:02.113304,SOL-USDT,189.08,189.09,10.2457,192.2589
2025-07-24T15:29:02.196895,BTC-USDT,119014.5,119014.51,0.78,0.7245
2025-07-24T15:29:02.458473,SOL-USDT,189.13,189.14,292.791,0.6026
2025-07-24T15:29:02.458517,XRP-USDT,3.2352,3.2353,40.19,10201.37
2025-07-24T15:29:02.467224,BTC-USDT,119014.5,119014.51,0.78,0.7252
2025-07-24T15:29:02.529321,XRP-USDT,3.2351,3.2353,16467.21,10201.37
2025-07-24T15:29:02.540264,LTC-USDT,114.42,114.43,0.0598,34.4533
2025-07-24T15:29:02.666205,SOL-USDT,189.12,189.14,449.2588,0.6026
2025-07-24T15:29:02.797029,BTC-USDT,119014.5,119014.51,0.78,0.7252
2025-07-24T15:29:02.952230,ETH-USDT,3740.45,3740.46,78.4284,2.6855
2025-07-24T15:29:02.972742,SOL-USDT,189.13,189.14,471.828,156.3558
2025-07-24T15:29:03.030956,XRP-USDT,3.2353,3.2354,24187.77,9467.96
2025-07-24T15:29:03.057567,LTC-USDT,114.42,114.43,0.0598,34.4533
2025-07-24T15:29:03.125654,BTC-USDT,119014.5,119014.51,0.78,0.7253
2025-07-24T15:29:03.259346,ETH-USDT,3740.36,3740.37,144.4832,86.2906
2025-07-24T15:29:03.285712,SOL-USDT,189.13,189.14,471.828,156.3558
2025-07-24T15:29:03.356084,BTC-USDT,119014.5,119014.51,0.78,0.7252
2025-07-24T15:29:03.529500,XRP-USDT,3.2349,3.235,49.86,26852.45
2025-07-24T15:29:03.567665,ETH-USDT,3740.18,3740.2,0.6522,196.2057
2025-07-24T15:29:03.694139,BTC-USDT,119014.5,119014.51,0.78,0.7252
2025-07-24T15:29:03.874034,ETH-USDT,3740.16,3740.18,0.2168,188.6423
2025-07-24T15:29:04.021410,BTC-USDT,119014.5,119014.51,0.78,0.7252
2025-07-24T15:29:04.029945,XRP-USDT,3.2349,3.235,49.86,26852.45
2025-07-24T15:29:04.044495,LTC-USDT,114.42,114.43,0.0598,34.4533
2025-07-24T15:29:04.184405,ETH-USDT,3740.16,3740.18,0.1174,188.6423
2025-07-24T15:29:04.249674,BTC-USDT,119014.5,119014.51,0.78,0.7262
2025-07-24T15:29:04.529963,XRP-USDT,3.2348,3.2349,9656.1,15244.88
2025-07-24T15:29:04.542088,LTC-USDT,114.41,114.42,0.2834,50.9828
2025-07-24T15:29:04.580066,BTC-USDT,119014.5,119014.51,0.78,0.7255
2025-07-24T15:29:04.612481,ETH-USDT,3740.17,3740.18,0.0003,188.6423
2025-07-24T15:29:04.612522,ETH-USDT,3740.17,3740.18,0.0003,188.6423
2025-07-24T15:29:04.688097,ETH-USDT,3740.16,3740.18,0.1174,188.6423
2025-07-24T15:29:04.793548,SOL-USDT,189.11,189.12,5.3046,614.4947
2025-07-24T15:29:04.934596,BTC-USDT,119014.5,119014.51,0.78,0.7255
2025-07-24T15:29:05.029578,XRP-USDT,3.2346,3.2347,10898.19,16113.92
2025-07-24T15:29:05.043730,LTC-USDT,114.41,114.42,0.2834,50.9828
2025-07-24T15:29:05.102676,SOL-USDT,189.11,189.12,5.3046,614.4947
2025-07-24T15:29:05.240835,BTC-USDT,119014.5,119014.51,0.78,0.7252
2025-07-24T15:29:05.313460,ETH-USDT,3740.11,3740.12,0.3282,244.1343
2025-07-24T15:29:05.408399,SOL-USDT,189.11,189.12,5.3046,614.4947
2025-07-24T15:29:05.435837,ETH-USDT,3740.05,3740.06,16.8958,204.5233
2025-07-24T15:29:05.452471,XRP-USDT,3.2343,3.2344,16.12,27983.12
2025-07-24T15:29:05.462487,BTC-USDT,119014.5,119014.51,1.5469,1.2017
2025-07-24T15:29:05.529054,XRP-USDT,3.2342,3.2344,1225.53,27983.12
2025-07-24T15:29:05.539718,LTC-USDT,114.41,114.42,0.2834,50.9828
2025-07-24T15:29:05.717227,SOL-USDT,189.11,189.12,5.3046,614.4947
2025-07-24T15:29:05.743576,ETH-USDT,3740.01,3740.03,6.1226,123.1501
2025-07-24T15:29:05.796575,BTC-USDT,119014.5,119014.51,1.5469,1.2017
2025-07-24T15:29:05.923034,SOL-USDT,189.11,189.12,5.3046,614.4947
2025-07-24T15:29:06.031071,XRP-USDT,3.234,3.2342,641.61,13024.13
2025-07-24T15:29:06.041060,LTC-USDT,114.41,114.42,0.2834,50.9828
2025-07-24T15:29:06.119228,BTC-USDT,119014.5,119014.51,1.5469,1.2024
2025-07-24T15:29:06.237348,SOL-USDT,189.11,189.12,5.3046,614.4947
2025-07-24T15:29:06.451101,BTC-USDT,119014.5,119014.51,1.5469,1.2024
2025-07-24T15:29:06.568826,XRP-USDT,3.234,3.2342,638.73,14143.19
2025-07-24T15:29:06.568871,LTC-USDT,114.41,114.42,0.2834,50.9828
2025-07-24T15:29:06.694513,BTC-USDT,119014.5,119014.51,1.5469,1.2017
2025-07-24T15:29:06.731493,ETH-USDT,3740.02,3740.03,0.0017,123.1501
2025-07-24T15:29:06.731818,ETH-USDT,3740.02,3740.03,0.0017,123.1501
2025-07-24T15:29:06.776555,ETH-USDT,3740.01,3740.03,6.1226,123.1501
2025-07-24T15:29:06.864935,SOL-USDT,189.11,189.12,5.3046,614.4947
2025-07-24T15:29:07.015337,BTC-USDT,119014.5,119014.51,1.5469,1.2017
2025-07-24T15:29:07.039501,LTC-USDT,114.41,114.42,0.2834,50.9828
2025-07-24T15:29:07.183685,ETH-USDT,3739.97,3740.0,0.003,121.1507
2025-07-24T15:29:07.253463,BTC-USDT,119014.5,119014.51,1.5469,1.2026
2025-07-24T15:29:07.480205,SOL-USDT,189.11,189.12,227.827,65.0046
2025-07-24T15:29:07.490355,ETH-USDT,3739.99,3740.0,22.2032,121.1507
2025-07-24T15:29:07.545429,XRP-USDT,3.234,3.2342,1817.91,14143.19
2025-07-24T15:29:07.545474,LTC-USDT,114.41,114.42,0.2834,50.9828
2025-07-24T15:29:07.583558,BTC-USDT,119014.5,119014.51,1.5469,1.2026
2025-07-24T15:29:07.760082,XRP-USDT,3.2341,3.2342,81.14,14143.19
2025-07-24T15:29:07.784896,SOL-USDT,189.11,189.12,227.827,65.0046
2025-07-24T15:29:07.910430,BTC-USDT,119014.5,119014.51,1.5469,1.2026
2025-07-24T15:29:08.028350,XRP-USDT,3.234,3.2342,638.73,14143.19
2025-07-24T15:29:08.048474,LTC-USDT,114.41,114.42,0.2834,50.9828
2025-07-24T15:29:08.088537,SOL-USDT,189.11,189.12,227.827,65.0046
2025-07-24T15:29:08.249423,BTC-USDT,119014.5,119014.51,1.5469,1.2026
2025-07-24T15:29:08.400554,SOL-USDT,189.09,189.1,479.1354,145.5259
2025-07-24T15:29:08.469963,BTC-USDT,119014.5,119014.51,1.5469,1.2025
2025-07-24T15:29:08.528562,XRP-USDT,3.234,3.2342,638.73,14143.19
2025-07-24T15:29:08.539189,LTC-USDT,114.42,114.43,0.0598,14.3059
2025-07-24T15:29:08.703466,SOL-USDT,189.09,189.1,479.1354,145.5259
2025-07-24T15:29:08.798404,BTC-USDT,119014.5,119014.51,1.5469,1.2025
2025-07-24T15:29:09.004929,ETH-USDT,3739.93,3739.94,5.2348,134.4183
2025-07-24T15:29:09.010689,SOL-USDT,189.09,189.1,58.0981,145.5259
2025-07-24T15:29:09.051521,LTC-USDT,114.41,114.42,0.0598,29.6355
2025-07-24T15:29:09.051637,XRP-USDT,3.234,3.2342,638.73,14143.19
2025-07-24T15:29:09.127479,BTC-USDT,119014.5,119014.51,1.5469,1.2025
2025-07-24T15:29:09.224099,SOL-USDT,189.09,189.1,58.0981,145.5259
2025-07-24T15:29:09.311537,ETH-USDT,3739.53,3739.54,0.329,205.8611
2025-07-24T15:29:09.355375,BTC-USDT,119014.5,119014.51,1.5469,1.2032
2025-07-24T15:29:09.537434,SOL-USDT,189.07,189.09,128.3738,1362.1547
2025-07-24T15:29:09.537468,XRP-USDT,3.2334,3.2335,9687.75,25829.15
2025-07-24T15:29:09.539887,LTC-USDT,114.41,114.42,0.0598,29.6355
2025-07-24T15:29:09.733941,BTC-USDT,119014.5,119014.51,1.5469,1.2032
2025-07-24T15:29:09.834878,SOL-USDT,189.07,189.09,0.5336,1362.1547
2025-07-24T15:29:09.919302,ETH-USDT,3739.36,3739.37,6.4084,208.1323
2025-07-24T15:29:09.953231,BTC-USDT,119014.5,119014.51,1.5469,1.2033
2025-07-24T15:29:10.040010,LTC-USDT,114.41,114.42,0.0598,29.6355
2025-07-24T15:29:10.142466,SOL-USDT,189.06,189.07,207.4057,220.5648
2025-07-24T15:29:10.281617,BTC-USDT,119014.5,119014.51,1.5469,1.2017
2025-07-24T15:29:10.529436,XRP-USDT,3.2334,3.2335,9709.08,25829.15
2025-07-24T15:29:10.539648,LTC-USDT,114.39,114.4,5.9033,27.4632
2025-07-24T15:29:10.614092,BTC-USDT,119014.5,119014.51,1.5469,1.2017
2025-07-24T15:29:10.756651,SOL-USDT,189.06,189.07,207.4057,220.5648
2025-07-24T15:29:10.938550,BTC-USDT,119014.5,119014.51,1.5469,1.2017
2025-07-24T15:29:11.040469,XRP-USDT,3.2334,3.2335,9687.75,25829.15
2025-07-24T15:29:11.040535,LTC-USDT,114.39,114.4,5.9033,27.4632
2025-07-24T15:29:11.064288,SOL-USDT,189.0,189.03,83.1995,336.8362
2025-07-24T15:29:11.135993,ETH-USDT,3739.23,3739.24,0.128,167.9493
2025-07-24T15:29:11.168933,BTC-USDT,119014.5,119014.51,1.5469,1.2025
2025-07-24T15:29:11.444297,ETH-USDT,3738.92,3738.93,2.2574,176.7087
2025-07-24T15:29:11.498163,BTC-USDT,119014.5,119014.51,1.5469,1.2025
2025-07-24T15:29:11.545384,XRP-USDT,3.2332,3.2333,9655.02,17451.14
2025-07-24T15:29:11.554918,LTC-USDT,114.36,114.38,12.6009,54.1249
2025-07-24T15:29:11.673521,SOL-USDT,189.0,189.03,83.1995,336.8362
2025-07-24T15:29:11.829314,BTC-USDT,119014.5,119014.51,1.5469,1.2017
2025-07-24T15:29:12.036807,XRP-USDT,3.2329,3.233,32.91,18363.2
2025-07-24T15:29:12.042960,LTC-USDT,114.37,114.38,76.593,54.1249
2025-07-24T15:29:12.072154,BTC-USDT,119014.5,119014.51,1.5469,1.2017
2025-07-24T15:29:12.151028,SOL-USDT,189.01,189.03,0.303,336.8362
2025-07-24T15:29:12.185563,SOL-USDT,189.0,189.03,83.1995,336.8362
2025-07-24T15:29:12.287915,SOL-USDT,189.0,189.03,443.5139,336.8362
2025-07-24T15:29:12.372591,SOL-USDT,189.0,189.02,443.5139,0.7168
2025-07-24T15:29:12.397765,SOL-USDT,189.0,189.03,443.5139,336.8362
2025-07-24T15:29:12.397818,BTC-USDT,119014.5,119014.51,1.5469,1.2027
2025-07-24T15:29:12.529359,XRP-USDT,3.233,3.2332,604.98,15967.62
2025-07-24T15:29:12.539746,LTC-USDT,114.36,114.38,12.6009,54.1249
2025-07-24T15:29:12.601236,SOL-USDT,189.0,189.03,443.5139,336.8362
2025-07-24T15:29:12.724265,BTC-USDT,119014.5,119014.51,1.5469,1.2027
2025-07-24T15:29:12.908876,SOL-USDT,189.0,189.03,83.1995,336.8362
2025-07-24T15:29:12.951795,BTC-USDT,119014.5,119014.51,1.5469,1.2026
2025-07-24T15:29:13.036889,LTC-USDT,114.36,114.38,12.6009,54.1249
2025-07-24T15:29:13.284261,BTC-USDT,119014.5,119014.51,1.5469,1.2034
2025-07-24T15:29:13.464944,ETH-USDT,3738.92,3738.93,29.8672,130.6549
2025-07-24T15:29:13.529206,XRP-USDT,3.2329,3.233,550.44,17111.93
2025-07-24T15:29:13.546516,LTC-USDT,114.36,114.38,12.6009,54.1249
2025-07-24T15:29:13.566646,SOL-USDT,189.02,189.03,0.0489,336.8362
2025-07-24T15:29:13.609574,BTC-USDT,119014.5,119014.51,1.5469,1.2025
2025-07-24T15:29:13.620470,SOL-USDT,189.0,189.03,83.1995,336.8362
2025-07-24T15:29:13.732643,SOL-USDT,189.0,189.03,83.1995,336.8362
2025-07-24T15:29:13.772445,ETH-USDT,3739.05,3739.07,0.2706,90.4157
2025-07-24T15:29:13.943513,BTC-USDT,119014.5,119014.51,1.5469,1.2017
2025-07-24T15:29:14.032286,XRP-USDT,3.2329,3.233,550.44,17111.93
2025-07-24T15:29:14.045898,LTC-USDT,114.36,114.38,12.6009,54.1249
2025-07-24T15:29:14.052066,SOL-USDT,189.0,189.03,83.1995,336.8362
2025-07-24T15:29:14.089771,ETH-USDT,3739.01,3739.02,43.5724,84.0517
2025-07-24T15:29:14.169876,BTC-USDT,119014.5,119014.51,1.5469,1.2025
2025-07-24T15:29:14.357508,SOL-USDT,189.0,189.03,83.1995,336.8362
2025-07-24T15:29:14.395799,ETH-USDT,3738.98,3738.99,15.3202,98.4859
2025-07-24T15:29:14.500063,BTC-USDT,119014.5,119014.51,1.5469,1.2025
2025-07-24T15:29:14.530230,XRP-USDT,3.2327,3.2329,535.23,12743.33
2025-07-24T15:29:14.538281,LTC-USDT,114.36,114.38,30.992,17.8484
2025-07-24T15:29:14.614097,SOL-USDT,189.01,189.03,3.199,336.8362
2025-07-24T15:29:14.664568,SOL-USDT,189.0,189.02,72.5277,802.8267
2025-07-24T15:29:14.702405,ETH-USDT,3738.96,3738.97,14.5294,93.7231
2025-07-24T15:29:14.830164,BTC-USDT,119014.5,119014.51,1.5469,1.2025
2025-07-24T15:29:15.036332,XRP-USDT,3.2327,3.2329,535.23,12743.33
2025-07-24T15:29:15.039161,LTC-USDT,114.36,114.38,30.992,17.8484
2025-07-24T15:29:15.059233,BTC-USDT,119014.5,119014.51,1.5469,1.2017
2025-07-24T15:29:15.273961,SOL-USDT,188.92,188.95,19.6492,525.0934
2025-07-24T15:29:15.315448,ETH-USDT,3738.76,3738.77,0.2914,197.9289
2025-07-24T15:29:15.330383,ETH-USDT,3738.68,3738.69,1.3788,196.5179
2025-07-24T15:29:15.387883,BTC-USDT,119014.5,119014.51,1.5469,1.2017
2025-07-24T15:29:15.528228,XRP-USDT,3.2326,3.2327,10358.19,26636.99
2025-07-24T15:29:15.544080,LTC-USDT,114.36,114.38,30.992,17.8484
2025-07-24T15:29:15.657156,ETH-USDT,3738.68,3738.69,1.3758,196.5179
2025-07-24T15:29:15.718712,BTC-USDT,119014.5,119014.51,1.5469,1.2017
2025-07-24T15:29:15.744870,SOL-USDT,188.92,188.93,19.6492,0.9418
2025-07-24T15:29:15.779723,SOL-USDT,188.92,188.95,19.6492,525.0934
2025-07-24T15:29:15.885749,SOL-USDT,188.92,188.95,19.6492,525.0934
2025-07-24T15:29:16.030209,XRP-USDT,3.2326,3.2327,10358.19,26636.99
2025-07-24T15:29:16.045279,LTC-USDT,114.36,114.38,30.992,17.8484
2025-07-24T15:29:16.060420,BTC-USDT,119014.5,119014.51,1.5469,1.2025
2025-07-24T15:29:16.165016,ETH-USDT,3738.76,3738.77,54.5562,102.5119
2025-07-24T15:29:16.285109,BTC-USDT,119014.5,119014.51,1.5469,1.2025
2025-07-24T15:29:16.317102,SOL-USDT,188.94,188.95,0.8369,525.0934
2025-07-24T15:29:16.393988,SOL-USDT,188.92,188.95,19.6492,525.0934
2025-07-24T15:29:16.473005,ETH-USDT,3739.09,3739.15,95.5094,1.8305
2025-07-24T15:29:16.502840,SOL-USDT,188.92,188.95,19.6492,525.0934
2025-07-24T15:29:16.530414,XRP-USDT,3.2324,3.2325,13143.06,9908.15
2025-07-24T15:29:16.545155,LTC-USDT,114.36,114.38,30.992,17.8484
2025-07-24T15:29:16.615230,BTC-USDT,119014.5,119014.51,1.5469,1.2017
2025-07-24T15:29:16.779885,ETH-USDT,3739.22,3739.53,130.9878,15.2853
2025-07-24T15:29:16.808041,SOL-USDT,188.99,189.0,429.6733,201.3358
2025-07-24T15:29:16.942163,BTC-USDT,119014.5,119014.51,1.5469,1.2017
2025-07-24T15:29:17.017010,SOL-USDT,188.99,189.0,429.6733,201.3358
2025-07-24T15:29:17.026315,XRP-USDT,3.2325,3.2327,8348.85,10484.51
2025-07-24T15:29:17.036403,LTC-USDT,114.39,114.41,71.8536,0.5207
2025-07-24T15:29:17.087657,ETH-USDT,3739.22,3739.33,130.9878,0.2529
2025-07-24T15:29:17.184807,BTC-USDT,119014.5,119014.51,1.5469,1.2017
2025-07-24T15:29:17.324934,SOL-USDT,188.99,189.0,77.9159,259.3308
2025-07-24T15:29:17.397855,ETH-USDT,3738.91,3738.97,1.5144,73.7593
2025-07-24T15:29:17.456585,ETH-USDT,3738.93,3738.97,0.0037,73.7593
2025-07-24T15:29:17.456648,ETH-USDT,3738.93,3738.97,0.0037,73.7593
2025-07-24T15:29:17.500251,BTC-USDT,119014.5,119014.51,1.5469,1.2024
2025-07-24T15:29:17.504545,ETH-USDT,3738.91,3738.97,1.5144,73.7593
2025-07-24T15:29:17.537332,LTC-USDT,114.39,114.41,41.3374,29.3417
2025-07-24T15:29:17.676422,ETH-USDT,3738.95,3738.97,0.6365,73.7593
2025-07-24T15:29:17.676464,ETH-USDT,3738.95,3738.97,0.6365,73.7593
2025-07-24T15:29:17.723379,ETH-USDT,3738.91,3738.97,1.5144,73.7593
2025-07-24T15:29:17.829051,BTC-USDT,119014.5,119014.51,1.5469,1.2033
2025-07-24T15:29:17.943060,SOL-USDT,188.99,189.0,77.9159,259.3308
2025-07-24T15:29:18.189829,ETH-USDT,3738.94,3738.95,35.5028,73.7233
2025-07-24T15:29:18.189871,XRP-USDT,3.2321,3.2323,8514.27,31523.0
2025-07-24T15:29:18.189896,LTC-USDT,114.38,114.39,0.0598,58.8894
2025-07-24T15:29:18.201580,BTC-USDT,119014.5,119014.51,1.5469,1.2034
2025-07-24T15:29:18.267019,ETH-USDT,3738.81,3738.82,1.6116,79.4661
2025-07-24T15:29:18.295195,SOL-USDT,188.9,188.91,6.0416,536.4461
2025-07-24T15:29:18.434569,BTC-USDT,119014.5,119014.51,1.5469,1.2025
2025-07-24T15:29:18.528554,XRP-USDT,3.2319,3.2321,31.63,32401.31
2025-07-24T15:29:18.576101,ETH-USDT,3738.91,3738.97,0.003,55.8853
2025-07-24T15:29:18.603411,SOL-USDT,188.94,188.95,427.656,83.8066
2025-07-24T15:29:18.665521,BTC-USDT,119014.5,119014.51,1.5469,1.2025
2025-07-24T15:29:18.886162,ETH-USDT,3738.85,3738.91,0.003,50.4953
2025-07-24T15:29:18.910376,SOL-USDT,188.94,188.95,427.656,83.8066
2025-07-24T15:29:18.994932,BTC-USDT,119014.5,119014.51,1.5469,1.2025
2025-07-24T15:29:19.029903,XRP-USDT,3.2324,3.2325,11581.65,260.6
2025-07-24T15:29:19.039997,LTC-USDT,114.38,114.39,0.0598,58.8894
2025-07-24T15:29:19.121486,SOL-USDT,188.94,188.95,592.7705,83.8066
2025-07-24T15:29:19.194366,ETH-USDT,3739.26,3739.38,185.9322,0.0319
2025-07-24T15:29:19.328325,BTC-USDT,119014.5,119014.51,1.5469,1.2017
2025-07-24T15:29:19.431759,SOL-USDT,188.96,188.97,23.4062,422.1449
2025-07-24T15:29:19.505009,ETH-USDT,3738.99,3739.01,2.334,98.8697
2025-07-24T15:29:19.529191,XRP-USDT,3.2323,3.2325,44.55,11338.79
2025-07-24T15:29:19.542193,LTC-USDT,114.38,114.39,0.0598,58.8894
2025-07-24T15:29:19.564168,BTC-USDT,119014.5,119014.51,1.5469,1.2026
2025-07-24T15:29:19.593970,XRP-USDT,3.2324,3.2325,14.1,11338.79
2025-07-24T15:29:19.733249,SOL-USDT,188.96,188.97,23.4062,422.1449
2025-07-24T15:29:19.813831,ETH-USDT,3738.89,3738.91,24.151,199.2887
2025-07-24T15:29:19.898430,BTC-USDT,119014.5,119014.51,1.5469,1.2026
2025-07-24T15:29:20.029823,XRP-USDT,3.2319,3.2321,72.64,31848.26
2025-07-24T15:29:20.039253,LTC-USDT,114.38,114.39,0.0598,58.8894
2025-07-24T15:29:20.040988,SOL-USDT,188.93,188.94,4.6195,448.2492
2025-07-24T15:29:20.230750,BTC-USDT,119014.5,119014.51,1.5469,1.2024
2025-07-24T15:29:20.334167,ETH-USDT,3738.86,3738.88,2.355,193.9387
2025-07-24T15:29:20.353058,SOL-USDT,188.93,188.94,4.6195,448.2492
2025-07-24T15:29:20.441931,ETH-USDT,3738.91,3738.93,41.0786,162.1849
2025-07-24T15:29:20.464434,BTC-USDT,119014.5,119014.51,1.5469,1.2024
2025-07-24T15:29:20.539167,LTC-USDT,114.38,114.39,0.0598,58.8894
2025-07-24T15:29:20.655326,ETH-USDT,3739.03,3739.05,47.3164,169.9781
2025-07-24T15:29:20.657301,SOL-USDT,188.93,188.94,4.6195,448.2492
2025-07-24T15:29:20.792068,BTC-USDT,119014.5,119014.51,1.5469,1.2017
2025-07-24T15:29:20.964471,SOL-USDT,188.98,189.0,614.3135,27.9777
2025-07-24T15:29:20.968327,ETH-USDT,3739.03,3739.05,47.3164,169.9781
2025-07-24T15:29:21.032762,XRP-USDT,3.2325,3.2327,13405.14,4430.39
2025-07-24T15:29:21.039106,LTC-USDT,114.38,114.39,0.0598,58.8894
2025-07-24T15:29:23.167123,XRP-USDT,3.2329,3.233,21497.04,9796.82
2025-07-24T15:29:23.167179,LTC-USDT,114.4,114.41,86.7773,73.581
2025-07-24T15:29:23.167218,XRP-USDT,3.2329,3.233,21497.04,9796.82
2025-07-24T15:29:23.167279,LTC-USDT,114.4,114.43,86.7773,0.2672
2025-07-24T15:29:23.167306,XRP-USDT,3.2325,3.2326,13155.57,11895.35
2025-07-24T15:29:23.167329,LTC-USDT,114.4,114.43,86.7773,0.2672
2025-07-24T15:29:23.167350,LTC-USDT,114.4,114.42,86.7773,0.6032
2025-07-24T15:29:23.167368,XRP-USDT,3.2323,3.2324,29.87,29984.9
2025-07-24T15:29:23.167395,LTC-USDT,114.4,114.43,86.7773,0.2672
2025-07-24T15:29:23.179940,BTC-USDT,119014.5,119014.51,1.5469,1.2017
2025-07-24T15:29:23.186807,ETH-USDT,3738.85,3738.86,0.046,242.7999
2025-07-24T15:29:23.193247,SOL-USDT,188.96,188.97,244.6596,528.3302
2025-07-24T15:29:23.214089,BTC-USDT,119014.5,119014.51,1.5469,1.2026
2025-07-24T15:29:23.396691,ETH-USDT,3738.78,3738.79,46.7446,151.7945
2025-07-24T15:29:23.530445,XRP-USDT,3.2319,3.2321,3420.99,30797.51
2025-07-24T15:29:23.538929,LTC-USDT,114.38,114.39,0.0598,34.5989
2025-07-24T15:29:23.558477,BTC-USDT,119014.5,119014.51,1.5469,1.2017
2025-07-24T15:29:23.699451,SOL-USDT,188.96,188.97,244.6596,528.3302
2025-07-24T15:29:23.705497,ETH-USDT,3738.36,3738.37,40.4868,127.4261
2025-07-24T15:29:23.790157,BTC-USDT,119014.5,119014.51,1.5469,1.2017
2025-07-24T15:29:24.015415,ETH-USDT,3737.51,3737.52,53.9452,42.5915
2025-07-24T15:29:24.037845,XRP-USDT,3.2317,3.2318,44.49,26871.44
2025-07-24T15:29:24.037887,LTC-USDT,114.38,114.39,0.0598,34.5989
2025-07-24T15:29:24.122431,BTC-USDT,119014.5,119014.51,1.5469,1.2024
2025-07-24T15:29:24.310476,SOL-USDT,188.94,188.95,177.0684,15.6799
2025-07-24T15:29:24.326174,ETH-USDT,3737.89,3737.91,121.1722,0.2109
2025-07-24T15:29:24.446254,BTC-USDT,119000.2,119000.21,0.8104,0.5446
2025-07-24T15:29:24.484704,ETH-USDT,3737.9,3737.91,0.0064,0.2109
2025-07-24T15:29:24.484745,ETH-USDT,3737.9,3737.91,0.0064,0.2109
2025-07-24T15:29:24.530706,XRP-USDT,3.2319,3.2321,84902.58,17338.55
2025-07-24T15:29:24.538158,ETH-USDT,3737.89,3737.91,121.1722,0.2109
2025-07-24T15:29:24.538833,LTC-USDT,114.37,114.38,13.5122,54.8737
2025-07-24T15:29:24.627093,SOL-USDT,188.94,188.95,177.0684,15.6799
2025-07-24T15:29:24.652014,ETH-USDT,3738.34,3738.57,169.1452,15.8701
2025-07-24T15:29:24.674065,BTC-USDT,119000.2,119000.21,0.8104,0.5446
2025-07-24T15:29:24.838363,SOL-USDT,189.03,189.04,123.7097,122.8109
2025-07-24T15:29:24.889171,ETH-USDT,3738.51,3738.52,139.3358,45.3149
2025-07-24T15:29:25.327500,BTC-USDT,119000.2,119000.21,0.8104,0.5446
2025-07-24T15:29:25.327542,XRP-USDT,3.2326,3.2327,17260.06,10015.88
2025-07-24T15:29:25.327577,LTC-USDT,114.37,114.38,13.5122,54.8737
2025-07-24T15:29:25.327694,SOL-USDT,189.03,189.04,123.7097,122.8109
2025-07-24T15:29:25.334049,ETH-USDT,3738.41,3738.43,116.1996,45.3247
2025-07-24T15:29:25.444455,SOL-USDT,189.03,189.04,123.7097,51.2456
2025-07-24T15:29:25.523247,ETH-USDT,3738.41,3738.42,116.1996,0.0086
2025-07-24T15:29:25.523290,ETH-USDT,3738.41,3738.42,116.1996,0.0086
2025-07-24T15:29:25.535045,XRP-USDT,3.2326,3.2327,17260.06,10015.88
2025-07-24T15:29:25.545405,LTC-USDT,114.39,114.42,66.6952,66.6803
2025-07-24T15:29:25.756321,SOL-USDT,189.03,189.04,123.7097,51.2456
2025-07-24T15:29:25.955694,ETH-USDT,3738.42,3738.43,0.1572,45.3247
2025-07-24T15:29:25.955742,ETH-USDT,3738.42,3738.43,0.1572,45.3247
2025-07-24T15:29:26.041381,LTC-USDT,114.39,114.42,66.6952,66.6803
2025-07-24T15:29:26.063758,SOL-USDT,189.06,189.07,665.9782,64.379
2025-07-24T15:29:26.516063,LTC-USDT,114.4,114.42,0.1575,66.6803
2025-07-24T15:29:26.529793,XRP-USDT,3.2326,3.2327,17260.06,10015.88
2025-07-24T15:29:26.543408,LTC-USDT,114.39,114.42,66.6952,66.6803
2025-07-24T15:29:27.556528,LTC-USDT,114.4,114.41,3.8622,23.3812
2025-07-24T15:29:27.556574,ETH-USDT,3738.48,3738.49,120.0208,17.8611
2025-07-24T15:29:27.556624,BTC-USDT,119000.2,119000.21,0.8104,0.5446
2025-07-24T15:29:27.558690,SOL-USDT,189.08,189.09,170.5183,203.4228
2025-07-24T15:29:27.564453,SOL-USDT,189.12,189.13,215.7774,96.5048
2025-07-24T15:29:27.593152,BTC-USDT,119000.2,119000.21,0.8104,0.5446
2025-07-24T15:29:27.628582,XRP-USDT,3.2327,3.2328,11439.45,143.06
2025-07-24T15:29:27.649404,LTC-USDT,114.39,114.41,42.809,23.3812
2025-07-24T15:29:27.726515,BTC-USDT,119000.2,119000.21,0.8104,0.5446
2025-07-24T15:29:27.852856,ETH-USDT,3738.41,3738.43,71.4032,37.8845
2025-07-24T15:29:27.956696,BTC-USDT,119000.2,119000.21,0.8104,0.5446
2025-07-24T15:29:28.030253,XRP-USDT,3.2328,3.2329,11974.5,10484.33
2025-07-24T15:29:28.160466,ETH-USDT,3738.46,3738.47,49.669,41.5893
2025-07-24T15:29:28.175704,SOL-USDT,189.16,189.17,648.0967,0.3604
2025-07-24T15:29:28.286304,BTC-USDT,119000.2,119000.21,0.8104,0.5446
2025-07-24T15:29:28.470056,ETH-USDT,3738.48,3738.49,81.6198,34.1583
2025-07-24T15:29:28.488493,SOL-USDT,189.16,189.17,648.0967,0.3604
2025-07-24T15:29:28.527947,XRP-USDT,3.2334,3.2335,35708.85,13400.42
2025-07-24T15:29:28.536762,LTC-USDT,114.39,114.41,42.809,23.3812
2025-07-24T15:29:28.618646,BTC-USDT,119000.2,119000.21,0.8104,0.5446
2025-07-24T15:29:28.847894,BTC-USDT,119000.2,119000.21,0.8104,0.5446
2025-07-24T15:29:29.037196,LTC-USDT,114.39,114.41,42.809,23.3812
2025-07-24T15:29:29.091593,SOL-USDT,189.16,189.17,648.0967,0.3604
2025-07-24T15:29:29.185422,BTC-USDT,119000.2,119000.21,0.8104,0.5446
2025-07-24T15:29:29.509632,BTC-USDT,119000.2,119000.21,0.8104,0.5446
2025-07-24T15:29:29.529422,XRP-USDT,3.2334,3.2335,35708.85,13400.42
2025-07-24T15:29:29.539572,LTC-USDT,114.39,114.41,42.809,23.3812
2025-07-24T15:29:29.843441,BTC-USDT,119000.2,119000.21,0.8104,0.5446
2025-07-24T15:29:29.993008,ETH-USDT,3738.35,3738.36,91.212,86.2889
2025-07-24T15:29:30.001675,SOL-USDT,189.16,189.17,648.0967,0.3604
2025-07-24T15:29:30.028062,XRP-USDT,3.2334,3.2335,1471.41,13400.42
2025-07-24T15:29:30.040916,LTC-USDT,114.39,114.41,42.809,23.3812
2025-07-24T15:29:30.069654,BTC-USDT,119000.2,119000.21,0.8104,0.5446
2025-07-24T15:29:30.316191,SOL-USDT,189.16,189.17,648.0967,0.3604
2025-07-24T15:29:30.394278,BTC-USDT,119000.2,119000.21,0.8104,0.5446
2025-07-24T15:29:30.521135,SOL-USDT,189.16,189.17,648.0967,0.3604
2025-07-24T15:29:30.537710,XRP-USDT,3.2328,3.2329,9656.1,25769.21
2025-07-24T15:29:30.537753,LTC-USDT,114.38,114.39,8.7945,17.9875
2025-07-24T15:29:30.722278,BTC-USDT,119000.2,119000.21,0.8104,0.5446
2025-07-24T15:29:30.830983,SOL-USDT,189.16,189.17,648.0967,0.3604
2025-07-24T15:29:30.949591,BTC-USDT,119000.2,119000.21,0.8104,0.5446
2025-07-24T15:29:31.032104,XRP-USDT,3.2328,3.2329,9656.1,25769.21
2025-07-24T15:29:31.037162,LTC-USDT,114.39,114.41,6.4519,27.4515
2025-07-24T15:29:31.136677,SOL-USDT,189.16,189.17,648.0967,0.3604
2025-07-24T15:29:31.278180,BTC-USDT,119000.2,119000.21,0.8104,0.5446
2025-07-24T15:29:31.446067,SOL-USDT,189.16,189.17,648.0967,0.3604
2025-07-24T15:29:31.529132,XRP-USDT,3.2325,3.2327,678.24,14444.69
2025-07-24T15:29:31.538775,LTC-USDT,114.39,114.41,6.4519,27.4515
2025-07-24T15:29:31.604884,BTC-USDT,119000.2,119000.21,0.8104,0.5446
2025-07-24T15:29:31.760102,SOL-USDT,189.16,189.17,648.0967,0.3604
2025-07-24T15:29:31.932932,BTC-USDT,119000.2,119000.21,0.8104,0.5446
2025-07-24T15:29:32.034174,XRP-USDT,3.2323,3.2325,32.18,15616.76
2025-07-24T15:29:32.041285,LTC-USDT,114.39,114.41,6.4519,27.4515
2025-07-24T15:29:32.170647,BTC-USDT,119000.2,119000.21,0.8104,0.5446
2025-07-24T15:29:32.498383,BTC-USDT,119000.2,119000.21,0.8104,0.5446
2025-07-24T15:29:32.530440,XRP-USDT,3.2322,3.2323,601.2,24882.17
2025-07-24T15:29:32.540148,LTC-USDT,114.39,114.41,6.4519,27.4515
2025-07-24T15:29:32.754983,BTC-USDT,119000.2,119000.21,0.8104,0.5446
2025-07-24T15:29:32.944891,SOL-USDT,189.16,189.17,648.0967,0.3604
2025-07-24T15:29:33.027187,XRP-USDT,3.2321,3.2322,48.13,31269.2
2025-07-24T15:29:33.082822,BTC-USDT,119000.2,119000.21,0.8104,0.5446
2025-07-24T15:29:33.181793,LTC-USDT,114.39,114.4,6.4519,0.4566
2025-07-24T15:29:33.249137,ETH-USDT,3738.6,3738.61,123.4958,43.3218
2025-07-24T15:29:33.251804,SOL-USDT,189.18,189.19,187.0185,182.1599
2025-07-24T15:29:33.414943,BTC-USDT,119000.2,119000.21,0.8104,0.5446
2025-07-24T15:29:33.536711,LTC-USDT,114.39,114.41,6.4519,27.4515
2025-07-24T15:29:33.542385,XRP-USDT,3.2321,3.2322,48.13,31269.2
2025-07-24T15:29:33.556551,ETH-USDT,3738.6,3738.61,246.9916,43.3218
2025-07-24T15:29:33.559700,SOL-USDT,189.23,189.24,483.7112,384.0312
2025-07-24T15:29:33.751478,BTC-USDT,119000.2,119000.21,0.8104,0.5446
2025-07-24T15:29:33.864340,ETH-USDT,3739.28,3739.3,96.2038,25.1897
2025-07-24T15:29:33.867186,SOL-USDT,189.23,189.25,483.7112,438.4558
2025-07-24T15:29:33.975657,BTC-USDT,119000.2,119000.21,0.8104,0.5446
2025-07-24T15:29:34.028047,XRP-USDT,3.2329,3.233,40586.67,25722.53
2025-07-24T15:29:34.039771,LTC-USDT,114.39,114.41,6.4519,27.4515
2025-07-24T15:29:34.052306,SOL-USDT,189.23,189.24,483.7112,0.2348
2025-07-24T15:29:34.074743,SOL-USDT,189.23,189.25,483.7112,438.4558
2025-07-24T15:29:34.181826,SOL-USDT,189.19,189.2,80.3996,155.2295
2025-07-24T15:29:34.307659,BTC-USDT,119000.2,119000.21,0.8104,0.5446
2025-07-24T15:29:34.448956,ETH-USDT,3739.28,3739.29,96.2038,0.0017
2025-07-24T15:29:34.449013,ETH-USDT,3739.28,3739.29,96.2038,0.0017
2025-07-24T15:29:34.476038,ETH-USDT,3739.28,3739.3,96.2038,25.1897
2025-07-24T15:29:34.489734,SOL-USDT,189.19,189.2,80.3996,155.2295
2025-07-24T15:29:34.528848,XRP-USDT,3.2329,3.233,40586.67,10610.18
2025-07-24T15:29:34.536026,LTC-USDT,114.42,114.43,151.5748,0.004
2025-07-24T15:29:34.637636,BTC-USDT,119000.2,119000.21,0.8104,0.5446
2025-07-24T15:29:34.746716,ETH-USDT,3739.29,3739.3,0.0341,25.1897
2025-07-24T15:29:34.747169,ETH-USDT,3739.29,3739.3,0.0341,25.1897
2025-07-24T15:29:34.783458,ETH-USDT,3739.28,3739.3,96.2038,25.1897
2025-07-24T15:29:34.799651,SOL-USDT,189.19,189.2,80.3996,155.2295
2025-07-24T15:29:34.861951,BTC-USDT,119000.2,119000.21,0.8104,0.5446
2025-07-24T15:29:35.027955,XRP-USDT,3.2328,3.2329,21290.4,11526.56
2025-07-24T15:29:35.036436,LTC-USDT,114.42,114.44,40.4794,20.0025
2025-07-24T15:29:35.346943,SOL-USDT,189.19,189.2,80.3996,155.2295
2025-07-24T15:29:35.346991,ETH-USDT,3739.29,3739.3,1.3515,25.1897
2025-07-24T15:29:35.347019,ETH-USDT,3739.29,3739.3,1.3515,25.1897
2025-07-24T15:29:35.357899,BTC-USDT,119000.2,119000.21,0.8104,0.5446
2025-07-24T15:29:35.442067,ETH-USDT,3739.28,3739.3,96.2038,25.1897
2025-07-24T15:29:35.473892,BTC-USDT,119000.2,119000.21,0.8104,0.5446
2025-07-24T15:29:35.532794,XRP-USDT,3.2328,3.2329,21290.4,11526.56
2025-07-24T15:29:35.541111,LTC-USDT,114.42,114.44,40.4794,168.4663
2025-07-24T15:29:35.640389,SOL-USDT,189.14,189.16,346.8238,517.786
2025-07-24T15:29:35.682999,ETH-USDT,3739.28,3739.29,96.2038,0.0754
2025-07-24T15:29:35.683041,ETH-USDT,3739.28,3739.29,96.2038,0.0754
2025-07-24T15:29:35.743025,ETH-USDT,3739.28,3739.3,96.2038,25.1897
2025-07-24T15:29:35.803667,BTC-USDT,119000.2,119000.21,0.8104,0.5446
2025-07-24T15:29:35.950717,SOL-USDT,189.13,189.16,7.4628,517.786
2025-07-24T15:29:35.950768,SOL-USDT,189.12,189.16,62.275,517.786
2025-07-24T15:29:35.956504,ETH-USDT,3738.68,3738.72,0.0058,213.2945
2025-07-24T15:29:36.031234,XRP-USDT,3.2322,3.2323,46.15,33296.57
2025-07-24T15:29:36.041154,LTC-USDT,114.41,114.42,18.3638,30.3427
2025-07-24T15:29:36.132854,BTC-USDT,119000.2,119000.21,0.8104,0.5446
2025-07-24T15:29:36.152785,SOL-USDT,189.12,189.14,62.275,91.4783
2025-07-24T15:29:36.159052,SOL-USDT,189.12,189.16,62.275,517.786
2025-07-24T15:29:36.268296,SOL-USDT,189.11,189.12,93.6992,691.4724
2025-07-24T15:29:36.268338,ETH-USDT,3738.29,3738.3,44.4892,143.6611
2025-07-24T15:29:36.359570,BTC-USDT,119000.2,119000.21,0.8104,0.5446
2025-07-24T15:29:36.529487,XRP-USDT,3.2315,3.2317,42121.44,28123.37
2025-07-24T15:29:36.539068,LTC-USDT,114.39,114.41,18.4847,19.3954
2025-07-24T15:29:36.570957,SOL-USDT,189.11,189.12,93.6992,691.4724
2025-07-24T15:29:36.572983,ETH-USDT,3738.18,3738.2,0.003,139.4967
2025-07-24T15:29:36.688449,BTC-USDT,119000.2,119000.21,0.8104,0.5446
2025-07-24T15:29:36.884102,ETH-USDT,3738.13,3738.14,11.4116,172.9617
2025-07-24T15:29:37.015759,BTC-USDT,119000.2,119000.21,0.8104,0.5446
2025-07-24T15:29:37.030681,XRP-USDT,3.2317,3.2319,42603.93,14845.67
2025-07-24T15:29:37.040564,LTC-USDT,114.39,114.41,80.8474,19.3954
2025-07-24T15:29:37.181389,SOL-USDT,189.11,189.12,93.6992,691.4724
2025-07-24T15:29:37.194678,ETH-USDT,3738.08,3738.09,62.084,172.9497
2025-07-24T15:29:37.254931,BTC-USDT,119000.2,119000.21,0.8104,0.5446
2025-07-24T15:29:37.489760,SOL-USDT,189.11,189.12,14.1787,691.4724
2025-07-24T15:29:37.532777,XRP-USDT,3.2316,3.2317,14063.54,21464.09
2025-07-24T15:29:37.583109,BTC-USDT,119000.2,119000.21,0.8104,0.5446
2025-07-24T15:29:37.794513,SOL-USDT,189.12,189.13,103.0138,201.7016
2025-07-24T15:29:37.813633,ETH-USDT,3738.63,3738.64,44.7702,92.3027
2025-07-24T15:29:37.914158,BTC-USDT,119000.2,119000.21,0.8104,0.5446
2025-07-24T15:29:38.030430,XRP-USDT,3.2315,3.2317,56922.48,21464.09
2025-07-24T15:29:38.048017,LTC-USDT,114.39,114.41,18.4847,19.3954
2025-07-24T15:29:38.104874,SOL-USDT,189.15,189.16,294.6225,13.0458
2025-07-24T15:29:38.114889,ETH-USDT,3738.63,3738.64,44.7702,76.0433
2025-07-24T15:29:38.242110,BTC-USDT,119000.2,119000.21,0.8104,0.5446
2025-07-24T15:29:38.409194,SOL-USDT,189.15,189.16,294.6225,13.0458
2025-07-24T15:29:38.423591,ETH-USDT,3738.57,3738.58,42.446,62.5429
2025-07-24T15:29:38.469572,BTC-USDT,119000.2,119000.21,0.8104,0.5446
2025-07-24T15:29:38.534416,XRP-USDT,3.2317,3.2318,38385.81,9847.52
2025-07-24T15:29:38.538672,LTC-USDT,114.39,114.41,18.4847,19.3954
2025-07-24T15:29:38.617000,SOL-USDT,189.15,189.16,294.6225,13.0458
2025-07-24T15:29:38.734865,ETH-USDT,3738.41,3738.55,0.0028,20.3715
2025-07-24T15:29:38.797992,BTC-USDT,119000.2,119000.21,0.8104,0.5446
2025-07-24T15:29:38.924911,SOL-USDT,189.12,189.14,93.5703,329.9844
2025-07-24T15:29:39.030479,XRP-USDT,3.2315,3.2317,38111.76,11061.98
2025-07-24T15:29:39.039273,LTC-USDT,114.39,114.41,18.4847,19.3954
2025-07-24T15:29:39.045110,ETH-USDT,3738.19,3738.2,25.9082,187.1095
2025-07-24T15:29:39.126015,BTC-USDT,119000.2,119000.21,0.8104,0.5446
2025-07-24T15:29:39.231030,SOL-USDT,189.12,189.14,93.5703,329.9844
2025-07-24T15:29:39.357461,BTC-USDT,119000.2,119000.21,0.8104,0.5446
2025-07-24T15:29:39.528409,XRP-USDT,3.2304,3.2306,8021.16,16109.45
2025-07-24T15:29:39.537583,LTC-USDT,114.39,114.41,18.4847,19.3954
2025-07-24T15:29:39.539915,SOL-USDT,189.1,189.12,16.7142,511.8743
2025-07-24T15:29:39.560181,ETH-USDT,3737.42,3737.43,0.0126,193.8751
2025-07-24T15:29:39.682375,BTC-USDT,119000.2,119000.21,0.8104,0.5446
2025-07-24T15:29:39.847420,SOL-USDT,189.09,189.1,426.0845,241.9347
2025-07-24T15:29:39.866158,ETH-USDT,3737.32,3737.33,96.142,44.7159
2025-07-24T15:29:40.010755,BTC-USDT,119000.2,119000.21,0.8104,0.5446
2025-07-24T15:29:40.027409,XRP-USDT,3.2304,3.2305,12228.84,13481.18
2025-07-24T15:29:40.038490,LTC-USDT,114.39,114.4,0.1807,61.7611
2025-07-24T15:29:40.155088,SOL-USDT,189.09,189.1,199.1148,241.9347
2025-07-24T15:29:40.342563,BTC-USDT,119000.2,119000.21,0.8104,0.5446
2025-07-24T15:29:40.532941,XRP-USDT,3.2304,3.2305,12228.84,13481.18
2025-07-24T15:29:40.532982,ETH-USDT,3737.7,3737.71,214.8502,17.2329
2025-07-24T15:29:40.538358,LTC-USDT,114.36,114.38,18.5198,57.2553
2025-07-24T15:29:40.569565,BTC-USDT,119000.2,119000.21,0.8104,0.5446
2025-07-24T15:29:40.750459,ETH-USDT,3738.07,3738.08,150.854,0.8233
2025-07-24T15:29:40.764069,SOL-USDT,189.12,189.13,557.1323,77.5259
2025-07-24T15:29:40.896354,BTC-USDT,119000.2,119000.21,0.8104,0.5446
2025-07-24T15:29:41.033195,XRP-USDT,3.2317,3.2318,13846.86,16764.65
2025-07-24T15:29:41.036485,LTC-USDT,114.36,114.38,18.5198,57.2553
2025-07-24T15:29:41.060479,ETH-USDT,3738.55,3738.57,112.0114,21.4817
2025-07-24T15:29:41.071274,SOL-USDT,189.12,189.13,557.1323,77.5259
2025-07-24T15:29:41.223005,BTC-USDT,119000.2,119000.21,0.8104,0.5446
2025-07-24T15:29:41.367446,ETH-USDT,3738.51,3738.52,81.574,79.5837
2025-07-24T15:29:41.384187,SOL-USDT,189.15,189.16,317.8131,524.075
2025-07-24T15:29:41.453905,BTC-USDT,119000.2,119000.21,0.8104,0.5446
2025-07-24T15:29:41.527817,XRP-USDT,3.2317,3.2318,13846.86,16764.65
2025-07-24T15:29:41.540808,LTC-USDT,114.39,114.4,82.2341,14.6634
