timestamp,symbol,bid,ask,bid_vol,ask_vol
2025-07-24T06:13:26.937612,BTC-USDT,117687.9,117687.91,1.2111,1.0849
2025-07-24T06:13:26.937783,ETH-USDT,3559.96,3559.97,1.0044,130.0052
2025-07-24T06:13:26.937821,BTC-USDT,117687.9,117687.91,1.2093,1.0849
2025-07-24T06:13:26.937848,SOL-USDT,183.1,183.12,202.1934,242.7863
2025-07-24T06:13:27.036825,BTC-USDT,117687.9,117687.91,1.2093,1.0849
2025-07-24T06:13:27.145729,XRP-USDT,3.0712,3.0713,46.33,27492.18
2025-07-24T06:13:27.153537,LTC-USDT,109.34,109.36,35.9974,83.7148
2025-07-24T06:13:27.271379,SOL-USDT,183.1,183.12,202.1934,242.7863
2025-07-24T06:13:27.291847,ETH-USDT,3559.86,3559.87,2.6137,197.7322
2025-07-24T06:13:27.350380,BTC-USDT,117687.9,117687.91,1.2093,1.0849
2025-07-24T06:13:27.402182,SOL-USDT,183.11,183.12,0.4293,242.7863
2025-07-24T06:13:27.485981,SOL-USDT,183.1,183.12,202.1934,242.7863
2025-07-24T06:13:27.587728,SOL-USDT,183.1,183.12,202.1934,242.7863
2025-07-24T06:13:27.606570,ETH-USDT,3559.82,3559.83,4.9316,198.9988
2025-07-24T06:13:27.657034,LTC-USDT,109.3,109.33,29.3687,104.754
2025-07-24T06:13:27.657682,XRP-USDT,3.0712,3.0713,46.33,27492.18
2025-07-24T06:13:27.669050,BTC-USDT,117687.9,117687.91,1.2102,1.0849
2025-07-24T06:13:27.796925,SOL-USDT,183.1,183.12,202.1934,242.7863
2025-07-24T06:13:27.817733,ETH-USDT,3559.66,3559.68,0.006,180.1702
2025-07-24T06:13:27.979811,BTC-USDT,117687.9,117687.91,1.2102,1.0849
2025-07-24T06:13:28.105451,SOL-USDT,183.1,183.12,202.1934,242.7863
2025-07-24T06:13:28.159066,LTC-USDT,109.29,109.32,23.1716,66.4521
2025-07-24T06:13:28.161421,XRP-USDT,3.0708,3.0709,187.92,24183.87
2025-07-24T06:13:28.291609,BTC-USDT,117687.9,117687.91,1.2093,1.0849
2025-07-24T06:13:28.360977,SOL-USDT,183.11,183.12,0.5162,242.7863
2025-07-24T06:13:28.418932,SOL-USDT,183.1,183.12,202.1934,242.7863
2025-07-24T06:13:28.503244,BTC-USDT,117687.9,117687.91,1.2101,1.0849
2025-07-24T06:13:28.658958,LTC-USDT,109.33,109.34,2.6459,30.8295
2025-07-24T06:13:28.661598,XRP-USDT,3.0706,3.0707,180.99,23515.53
2025-07-24T06:13:28.728114,SOL-USDT,183.09,183.1,69.5738,265.7831
2025-07-24T06:13:28.737279,ETH-USDT,3559.69,3559.7,45.4986,172.4208
2025-07-24T06:13:28.817380,BTC-USDT,117687.9,117687.91,1.2101,1.0849
2025-07-24T06:13:29.048752,ETH-USDT,3559.72,3559.74,0.0062,173.5116
2025-07-24T06:13:29.129146,BTC-USDT,117687.9,117687.91,1.2103,1.0849
2025-07-24T06:13:29.163729,LTC-USDT,109.3,109.33,36.0026,53.0348
2025-07-24T06:13:29.163772,XRP-USDT,3.0703,3.0704,668.16,420.66
2025-07-24T06:13:29.339210,SOL-USDT,183.09,183.1,69.5738,265.7831
2025-07-24T06:13:29.371975,ETH-USDT,3559.61,3559.62,0.03,217.9306
2025-07-24T06:13:29.544663,BTC-USDT,117687.9,117687.91,1.2103,1.0849
2025-07-24T06:13:29.649618,SOL-USDT,183.09,183.1,69.5738,265.7831
2025-07-24T06:13:29.657194,LTC-USDT,109.3,109.33,89.59,53.0348
2025-07-24T06:13:29.662831,XRP-USDT,3.0701,3.0702,525.78,8242.08
2025-07-24T06:13:29.756832,BTC-USDT,117687.9,117687.91,1.2103,1.0849
2025-07-24T06:13:29.960325,SOL-USDT,183.09,183.1,69.5738,265.7831
2025-07-24T06:13:30.069358,BTC-USDT,117687.9,117687.91,1.2101,1.0849
2025-07-24T06:13:30.153064,LTC-USDT,109.3,109.33,36.0026,53.0348
2025-07-24T06:13:30.268373,SOL-USDT,183.09,183.1,69.5738,265.7831
2025-07-24T06:13:30.289199,ETH-USDT,3559.55,3559.57,1.23,227.4539
2025-07-24T06:13:30.382619,BTC-USDT,117687.9,117687.91,1.2101,1.0849
2025-07-24T06:13:30.405860,LTC-USDT,109.31,109.33,0.4916,53.0348
2025-07-24T06:13:30.578724,SOL-USDT,183.08,183.09,427.7092,469.4218
2025-07-24T06:13:30.601351,ETH-USDT,3555.0,3558.43,0.0566,31.1415
2025-07-24T06:13:30.656759,LTC-USDT,109.3,109.31,13.9481,53.0517
2025-07-24T06:13:30.660434,XRP-USDT,3.0701,3.0702,525.78,8242.08
2025-07-24T06:13:30.698359,BTC-USDT,117687.9,117687.91,1.2101,1.0849
2025-07-24T06:13:30.787589,SOL-USDT,183.06,183.07,113.9345,224.6076
2025-07-24T06:13:30.814343,ETH-USDT,3558.3,3558.35,0.88,20.7507
2025-07-24T06:13:30.912656,BTC-USDT,117675.8,117675.81,1.0712,1.1258
2025-07-24T06:13:31.096693,SOL-USDT,183.06,183.07,113.9345,224.6076
2025-07-24T06:13:31.130189,ETH-USDT,3558.34,3558.35,134.59,20.7507
2025-07-24T06:13:31.155545,LTC-USDT,109.28,109.3,34.7676,69.771
2025-07-24T06:13:31.161698,XRP-USDT,3.0694,3.0696,14212.62,40132.74
2025-07-24T06:13:31.220263,BTC-USDT,117675.8,117675.81,1.072,1.1258
2025-07-24T06:13:31.406307,SOL-USDT,183.06,183.07,113.9345,224.6076
2025-07-24T06:13:31.532286,BTC-USDT,117675.8,117675.81,1.072,1.1258
2025-07-24T06:13:31.655761,XRP-USDT,3.0692,3.0694,596.52,20028.12
2025-07-24T06:13:31.660919,LTC-USDT,109.28,109.29,13.5832,30.8919
2025-07-24T06:13:31.714954,SOL-USDT,183.06,183.07,113.9345,224.6076
2025-07-24T06:13:31.846465,BTC-USDT,117675.8,117675.81,1.072,1.1267
2025-07-24T06:13:32.160219,ETH-USDT,3558.34,3558.35,61.536,96.3699
2025-07-24T06:13:32.160263,BTC-USDT,117675.8,117675.81,1.072,1.1267
2025-07-24T06:13:32.162951,XRP-USDT,3.0692,3.0694,596.52,20028.12
2025-07-24T06:13:32.162991,LTC-USDT,109.28,109.29,11.846,30.8919
2025-07-24T06:13:32.180445,SOL-USDT,183.08,183.09,164.4007,433.2
2025-07-24T06:13:32.289489,SOL-USDT,183.08,183.09,164.4007,158.6882
2025-07-24T06:13:32.437016,XRP-USDT,3.0693,3.0694,31.18,20028.12
2025-07-24T06:13:32.481120,BTC-USDT,117675.8,117675.81,1.072,1.1267
2025-07-24T06:13:32.597198,SOL-USDT,183.08,183.09,164.4007,158.6882
2025-07-24T06:13:32.654827,LTC-USDT,109.28,109.29,11.846,30.8919
2025-07-24T06:13:32.670117,XRP-USDT,3.0692,3.0693,8410.05,447.45
2025-07-24T06:13:32.791238,BTC-USDT,117675.8,117675.81,1.0712,1.1265
2025-07-24T06:13:32.905378,SOL-USDT,183.09,183.1,728.6069,50.7169
2025-07-24T06:13:32.974376,ETH-USDT,3558.39,3558.53,109.1412,13.4623
2025-07-24T06:13:33.006257,BTC-USDT,117675.8,117675.81,1.0721,1.1265
2025-07-24T06:13:33.155685,LTC-USDT,109.3,109.31,22.025,22.9671
2025-07-24T06:13:33.163634,XRP-USDT,3.0692,3.0693,7813.53,447.45
2025-07-24T06:13:33.221903,SOL-USDT,183.09,183.1,728.6069,50.7169
2025-07-24T06:13:33.320478,BTC-USDT,117675.8,117675.81,1.0719,1.1266
2025-07-24T06:13:33.481370,ETH-USDT,3558.46,3558.53,0.0436,13.4623
2025-07-24T06:13:33.489683,ETH-USDT,3558.39,3558.53,109.1412,13.4623
2025-07-24T06:13:33.600029,ETH-USDT,3558.5,3558.51,107.2296,5.8079
2025-07-24T06:13:33.629230,BTC-USDT,117675.8,117675.81,1.0719,1.1273
2025-07-24T06:13:33.655969,LTC-USDT,109.31,109.33,23.3237,59.4087
2025-07-24T06:13:33.659123,XRP-USDT,3.0698,3.0702,19923.12,1805.34
2025-07-24T06:13:33.811683,ETH-USDT,3558.5,3558.51,107.2296,5.8079
2025-07-24T06:13:33.824794,SOL-USDT,183.09,183.1,728.6069,50.7169
2025-07-24T06:13:33.943696,BTC-USDT,117675.8,117675.81,1.0719,1.1273
2025-07-24T06:13:33.999602,LTC-USDT,109.32,109.33,0.2985,59.4087
2025-07-24T06:13:34.125612,ETH-USDT,3558.49,3558.62,109.2794,12.4857
2025-07-24T06:13:34.133336,SOL-USDT,183.09,183.1,728.6069,50.7169
2025-07-24T06:13:34.154258,LTC-USDT,109.28,109.3,15.902,34.7698
2025-07-24T06:13:34.164148,XRP-USDT,3.0691,3.0692,15134.76,1155.12
2025-07-24T06:13:34.255240,BTC-USDT,117675.8,117675.81,1.072,1.1266
2025-07-24T06:13:34.569801,BTC-USDT,117675.8,117675.81,1.073,1.1275
2025-07-24T06:13:34.620511,ETH-USDT,3558.49,3558.55,109.2794,0.0075
2025-07-24T06:13:34.637589,ETH-USDT,3558.49,3558.62,109.2794,12.4857
2025-07-24T06:13:34.660823,LTC-USDT,109.29,109.31,24.1271,34.7698
2025-07-24T06:13:34.661319,XRP-USDT,3.0691,3.0692,15134.76,1155.12
2025-07-24T06:13:34.757261,ETH-USDT,3558.38,3558.4,0.003,2.1841
2025-07-24T06:13:34.884663,BTC-USDT,117675.8,117675.81,1.0731,1.1267
2025-07-24T06:13:35.154496,LTC-USDT,109.3,109.31,48.7578,34.7698
2025-07-24T06:13:35.157407,XRP-USDT,3.0687,3.0688,45.0,16006.2
2025-07-24T06:13:35.192141,BTC-USDT,117675.8,117675.81,1.0731,1.1267
2025-07-24T06:13:35.269904,ETH-USDT,3558.17,3558.4,11.004,2.1841
2025-07-24T06:13:35.346526,SOL-USDT,183.09,183.1,728.6069,50.7169
2025-07-24T06:13:35.382325,ETH-USDT,3556.71,3556.72,58.654,76.8401
2025-07-24T06:13:35.403946,BTC-USDT,117651.45,117663.55,0.7814,0.6195
2025-07-24T06:13:35.660259,LTC-USDT,109.27,109.3,1.6137,29.8922
2025-07-24T06:13:35.660306,SOL-USDT,183.09,183.1,728.6069,50.7169
2025-07-24T06:13:35.660339,XRP-USDT,3.0682,3.0684,49.5,17085.75
2025-07-24T06:13:35.715798,BTC-USDT,117653.8,117653.81,1.2739,1.1896
2025-07-24T06:13:35.969544,SOL-USDT,183.09,183.1,728.6069,50.7169
2025-07-24T06:13:36.034627,BTC-USDT,117653.8,117653.81,1.2739,1.1896
2025-07-24T06:13:36.155334,LTC-USDT,109.27,109.3,1.6137,29.8922
2025-07-24T06:13:36.168864,XRP-USDT,3.0682,3.0684,49.5,17085.75
2025-07-24T06:13:36.278715,SOL-USDT,183.09,183.1,728.6069,50.7169
2025-07-24T06:13:36.345024,BTC-USDT,117653.8,117653.81,1.2739,1.1903
2025-07-24T06:13:36.394940,LTC-USDT,109.28,109.3,0.1428,29.8922
2025-07-24T06:13:36.487486,SOL-USDT,183.09,183.1,728.6069,50.7169
2025-07-24T06:13:36.648578,LTC-USDT,109.27,109.29,1.6137,0.3429
2025-07-24T06:13:36.656348,LTC-USDT,109.27,109.3,1.6137,29.8922
2025-07-24T06:13:36.660896,XRP-USDT,3.0682,3.0683,6452.73,17313.63
2025-07-24T06:13:36.665415,BTC-USDT,117653.8,117653.81,1.2748,1.1903
2025-07-24T06:13:36.801283,SOL-USDT,183.06,183.09,95.7113,676.7122
2025-07-24T06:13:36.902738,ETH-USDT,3556.61,3556.62,37.8524,103.0403
2025-07-24T06:13:36.981125,BTC-USDT,117653.8,117653.81,1.2748,1.1905
2025-07-24T06:13:37.027911,SOL-USDT,183.06,183.07,95.7113,1.3164
2025-07-24T06:13:37.120808,ETH-USDT,3556.32,3556.33,2.016,268.4651
2025-07-24T06:13:37.124147,SOL-USDT,183.02,183.04,2.9127,443.9771
2025-07-24T06:13:37.162971,LTC-USDT,109.23,109.27,3.8627,67.6559
2025-07-24T06:13:37.163013,XRP-USDT,3.068,3.0681,38.23,20690.25
2025-07-24T06:13:37.236165,BTC-USDT,117653.8,117653.81,1.2748,1.1905
2025-07-24T06:13:37.436331,ETH-USDT,3556.19,3556.2,0.0032,73.9175
2025-07-24T06:13:37.545157,BTC-USDT,117639.5,117639.51,0.9017,1.2453
2025-07-24T06:13:37.654126,LTC-USDT,109.23,109.27,120.2277,67.6559
2025-07-24T06:13:37.657430,XRP-USDT,3.0672,3.0673,6438.87,16442.52
2025-07-24T06:13:37.734087,SOL-USDT,183.02,183.03,124.8128,65.1916
2025-07-24T06:13:37.751154,ETH-USDT,3556.3,3556.32,71.1894,55.3083
2025-07-24T06:13:37.857679,BTC-USDT,117639.5,117639.51,0.9017,1.2461
2025-07-24T06:13:38.043034,SOL-USDT,183.02,183.03,124.8128,65.1916
2025-07-24T06:13:38.063197,ETH-USDT,3556.3,3556.32,71.1894,55.3023
2025-07-24T06:13:38.160243,LTC-USDT,109.23,109.27,3.8627,67.6559
2025-07-24T06:13:38.166994,XRP-USDT,3.0676,3.0679,16850.97,206.07
2025-07-24T06:13:38.170771,BTC-USDT,117639.5,117639.51,0.9017,1.2469
2025-07-24T06:13:38.239221,XRP-USDT,3.0678,3.0679,137.13,206.07
2025-07-24T06:13:38.355728,SOL-USDT,183.02,183.03,124.8128,65.1916
2025-07-24T06:13:38.659492,LTC-USDT,109.23,109.27,3.8627,67.6559
2025-07-24T06:13:38.659576,XRP-USDT,3.0677,3.0679,16682.13,560.94
2025-07-24T06:13:38.666151,SOL-USDT,183.02,183.03,124.8128,65.1916
2025-07-24T06:13:39.161553,XRP-USDT,3.068,3.0683,18034.65,269.67
2025-07-24T06:13:39.226643,LTC-USDT,109.24,109.27,1.4686,67.6559
2025-07-24T06:13:39.277800,SOL-USDT,183.06,183.07,458.4693,1.6065
2025-07-24T06:13:39.371575,XRP-USDT,3.0682,3.0684,128.08,5119.54
2025-07-24T06:13:39.486433,SOL-USDT,183.06,183.07,458.4693,1.6065
2025-07-24T06:13:39.654262,XRP-USDT,3.0692,3.0696,19662.3,1154.94
2025-07-24T06:13:39.656025,LTC-USDT,109.27,109.28,32.2755,0.0598
2025-07-24T06:13:39.796108,SOL-USDT,183.06,183.07,458.4693,1.6065
2025-07-24T06:13:40.106229,SOL-USDT,183.06,183.07,458.4693,1.6065
2025-07-24T06:13:40.153525,LTC-USDT,109.29,109.3,2.2936,30.3121
2025-07-24T06:13:40.159234,XRP-USDT,3.0692,3.0696,19662.3,1154.94
2025-07-24T06:13:40.255529,BTC-USDT,117628.5,117628.51,0.6826,0.8823
2025-07-24T06:13:40.280399,ETH-USDT,3556.91,3556.92,14.8946,94.1601
2025-07-24T06:13:40.453423,SOL-USDT,183.06,183.07,458.4693,258.8479
2025-07-24T06:13:42.355548,BTC-USDT,117628.5,117628.51,0.6826,0.8831
2025-07-24T06:13:42.424719,ETH-USDT,3556.78,3556.95,63.3064,3.0371
2025-07-24T06:13:42.425713,SOL-USDT,183.04,183.07,92.619,257.2414
2025-07-24T06:13:42.438935,ETH-USDT,3558.41,3558.43,269.723,0.2061
2025-07-24T06:13:42.444269,SOL-USDT,183.12,183.13,657.3063,0.5253
2025-07-24T06:13:42.456328,XRP-USDT,3.0714,3.0719,18163.89,3790.97
2025-07-24T06:13:42.463539,LTC-USDT,109.34,109.35,31.8894,0.2158
2025-07-24T06:13:42.512209,XRP-USDT,3.0721,3.0722,9688.68,9989.7
2025-07-24T06:13:42.520225,XRP-USDT,3.0714,3.0719,18163.89,3790.97
2025-07-24T06:13:42.550774,SOL-USDT,183.16,183.18,401.3815,17.0884
2025-07-24T06:13:42.558414,ETH-USDT,3558.52,3558.53,159.7442,44.1237
2025-07-24T06:13:42.649134,XRP-USDT,3.0721,3.0722,9688.68,9989.7
2025-07-24T06:13:42.651168,LTC-USDT,109.38,109.39,65.9169,0.2457
2025-07-24T06:13:42.662081,BTC-USDT,117628.5,117628.51,0.6826,0.8831
2025-07-24T06:13:42.865850,SOL-USDT,183.13,183.14,829.0795,92.2964
2025-07-24T06:13:42.870956,ETH-USDT,3558.52,3558.53,159.7442,44.1237
2025-07-24T06:13:42.972088,BTC-USDT,117628.5,117628.51,0.6826,0.884
2025-07-24T06:13:43.160828,XRP-USDT,3.0721,3.0722,9688.68,9989.7
2025-07-24T06:13:43.162676,LTC-USDT,109.39,109.41,51.7846,10.0633
2025-07-24T06:13:43.173745,SOL-USDT,183.13,183.14,199.8211,92.2964
2025-07-24T06:13:43.282264,BTC-USDT,117628.5,117628.51,0.6826,0.8832
2025-07-24T06:13:43.383377,SOL-USDT,183.15,183.16,192.1676,92.2964
2025-07-24T06:13:43.591653,BTC-USDT,117628.5,117628.51,0.6826,0.8832
2025-07-24T06:13:43.664114,LTC-USDT,109.39,109.4,112.9756,394.7915
2025-07-24T06:13:43.693082,SOL-USDT,183.15,183.16,192.1676,92.2964
2025-07-24T06:13:43.786844,ETH-USDT,3558.61,3558.62,209.7516,0.3229
2025-07-24T06:13:43.901286,BTC-USDT,117628.5,117628.51,0.6826,0.8832
2025-07-24T06:13:44.002823,SOL-USDT,183.19,183.2,243.6537,290.6923
2025-07-24T06:13:44.101307,ETH-USDT,3558.61,3558.62,209.7516,0.0437
2025-07-24T06:13:44.110213,BTC-USDT,117640.6,117640.61,1.1828,0.853
2025-07-24T06:13:44.155776,LTC-USDT,109.39,109.43,61.191,2.99
2025-07-24T06:13:44.157268,XRP-USDT,3.0724,3.0728,17180.55,2773.82
2025-07-24T06:13:44.290511,SOL-USDT,183.2,183.21,0.1037,25.1047
2025-07-24T06:13:44.314007,SOL-USDT,183.19,183.21,243.6537,25.1047
2025-07-24T06:13:44.314925,ETH-USDT,3558.87,3558.99,16.8614,0.6665
2025-07-24T06:13:44.420644,BTC-USDT,117640.6,117640.61,1.1828,0.853
2025-07-24T06:13:44.501275,SOL-USDT,183.19,183.2,243.6537,1.0489
2025-07-24T06:13:44.527613,SOL-USDT,183.19,183.21,243.6537,25.1047
2025-07-24T06:13:44.628595,ETH-USDT,3559.44,3559.52,168.2294,0.5323
2025-07-24T06:13:44.635766,SOL-USDT,183.24,183.25,784.111,24.9109
2025-07-24T06:13:44.655756,LTC-USDT,109.46,109.47,18.4357,15.1866
2025-07-24T06:13:44.666063,XRP-USDT,3.0737,3.0739,11587.32,1772.97
2025-07-24T06:13:44.729571,BTC-USDT,117640.6,117640.61,1.1828,0.853
2025-07-24T06:13:44.942761,ETH-USDT,3559.63,3559.67,176.7296,0.0077
2025-07-24T06:13:44.942802,SOL-USDT,183.24,183.25,784.111,24.9109
2025-07-24T06:13:45.041564,BTC-USDT,117640.6,117640.61,1.1828,0.853
2025-07-24T06:13:45.156197,LTC-USDT,109.46,109.47,18.4357,15.1866
2025-07-24T06:13:45.161038,XRP-USDT,3.0737,3.0739,11587.32,1772.97
2025-07-24T06:13:45.255933,SOL-USDT,183.24,183.25,784.111,24.9109
2025-07-24T06:13:45.353605,BTC-USDT,117665.9,117665.91,0.528,1.1151
2025-07-24T06:13:45.563319,SOL-USDT,183.27,183.28,616.072,49.7947
2025-07-24T06:13:45.590241,ETH-USDT,3559.78,3559.81,226.8776,0.0315
2025-07-24T06:13:45.655852,LTC-USDT,109.5,109.51,16.396,0.0897
2025-07-24T06:13:45.659560,XRP-USDT,3.0737,3.0739,11587.32,1772.97
2025-07-24T06:13:45.659617,BTC-USDT,117665.9,117665.91,0.528,1.1151
2025-07-24T06:13:45.882416,SOL-USDT,183.27,183.28,616.072,49.7947
2025-07-24T06:13:45.903522,ETH-USDT,3559.8,3559.91,231.0958,0.0735
2025-07-24T06:13:45.971803,BTC-USDT,117665.9,117665.91,0.5296,1.1151
2025-07-24T06:13:46.090318,SOL-USDT,183.27,183.28,616.072,49.7947
2025-07-24T06:13:46.119455,ETH-USDT,3560.07,3560.08,48.6836,149.7161
2025-07-24T06:13:46.154289,LTC-USDT,109.5,109.51,16.396,0.0897
2025-07-24T06:13:46.159329,XRP-USDT,3.0739,3.0743,22494.15,3479.55
2025-07-24T06:13:46.283453,BTC-USDT,117665.9,117665.91,0.5296,1.1151
2025-07-24T06:13:46.438241,ETH-USDT,3560.12,3560.13,65.8442,117.8465
2025-07-24T06:13:46.594225,BTC-USDT,117665.9,117665.91,0.5288,1.1151
2025-07-24T06:13:46.654519,LTC-USDT,109.5,109.51,16.396,0.0897
2025-07-24T06:13:46.659774,XRP-USDT,3.0743,3.0745,16535.7,3329.16
2025-07-24T06:13:46.705162,SOL-USDT,183.27,183.28,616.072,49.7947
2025-07-24T06:13:46.905427,BTC-USDT,117665.9,117665.91,0.5288,1.1151
2025-07-24T06:13:47.014503,SOL-USDT,183.27,183.28,616.072,49.7947
2025-07-24T06:13:47.112975,BTC-USDT,117665.9,117665.91,0.5289,1.1151
2025-07-24T06:13:47.154917,LTC-USDT,109.5,109.51,16.396,0.0897
2025-07-24T06:13:47.164067,XRP-USDT,3.0739,3.074,6595.47,11243.85
2025-07-24T06:13:47.324446,SOL-USDT,183.27,183.28,616.072,49.7947
2025-07-24T06:13:47.464135,BTC-USDT,117665.9,117665.91,0.5289,1.1151
2025-07-24T06:13:47.657914,LTC-USDT,109.51,109.52,18.437,16.3904
2025-07-24T06:13:47.658936,XRP-USDT,3.0739,3.074,6595.47,11243.85
2025-07-24T06:13:47.673577,SOL-USDT,183.27,183.28,616.072,49.7947
2025-07-24T06:13:47.773605,BTC-USDT,117665.9,117665.91,0.5289,1.1151
2025-07-24T06:13:47.883042,SOL-USDT,183.27,183.28,616.072,49.7947
2025-07-24T06:13:48.085687,BTC-USDT,117665.9,117665.91,0.5289,1.1151
2025-07-24T06:13:48.154284,LTC-USDT,109.47,109.5,45.2326,67.3114
2025-07-24T06:13:48.159648,XRP-USDT,3.0739,3.074,6595.47,11243.85
2025-07-24T06:13:48.193075,SOL-USDT,183.27,183.28,616.072,49.7947
2025-07-24T06:13:48.392438,BTC-USDT,117665.9,117665.91,0.5289,1.1151
2025-07-24T06:13:48.657607,LTC-USDT,109.47,109.5,45.2326,67.3114
2025-07-24T06:13:48.661929,XRP-USDT,3.0743,3.0744,14898.33,7259.01
2025-07-24T06:13:48.702386,BTC-USDT,117665.9,117665.91,0.528,1.1151
2025-07-24T06:13:48.805372,SOL-USDT,183.27,183.28,616.072,49.7947
2025-07-24T06:13:48.911955,BTC-USDT,117665.9,117665.91,0.5288,1.1151
2025-07-24T06:13:49.113549,SOL-USDT,183.27,183.28,616.072,49.7947
2025-07-24T06:13:49.156917,LTC-USDT,109.51,109.52,21.4712,0.1781
2025-07-24T06:13:49.159701,XRP-USDT,3.0746,3.0747,14112.81,6972.63
2025-07-24T06:13:49.221611,BTC-USDT,117665.9,117665.91,0.5288,1.1151
2025-07-24T06:13:49.424260,SOL-USDT,183.27,183.28,616.072,49.7947
2025-07-24T06:13:49.475494,ETH-USDT,3560.16,3560.17,83.2092,2.6599
2025-07-24T06:13:49.533096,BTC-USDT,117665.9,117665.91,0.528,1.1151
2025-07-24T06:13:49.655656,LTC-USDT,109.54,109.55,11.4183,2.9887
2025-07-24T06:13:49.736108,SOL-USDT,183.27,183.28,616.072,49.7947
2025-07-24T06:13:49.794209,ETH-USDT,3560.24,3560.25,121.2238,31.4771
2025-07-24T06:13:49.841245,BTC-USDT,117665.9,117665.91,0.5287,1.1151
2025-07-24T06:13:50.042622,SOL-USDT,183.27,183.28,616.072,49.7947
2025-07-24T06:13:50.153621,BTC-USDT,117665.9,117665.91,0.5296,1.1151
2025-07-24T06:13:50.154724,LTC-USDT,109.54,109.55,11.4183,2.9887
2025-07-24T06:13:50.154933,XRP-USDT,3.0746,3.0747,8741.43,2878.62
2025-07-24T06:13:50.353107,SOL-USDT,183.27,183.28,616.072,49.7947
2025-07-24T06:13:50.399791,ETH-USDT,3560.26,3560.36,122.6072,0.0285
2025-07-24T06:13:50.466927,BTC-USDT,117665.9,117665.91,0.5296,1.1151
2025-07-24T06:13:50.660587,XRP-USDT,3.0746,3.0747,8741.43,2878.62
2025-07-24T06:13:50.670328,SOL-USDT,183.27,183.28,142.5582,109.0465
2025-07-24T06:13:50.777141,BTC-USDT,117665.9,117665.91,0.528,1.1151
2025-07-24T06:13:50.979665,SOL-USDT,183.27,183.28,142.5582,109.0465
2025-07-24T06:13:51.088439,BTC-USDT,117665.9,117665.91,0.528,1.1151
2025-07-24T06:13:51.154561,LTC-USDT,109.54,109.55,1.9348,46.657
2025-07-24T06:13:51.161108,XRP-USDT,3.0746,3.0747,8741.43,2878.62
2025-07-24T06:13:51.205178,ETH-USDT,3560.3,3560.36,0.0006,0.0285
2025-07-24T06:13:51.223482,ETH-USDT,3560.26,3560.36,122.6072,0.0285
2025-07-24T06:13:51.402366,BTC-USDT,117665.9,117665.91,0.5289,1.1151
2025-07-24T06:13:51.448275,ETH-USDT,3560.26,3560.33,122.6072,2.8239
2025-07-24T06:13:51.493961,SOL-USDT,183.27,183.28,142.5582,109.0465
2025-07-24T06:13:51.546054,ETH-USDT,3560.26,3560.36,122.6072,0.0285
2025-07-24T06:13:51.608478,BTC-USDT,117665.9,117665.91,0.5289,1.1151
2025-07-24T06:13:51.653474,LTC-USDT,109.54,109.55,1.9348,46.657
2025-07-24T06:13:51.674394,XRP-USDT,3.0746,3.0747,8741.43,4458.57
2025-07-24T06:13:51.809019,SOL-USDT,183.27,183.28,142.5582,109.0465
2025-07-24T06:13:51.849033,ETH-USDT,3560.11,3560.21,93.185,26.4641
2025-07-24T06:13:51.989756,BTC-USDT,117665.9,117665.91,0.5289,1.1151
2025-07-24T06:13:52.117804,SOL-USDT,183.27,183.28,142.5582,109.0465
2025-07-24T06:13:52.154452,LTC-USDT,109.48,109.51,11.8304,15.7209
2025-07-24T06:13:52.158993,XRP-USDT,3.0731,3.0732,21.85,33735.12
2025-07-24T06:13:52.191682,ETH-USDT,3559.86,3559.88,0.4844,391.201
2025-07-24T06:13:52.299315,BTC-USDT,117665.9,117665.91,0.5288,1.1151
2025-07-24T06:13:52.463934,SOL-USDT,183.27,183.28,142.5582,109.0465
2025-07-24T06:13:52.506490,ETH-USDT,3559.66,3559.67,46.2958,204.8961
2025-07-24T06:13:52.506541,BTC-USDT,117665.9,117665.91,0.5288,1.1151
2025-07-24T06:13:52.661211,XRP-USDT,3.0731,3.0732,21.85,33735.12
2025-07-24T06:13:52.720778,ETH-USDT,3559.78,3559.8,0.2422,183.7073
2025-07-24T06:13:52.738024,SOL-USDT,183.27,183.28,142.5582,109.0465
2025-07-24T06:13:52.816203,BTC-USDT,117665.9,117665.91,0.528,1.1151
2025-07-24T06:13:53.034977,ETH-USDT,3559.69,3559.7,46.5826,177.8579
2025-07-24T06:13:53.127981,BTC-USDT,117665.9,117665.91,0.528,1.1151
2025-07-24T06:13:53.157236,LTC-USDT,109.48,109.51,11.8304,15.7209
2025-07-24T06:13:53.159973,XRP-USDT,3.0731,3.0732,21.85,33735.12
2025-07-24T06:13:53.349432,ETH-USDT,3559.67,3559.68,36.4004,204.9465
2025-07-24T06:13:53.349482,SOL-USDT,183.27,183.28,142.5582,109.0465
2025-07-24T06:13:53.437816,BTC-USDT,117665.9,117665.91,0.5289,1.1151
2025-07-24T06:13:53.603223,LTC-USDT,109.5,109.51,1.1295,15.7209
2025-07-24T06:13:53.656339,LTC-USDT,109.48,109.51,11.8304,15.7209
2025-07-24T06:13:53.662508,SOL-USDT,183.27,183.28,142.5582,109.0465
2025-07-24T06:13:53.663853,XRP-USDT,3.0729,3.073,6778.71,9410.1
2025-07-24T06:13:53.665186,ETH-USDT,3559.67,3559.68,36.3974,204.9465
2025-07-24T06:13:53.760514,BTC-USDT,117665.9,117665.91,0.5289,1.1151
2025-07-24T06:13:53.973825,SOL-USDT,183.24,183.26,6.027,389.8542
2025-07-24T06:13:53.979025,ETH-USDT,3559.61,3559.62,0.0232,266.9895
2025-07-24T06:13:54.062027,BTC-USDT,117665.9,117665.91,0.5289,1.1151
2025-07-24T06:13:54.155977,LTC-USDT,109.47,109.48,17.3814,34.1042
2025-07-24T06:13:54.158434,XRP-USDT,3.0729,3.073,6778.71,9410.1
2025-07-24T06:13:54.294097,ETH-USDT,3559.64,3559.66,0.0508,232.8955
2025-07-24T06:13:54.370373,BTC-USDT,117665.9,117665.91,0.529,1.1151
2025-07-24T06:13:54.482133,SOL-USDT,183.24,183.26,6.027,389.8542
2025-07-24T06:13:54.608622,ETH-USDT,3559.68,3559.7,0.0508,216.1441
2025-07-24T06:13:54.659807,XRP-USDT,3.0729,3.073,6778.71,9410.1
2025-07-24T06:13:54.686770,BTC-USDT,117665.9,117665.91,0.5299,1.1151
2025-07-24T06:13:54.790411,SOL-USDT,183.27,183.28,471.6103,365.9301
2025-07-24T06:13:54.822153,ETH-USDT,3559.86,3559.87,50.6554,16.7627
2025-07-24T06:13:54.992346,BTC-USDT,117665.9,117665.91,0.5299,1.1151
2025-07-24T06:13:55.264511,SOL-USDT,183.27,183.28,471.6103,210.1012
2025-07-24T06:13:55.264576,LTC-USDT,109.47,109.48,78.2091,28.7196
2025-07-24T06:13:55.264636,XRP-USDT,3.0731,3.0732,9530.91,1031.55
2025-07-24T06:13:55.264670,BTC-USDT,117665.9,117665.91,0.5289,1.1151
2025-07-24T06:13:55.288209,ETH-USDT,3559.91,3560.11,50.6424,2.5879
2025-07-24T06:13:55.407058,SOL-USDT,183.27,183.28,471.6103,210.1012
2025-07-24T06:13:55.503903,ETH-USDT,3559.86,3559.87,37.127,92.0689
2025-07-24T06:13:55.512462,BTC-USDT,117665.9,117665.91,0.5288,1.1151
2025-07-24T06:13:55.656682,LTC-USDT,109.47,109.48,25.1814,28.7196
2025-07-24T06:13:55.660521,XRP-USDT,3.0728,3.073,9710.01,10262.13
2025-07-24T06:13:55.717697,SOL-USDT,183.27,183.28,471.6103,63.6786
2025-07-24T06:13:55.823423,BTC-USDT,117665.9,117665.91,0.5288,1.1151
2025-07-24T06:13:56.029287,SOL-USDT,183.27,183.28,471.6103,63.6786
2025-07-24T06:13:56.133847,BTC-USDT,117665.9,117665.91,0.528,1.1151
2025-07-24T06:13:56.163098,LTC-USDT,109.45,109.47,6.2664,38.5905
2025-07-24T06:13:56.163155,XRP-USDT,3.0722,3.0724,47.12,24184.32
2025-07-24T06:13:56.319345,ETH-USDT,3560.0,3560.01,54.1054,58.2213
2025-07-24T06:13:56.332133,SOL-USDT,183.27,183.28,471.6103,63.6786
2025-07-24T06:13:56.443956,BTC-USDT,117665.9,117665.91,0.528,1.1151
2025-07-24T06:13:56.636122,ETH-USDT,3560.02,3560.19,2.8072,0.1501
2025-07-24T06:13:56.639545,SOL-USDT,183.31,183.34,128.3114,256.1041
2025-07-24T06:13:56.657116,LTC-USDT,109.48,109.5,13.9546,31.8526
2025-07-24T06:13:56.658112,XRP-USDT,3.0726,3.0727,1613.25,9213.0
2025-07-24T06:13:56.755212,BTC-USDT,117665.9,117665.91,0.5288,1.1151
2025-07-24T06:13:56.948336,ETH-USDT,3560.11,3560.19,90.4676,0.1501
2025-07-24T06:13:56.948670,SOL-USDT,183.24,183.25,282.8392,154.927
2025-07-24T06:13:57.065086,BTC-USDT,117665.9,117665.91,0.5288,1.1151
2025-07-24T06:13:57.158290,LTC-USDT,109.42,109.45,0.1707,49.5365
2025-07-24T06:13:57.256207,SOL-USDT,183.22,183.25,15.6608,154.927
2025-07-24T06:13:57.265135,ETH-USDT,3559.78,3559.8,3.932,90.9277
2025-07-24T06:13:57.377238,BTC-USDT,117665.9,117665.91,0.5289,1.1151
2025-07-24T06:13:57.565794,SOL-USDT,183.22,183.23,520.3416,72.386
2025-07-24T06:13:57.578311,ETH-USDT,3559.66,3559.67,36.1508,178.7471
2025-07-24T06:13:57.657293,LTC-USDT,109.45,109.47,19.6109,27.6159
2025-07-24T06:13:57.657372,XRP-USDT,3.071,3.0711,25.06,21517.26
2025-07-24T06:13:57.685469,BTC-USDT,117665.9,117665.91,0.529,1.1151
2025-07-24T06:13:57.892517,ETH-USDT,3559.7,3559.71,51.359,99.1261
2025-07-24T06:13:57.985766,LTC-USDT,109.46,109.47,3.7532,27.6159
2025-07-24T06:13:57.994893,BTC-USDT,117665.9,117665.91,0.5298,1.1151
2025-07-24T06:13:58.158442,LTC-USDT,109.47,109.48,30.3827,46.41
2025-07-24T06:13:58.172550,XRP-USDT,3.0706,3.0709,8019.18,226.08
2025-07-24T06:13:58.190860,SOL-USDT,183.22,183.23,520.3416,72.386
2025-07-24T06:13:58.238557,BTC-USDT,117665.9,117665.91,0.5298,1.1151
2025-07-24T06:13:58.238591,ETH-USDT,3560.16,3560.34,211.0468,0.2369
2025-07-24T06:13:58.310299,XRP-USDT,3.0708,3.0709,22.77,226.08
2025-07-24T06:13:58.415661,SOL-USDT,183.25,183.27,679.5908,77.7716
2025-07-24T06:13:58.474659,ETH-USDT,3560.28,3560.29,215.2076,40.3769
2025-07-24T06:13:58.554358,XRP-USDT,3.0708,3.0709,45.56,226.08
2025-07-24T06:13:58.554418,BTC-USDT,117665.9,117665.91,0.5288,1.1151
2025-07-24T06:13:58.655537,LTC-USDT,109.49,109.5,9.7894,26.3913
2025-07-24T06:13:58.665815,XRP-USDT,3.0706,3.0709,8019.18,226.08
2025-07-24T06:13:58.698070,SOL-USDT,183.25,183.27,679.5908,77.7716
2025-07-24T06:13:58.734561,ETH-USDT,3560.12,3560.2,73.7144,92.0355
2025-07-24T06:13:58.825747,BTC-USDT,117665.9,117665.91,0.529,1.1151
2025-07-24T06:13:59.007909,SOL-USDT,183.25,183.27,679.5908,77.7716
2025-07-24T06:13:59.052717,ETH-USDT,3560.19,3560.2,0.398,92.0355
2025-07-24T06:13:59.141142,BTC-USDT,117665.9,117665.91,0.529,1.1151
2025-07-24T06:13:59.158632,LTC-USDT,109.44,109.47,11.1973,58.2114
2025-07-24T06:13:59.159608,XRP-USDT,3.0701,3.0702,1432.53,20182.08
2025-07-24T06:13:59.375417,ETH-USDT,3560.09,3560.11,1.5368,88.6769
2025-07-24T06:13:59.455048,BTC-USDT,117665.9,117665.91,0.5289,1.1151
2025-07-24T06:13:59.612024,SOL-USDT,183.27,183.28,742.7143,2.0978
2025-07-24T06:13:59.658602,LTC-USDT,109.44,109.47,11.1973,58.2114
2025-07-24T06:13:59.667795,XRP-USDT,3.0701,3.0702,6437.43,20182.08
2025-07-24T06:13:59.686692,ETH-USDT,3560.18,3560.2,49.0074,94.1907
2025-07-24T06:13:59.762456,BTC-USDT,117665.9,117665.91,0.5289,1.1151
2025-07-24T06:13:59.924094,SOL-USDT,183.27,183.28,742.7143,2.0978
2025-07-24T06:14:00.067047,BTC-USDT,117665.9,117665.91,0.528,1.1151
2025-07-24T06:14:00.163978,LTC-USDT,109.47,109.48,21.0786,29.2643
2025-07-24T06:14:00.164313,XRP-USDT,3.0703,3.0705,18072.81,5838.0
2025-07-24T06:14:00.273107,ETH-USDT,3560.28,3560.29,51.7138,60.4427
2025-07-24T06:14:00.300104,ETH-USDT,3561.09,3561.14,22.583,0.0295
2025-07-24T06:14:00.385419,BTC-USDT,117665.9,117665.91,0.528,1.1151
2025-07-24T06:14:00.461780,XRP-USDT,3.0715,3.0718,17710.92,415.37
2025-07-24T06:14:00.537639,ETH-USDT,3561.19,3561.2,28.3826,123.6539
2025-07-24T06:14:00.549679,SOL-USDT,183.31,183.32,183.8113,531.5489
2025-07-24T06:14:00.645844,XRP-USDT,3.0715,3.0717,17710.92,199.33
2025-07-24T06:14:00.674231,LTC-USDT,109.48,109.49,16.8575,0.1794
2025-07-24T06:14:00.688985,XRP-USDT,3.0715,3.072,17710.92,5323.84
2025-07-24T06:14:00.690304,BTC-USDT,117665.9,117665.91,0.529,1.1151
2025-07-24T06:14:00.850010,ETH-USDT,3560.96,3560.97,3.4186,167.4673
2025-07-24T06:14:00.875938,SOL-USDT,183.31,183.32,367.6226,531.5489
2025-07-24T06:14:01.023602,BTC-USDT,117665.9,117665.91,0.53,1.1151
2025-07-24T06:14:01.148272,ETH-USDT,3560.88,3560.89,20.4522,169.3653
2025-07-24T06:14:01.148305,SOL-USDT,183.28,183.31,56.6444,352.9072
2025-07-24T06:14:01.158936,LTC-USDT,109.45,109.46,0.5451,50.83
2025-07-24T06:14:01.159172,XRP-USDT,3.071,3.0711,6945.66,7077.48
2025-07-24T06:14:01.213356,BTC-USDT,117665.9,117665.91,0.53,1.1151
2025-07-24T06:14:01.450485,SOL-USDT,183.28,183.31,56.6444,352.9072
2025-07-24T06:14:01.471670,ETH-USDT,3560.91,3560.93,7.0422,170.0947
2025-07-24T06:14:01.523730,BTC-USDT,117665.9,117665.91,0.53,1.1151
2025-07-24T06:14:01.655933,LTC-USDT,109.47,109.48,0.3644,29.6959
2025-07-24T06:14:01.670184,XRP-USDT,3.071,3.0711,6945.66,348.09
2025-07-24T06:14:01.772475,SOL-USDT,183.28,183.31,56.6444,352.9072
2025-07-24T06:14:01.790723,ETH-USDT,3560.94,3560.95,49.483,126.6913
2025-07-24T06:14:01.835699,BTC-USDT,117665.9,117665.91,0.5287,1.1151
2025-07-24T06:14:02.076364,SOL-USDT,183.34,183.35,624.5669,12.7823
2025-07-24T06:14:02.101196,ETH-USDT,3561.13,3561.14,115.4304,64.5022
2025-07-24T06:14:02.141711,BTC-USDT,117665.9,117665.91,0.5287,1.1151
2025-07-24T06:14:02.163431,LTC-USDT,109.49,109.5,28.3196,0.0897
2025-07-24T06:14:02.165916,XRP-USDT,3.0713,3.0716,17109.99,454.7
2025-07-24T06:14:02.229568,XRP-USDT,3.0715,3.0716,33.02,454.7
2025-07-24T06:14:02.314530,ETH-USDT,3561.23,3561.24,74.8348,70.8461
2025-07-24T06:14:02.381633,SOL-USDT,183.37,183.38,785.8212,79.7453
2025-07-24T06:14:02.448158,BTC-USDT,117665.9,117665.91,0.5288,1.1151
2025-07-24T06:14:02.706159,LTC-USDT,109.52,109.53,26.1421,5.5874
2025-07-24T06:14:02.711284,XRP-USDT,3.072,3.0723,13245.21,1076.23
2025-07-24T06:14:02.716564,ETH-USDT,3561.23,3561.24,74.8348,70.8461
2025-07-24T06:14:02.800454,BTC-USDT,117665.9,117665.91,0.5297,1.1151
2025-07-24T06:14:02.893448,SOL-USDT,183.37,183.38,785.8212,503.4297
2025-07-24T06:14:02.932378,ETH-USDT,3561.32,3561.34,108.894,3.3615
2025-07-24T06:14:03.010223,BTC-USDT,117665.9,117665.91,0.5297,1.1151
2025-07-24T06:14:03.159397,LTC-USDT,109.52,109.53,26.1421,5.5874
2025-07-24T06:14:03.160936,XRP-USDT,3.0724,3.0726,19467.18,46.15
2025-07-24T06:14:03.200691,SOL-USDT,183.37,183.38,785.8212,503.4297
2025-07-24T06:14:03.246794,ETH-USDT,3561.53,3561.54,246.9616,0.7009
2025-07-24T06:14:03.323028,BTC-USDT,117665.9,117665.91,0.5289,1.1151
2025-07-24T06:14:03.508260,SOL-USDT,183.38,183.4,850.7111,91.5917
2025-07-24T06:14:03.557984,ETH-USDT,3561.49,3561.51,219.6048,0.7137
2025-07-24T06:14:03.626579,BTC-USDT,117665.9,117665.91,0.5289,1.1151
2025-07-24T06:14:03.661473,LTC-USDT,109.52,109.53,26.1421,5.5874
2025-07-24T06:14:03.661556,XRP-USDT,3.0724,3.0726,19467.18,46.15
2025-07-24T06:14:03.821158,SOL-USDT,183.38,183.4,850.7111,91.5917
2025-07-24T06:14:03.875249,ETH-USDT,3561.48,3561.49,34.247,146.8389
2025-07-24T06:14:03.937564,BTC-USDT,117665.9,117665.91,0.5289,1.1151
2025-07-24T06:14:04.060762,SOL-USDT,183.38,183.39,850.7111,10.8191
2025-07-24T06:14:04.124015,SOL-USDT,183.43,183.44,381.538,0.442
2025-07-24T06:14:04.161468,LTC-USDT,109.53,109.55,8.1033,40.8109
2025-07-24T06:14:04.171832,XRP-USDT,3.0727,3.0728,8772.21,20.24
2025-07-24T06:14:04.189157,ETH-USDT,3561.4,3561.41,58.4082,19.0453
2025-07-24T06:14:04.247734,BTC-USDT,117665.9,117665.91,0.5289,1.1151
2025-07-24T06:14:04.432704,SOL-USDT,183.43,183.44,381.538,0.442
2025-07-24T06:14:04.507566,ETH-USDT,3561.69,3561.77,207.5786,0.0055
2025-07-24T06:14:04.557663,BTC-USDT,117687.9,117687.91,0.5591,0.756
2025-07-24T06:14:04.687041,LTC-USDT,109.53,109.55,8.1033,40.8109
2025-07-24T06:14:04.687086,XRP-USDT,3.0727,3.0728,8772.21,20.24
2025-07-24T06:14:04.735116,ETH-USDT,3561.82,3561.97,134.6432,0.0919
2025-07-24T06:14:04.747033,SOL-USDT,183.47,183.48,584.5455,1.1466
2025-07-24T06:14:04.872392,BTC-USDT,117687.9,117687.91,0.8217,1.2086
2025-07-24T06:14:05.154757,LTC-USDT,109.53,109.55,8.1033,40.8109
2025-07-24T06:14:05.156114,XRP-USDT,3.0721,3.0726,3823.19,22002.39
2025-07-24T06:14:05.186633,BTC-USDT,117687.9,117687.91,0.8217,1.2086
2025-07-24T06:14:05.270670,ETH-USDT,3561.65,3561.66,86.148,64.3267
2025-07-24T06:14:05.346752,SOL-USDT,183.47,183.48,584.5455,1.1466
2025-07-24T06:14:05.397305,ETH-USDT,3561.3,3561.31,97.9038,146.3695
2025-07-24T06:14:05.494695,BTC-USDT,117687.9,117687.91,0.8224,1.2086
2025-07-24T06:14:05.612536,ETH-USDT,3561.39,3561.41,111.7932,141.4027
2025-07-24T06:14:05.659107,LTC-USDT,109.52,109.54,15.1909,32.7093
2025-07-24T06:14:05.669658,SOL-USDT,183.44,183.45,113.4916,298.4801
2025-07-24T06:14:05.670048,XRP-USDT,3.0722,3.0723,12882.24,6437.43
2025-07-24T06:14:05.799686,BTC-USDT,117687.9,117687.91,0.8224,1.2086
2025-07-24T06:14:05.927497,ETH-USDT,3562.26,3562.27,46.1132,13.0643
2025-07-24T06:14:06.011540,BTC-USDT,117687.9,117687.91,0.8224,1.2086
2025-07-24T06:14:06.160728,LTC-USDT,109.55,109.56,5.3057,21.7477
2025-07-24T06:14:06.239681,ETH-USDT,3563.16,3563.18,91.5898,45.7015
2025-07-24T06:14:06.271470,SOL-USDT,183.46,183.47,549.6853,273.9619
2025-07-24T06:14:06.319935,BTC-USDT,117687.9,117687.91,0.8231,1.2086
2025-07-24T06:14:06.582992,SOL-USDT,183.46,183.47,549.6853,3.4553
2025-07-24T06:14:06.653761,BTC-USDT,117687.9,117687.91,0.8231,1.2086
2025-07-24T06:14:06.708276,XRP-USDT,3.0734,3.0735,8361.4,298.8
2025-07-24T06:14:06.709198,LTC-USDT,109.55,109.56,5.3057,21.7477
2025-07-24T06:14:06.786714,SOL-USDT,183.44,183.46,160.925,199.6913
2025-07-24T06:14:06.936690,BTC-USDT,117687.9,117687.91,0.8217,1.2086
2025-07-24T06:14:07.098087,SOL-USDT,183.44,183.46,160.925,199.6913
2025-07-24T06:14:07.157495,LTC-USDT,109.55,109.56,5.3057,21.7477
2025-07-24T06:14:07.162476,XRP-USDT,3.0734,3.0736,8361.4,10038.24
2025-07-24T06:14:07.260116,BTC-USDT,117687.9,117687.91,0.8217,1.2086
2025-07-24T06:14:07.260155,ETH-USDT,3563.17,3563.18,0.1932,45.7015
2025-07-24T06:14:07.267808,ETH-USDT,3563.16,3563.18,91.5898,45.7015
2025-07-24T06:14:07.497957,ETH-USDT,3563.11,3563.12,8.3046,102.7233
2025-07-24T06:14:07.584036,BTC-USDT,117687.9,117687.91,0.8227,1.2086
2025-07-24T06:14:07.663289,XRP-USDT,3.0734,3.0736,8361.4,10038.24
2025-07-24T06:14:07.696273,XRP-USDT,3.0735,3.0736,25.04,10038.24
2025-07-24T06:14:07.853436,ETH-USDT,3563.11,3563.12,8.3016,102.7233
2025-07-24T06:14:07.888094,BTC-USDT,117687.9,117687.91,0.8217,1.2086
2025-07-24T06:14:07.990006,SOL-USDT,183.44,183.45,160.925,1.1348
2025-07-24T06:14:08.007336,SOL-USDT,183.44,183.46,160.925,199.6913
2025-07-24T06:14:08.104090,ETH-USDT,3563.16,3563.18,47.278,75.4653
2025-07-24T06:14:08.163371,XRP-USDT,3.0731,3.0734,6473.47,7135.47
2025-07-24T06:14:08.186714,BTC-USDT,117687.9,117687.91,0.8217,1.2086
2025-07-24T06:14:08.318742,SOL-USDT,183.43,183.44,55.6593,123.992
2025-07-24T06:14:08.387445,XRP-USDT,3.0732,3.0734,73.13,7135.47
2025-07-24T06:14:10.323558,XRP-USDT,3.0733,3.0734,313.79,7135.47
2025-07-24T06:14:10.323607,LTC-USDT,109.55,109.56,5.3057,21.7477
2025-07-24T06:14:10.323637,XRP-USDT,3.0731,3.0734,6473.47,7135.47
2025-07-24T06:14:10.323661,LTC-USDT,109.55,109.56,5.3057,21.7477
2025-07-24T06:14:10.323683,XRP-USDT,3.0737,3.0738,5997.42,35.72
2025-07-24T06:14:10.323706,XRP-USDT,3.0739,3.0741,7159.38,7284.6
2025-07-24T06:14:10.323728,LTC-USDT,109.55,109.56,5.3057,21.7477
2025-07-24T06:14:10.323749,XRP-USDT,3.0741,3.0742,15306.39,151.03
2025-07-24T06:14:10.324825,BTC-USDT,117687.9,117687.91,0.8217,1.2086
2025-07-24T06:14:10.340640,ETH-USDT,3563.51,3563.52,111.0444,0.0617
2025-07-24T06:14:10.341961,SOL-USDT,183.47,183.48,373.102,49.4003
2025-07-24T06:14:10.490242,ETH-USDT,3564.01,3564.05,223.7,0.0437
2025-07-24T06:14:12.237191,ETH-USDT,3564.13,3564.14,195.4508,9.6818
2025-07-24T06:14:12.245461,SOL-USDT,183.49,183.5,336.7416,160.3414
2025-07-24T06:14:12.259337,XRP-USDT,3.0747,3.0749,19385.28,8784.81
2025-07-24T06:14:12.269031,LTC-USDT,109.55,109.56,18.8153,28.8418
2025-07-24T06:14:12.293735,BTC-USDT,117687.9,117687.91,0.8217,1.2086
2025-07-24T06:14:12.403483,BTC-USDT,117687.9,117687.91,0.8217,1.2086
2025-07-24T06:14:12.549991,SOL-USDT,183.49,183.5,336.7416,160.3414
2025-07-24T06:14:12.558387,ETH-USDT,3564.34,3564.36,194.5668,0.2765
2025-07-24T06:14:12.616312,BTC-USDT,117687.9,117687.91,0.8217,1.2086
2025-07-24T06:14:12.660123,LTC-USDT,109.55,109.56,18.8153,28.8418
2025-07-24T06:14:12.667986,XRP-USDT,3.0747,3.0749,19385.28,8784.81
2025-07-24T06:14:12.859522,SOL-USDT,183.53,183.54,132.1959,91.0307
2025-07-24T06:14:12.865977,ETH-USDT,3564.76,3564.77,212.5578,0.1851
2025-07-24T06:14:12.920338,BTC-USDT,117687.9,117687.91,0.8217,1.2086
2025-07-24T06:14:13.161375,LTC-USDT,109.55,109.56,18.8153,28.8418
2025-07-24T06:14:13.161679,XRP-USDT,3.0753,3.0755,11786.49,566.82
2025-07-24T06:14:13.170254,SOL-USDT,183.53,183.54,132.1959,91.0307
2025-07-24T06:14:13.179726,ETH-USDT,3564.9,3564.91,178.2274,0.0428
2025-07-24T06:14:13.229983,BTC-USDT,117687.9,117687.91,0.8217,1.2086
2025-07-24T06:14:13.492391,ETH-USDT,3564.97,3565.05,218.1962,0.2761
2025-07-24T06:14:13.539383,BTC-USDT,117687.9,117687.91,0.8217,1.2086
2025-07-24T06:14:13.657696,LTC-USDT,109.55,109.56,18.8153,28.8418
2025-07-24T06:14:13.657921,XRP-USDT,3.0754,3.0755,19911.87,44900.1
2025-07-24T06:14:13.948943,BTC-USDT,117687.9,117687.91,0.8225,1.2086
2025-07-24T06:14:13.951134,ETH-USDT,3565.38,3565.39,228.5074,0.0018
2025-07-24T06:14:14.042998,SOL-USDT,183.53,183.54,132.1959,91.0307
2025-07-24T06:14:14.062505,ETH-USDT,3565.38,3565.47,228.5074,0.0675
2025-07-24T06:14:14.158340,LTC-USDT,109.55,109.56,18.8153,28.8418
2025-07-24T06:14:14.160156,XRP-USDT,3.0754,3.0755,19911.87,44900.1
2025-07-24T06:14:14.161050,BTC-USDT,117687.9,117687.91,0.8225,1.2086
2025-07-24T06:14:14.348193,SOL-USDT,183.53,183.54,132.1959,91.0307
2025-07-24T06:14:14.376619,ETH-USDT,3565.65,3565.66,225.8074,0.0455
2025-07-24T06:14:14.474118,BTC-USDT,117687.9,117687.91,0.8227,1.2086
2025-07-24T06:14:14.660940,LTC-USDT,109.56,109.58,27.0118,0.3146
2025-07-24T06:14:14.661013,XRP-USDT,3.074,3.0745,1196.84,17554.95
2025-07-24T06:14:14.665530,SOL-USDT,183.53,183.54,132.1959,91.0307
2025-07-24T06:14:14.688816,ETH-USDT,3565.41,3565.43,161.6046,81.4041
2025-07-24T06:14:14.783141,BTC-USDT,117687.9,117687.91,0.8236,1.2086
2025-07-24T06:14:14.970579,SOL-USDT,183.5,183.51,71.2594,244.4965
2025-07-24T06:14:15.096347,BTC-USDT,117687.9,117687.91,0.8235,1.2086
2025-07-24T06:14:15.153860,LTC-USDT,109.53,109.55,31.3629,26.936
2025-07-24T06:14:15.161085,XRP-USDT,3.074,3.0745,1196.84,17554.95
2025-07-24T06:14:15.279201,SOL-USDT,183.5,183.51,71.2594,244.4965
2025-07-24T06:14:15.279250,ETH-USDT,3565.16,3565.2,0.0032,125.7703
2025-07-24T06:14:15.303274,ETH-USDT,3565.18,3565.2,32.429,125.7703
2025-07-24T06:14:15.401842,BTC-USDT,117687.9,117687.91,0.8236,1.2086
2025-07-24T06:14:15.483788,SOL-USDT,183.5,183.51,71.2594,244.4965
2025-07-24T06:14:15.609556,BTC-USDT,117687.9,117687.91,0.8217,1.2086
2025-07-24T06:14:15.659553,LTC-USDT,109.56,109.57,9.2031,24.8365
2025-07-24T06:14:15.660617,XRP-USDT,3.0742,3.0743,6794.73,6232.59
2025-07-24T06:14:15.920762,BTC-USDT,117687.9,117687.91,0.8224,1.2086
2025-07-24T06:14:16.101731,SOL-USDT,183.5,183.51,71.2594,244.4965
2025-07-24T06:14:16.161251,XRP-USDT,3.0748,3.0749,17978.04,42.49
2025-07-24T06:14:16.171668,LTC-USDT,109.55,109.56,15.8678,26.5785
2025-07-24T06:14:16.228584,BTC-USDT,117687.9,117687.91,0.8224,1.2086
2025-07-24T06:14:16.537625,BTC-USDT,117687.9,117687.91,0.8232,1.2086
2025-07-24T06:14:16.657551,LTC-USDT,109.56,109.57,33.0373,0.2769
2025-07-24T06:14:16.671405,XRP-USDT,3.0752,3.0753,18297.18,45405.9
2025-07-24T06:14:16.710030,SOL-USDT,183.5,183.51,71.2594,244.4965
2025-07-24T06:14:16.846578,BTC-USDT,117687.9,117687.91,0.8225,1.2086
2025-07-24T06:14:17.023674,ETH-USDT,3565.24,3565.26,46.676,84.7795
2025-07-24T06:14:17.157753,LTC-USDT,109.56,109.57,33.0373,0.2769
2025-07-24T06:14:17.160685,BTC-USDT,117687.9,117687.91,0.8225,1.2086
2025-07-24T06:14:17.160739,XRP-USDT,3.0754,3.0755,9208.17,43628.58
2025-07-24T06:14:17.319309,SOL-USDT,183.5,183.51,71.2594,244.4965
2025-07-24T06:14:17.501154,BTC-USDT,117687.9,117687.91,0.8217,1.2086
2025-07-24T06:14:17.627151,SOL-USDT,183.5,183.51,71.2594,244.4965
2025-07-24T06:14:17.664160,LTC-USDT,109.56,109.57,33.0373,0.2769
2025-07-24T06:14:17.664547,XRP-USDT,3.0754,3.0755,9208.17,43628.58
2025-07-24T06:14:17.707999,BTC-USDT,117687.9,117687.91,0.8217,1.2086
2025-07-24T06:14:17.934165,SOL-USDT,183.5,183.51,71.2594,244.4965
2025-07-24T06:14:17.999761,ETH-USDT,3565.24,3565.26,46.676,84.7795
2025-07-24T06:14:18.017920,BTC-USDT,117687.9,117687.91,0.8217,1.2086
2025-07-24T06:14:18.157260,LTC-USDT,109.56,109.57,33.0373,0.2769
2025-07-24T06:14:18.163175,XRP-USDT,3.0754,3.0755,9208.17,43628.58
2025-07-24T06:14:18.210662,ETH-USDT,3565.24,3565.26,46.676,84.7795
2025-07-24T06:14:18.241714,SOL-USDT,183.5,183.51,71.2594,244.4965
2025-07-24T06:14:18.329499,BTC-USDT,117687.9,117687.91,0.8225,1.2086
2025-07-24T06:14:18.522982,ETH-USDT,3565.24,3565.26,20.5792,89.3433
2025-07-24T06:14:18.547147,SOL-USDT,183.5,183.51,71.2594,244.4965
2025-07-24T06:14:18.635470,BTC-USDT,117687.9,117687.91,0.8225,1.2086
2025-07-24T06:14:18.658106,LTC-USDT,109.58,109.59,28.6407,30.2822
2025-07-24T06:14:18.663409,XRP-USDT,3.0754,3.0755,9208.17,43628.58
2025-07-24T06:14:18.835363,ETH-USDT,3565.35,3565.36,204.2746,0.8444
2025-07-24T06:14:18.855753,SOL-USDT,183.5,183.51,71.2594,244.4965
2025-07-24T06:14:18.944991,BTC-USDT,117687.9,117687.91,0.8217,1.2086
2025-07-24T06:14:19.150047,ETH-USDT,3565.51,3565.52,154.7294,26.0183
2025-07-24T06:14:19.158577,LTC-USDT,109.6,109.61,9.6867,0.3731
2025-07-24T06:14:19.160209,XRP-USDT,3.0755,3.0756,9256.41,21287.52
2025-07-24T06:14:19.164816,SOL-USDT,183.56,183.57,294.9666,0.227
2025-07-24T06:14:19.255524,BTC-USDT,117687.9,117687.91,0.8225,1.2086
2025-07-24T06:14:19.472171,ETH-USDT,3565.35,3565.36,11.7646,112.2759
2025-07-24T06:14:19.472967,SOL-USDT,183.56,183.57,294.9666,0.227
2025-07-24T06:14:19.565855,BTC-USDT,117687.9,117687.91,0.8225,1.2086
2025-07-24T06:14:19.658218,LTC-USDT,109.59,109.61,17.072,21.6151
2025-07-24T06:14:19.661474,XRP-USDT,3.0754,3.0755,4921.74,8183.16
2025-07-24T06:14:19.682603,SOL-USDT,183.52,183.53,56.3785,211.4273
2025-07-24T06:14:19.784112,ETH-USDT,3565.28,3565.3,0.003,211.4521
2025-07-24T06:14:19.873579,BTC-USDT,117687.9,117687.91,0.8225,1.2086
2025-07-24T06:14:19.988631,SOL-USDT,183.47,183.48,101.0678,182.1201
2025-07-24T06:14:22.130640,LTC-USDT,109.55,109.56,8.6025,2.9835
2025-07-24T06:14:22.130665,XRP-USDT,3.0736,3.0741,2777.91,21796.2
2025-07-24T06:14:22.130696,BTC-USDT,117683.5,117683.51,1.2115,0.73
2025-07-24T06:14:22.130719,ETH-USDT,3565.28,3565.3,0.1522,211.4521
2025-07-24T06:14:22.130739,SOL-USDT,183.45,183.48,9.4763,182.1201
2025-07-24T06:14:22.130757,ETH-USDT,3564.62,3564.64,0.0398,215.0077
2025-07-24T06:14:22.130776,BTC-USDT,117683.5,117683.51,1.2115,0.7309
2025-07-24T06:14:22.130800,XRP-USDT,3.0738,3.0741,215.92,21796.2
2025-07-24T06:14:22.130821,SOL-USDT,183.45,183.48,9.4763,182.1201
2025-07-24T06:14:22.130843,LTC-USDT,109.56,109.58,37.9019,0.0897
2025-07-24T06:14:22.130862,SOL-USDT,183.47,183.48,11.1249,182.1201
2025-07-24T06:14:22.130926,XRP-USDT,3.0744,3.0745,8961.75,37.86
2025-07-24T06:14:22.130950,SOL-USDT,183.45,183.48,9.4763,182.1201
2025-07-24T06:14:22.130971,ETH-USDT,3565.34,3565.35,235.9498,0.0543
2025-07-24T06:14:22.130992,BTC-USDT,117683.5,117683.51,1.2115,0.7309
2025-07-24T06:14:22.131015,SOL-USDT,183.5,183.51,316.413,81.5133
2025-07-24T06:14:22.131037,ETH-USDT,3565.77,3565.78,179.0956,0.1255
2025-07-24T06:14:22.131057,BTC-USDT,117683.5,117683.51,1.2115,0.7309
2025-07-24T06:14:22.131077,LTC-USDT,109.59,109.61,24.9734,0.0897
2025-07-24T06:14:22.131097,ETH-USDT,3566.06,3566.07,127.0024,4.2879
2025-07-24T06:14:22.131118,BTC-USDT,117683.5,117683.51,1.2115,0.73
2025-07-24T06:14:22.131136,SOL-USDT,183.52,183.53,271.2559,111.0457
2025-07-24T06:14:22.131155,ETH-USDT,3566.2,3566.26,128.3868,3.6489
2025-07-24T06:14:22.131173,BTC-USDT,117683.5,117683.51,1.2115,0.73
2025-07-24T06:14:22.131192,LTC-USDT,109.6,109.61,11.4144,13.3484
2025-07-24T06:14:22.131214,XRP-USDT,3.075,3.0751,6294.78,19570.33
2025-07-24T06:14:22.131235,SOL-USDT,183.5,183.51,324.7285,90.9415
2025-07-24T06:14:22.131254,ETH-USDT,3566.25,3566.26,124.3908,4.5403
2025-07-24T06:14:22.131279,BTC-USDT,117683.5,117683.51,1.2115,0.73
2025-07-24T06:14:23.327078,SOL-USDT,183.5,183.51,324.7285,90.9415
2025-07-24T06:14:23.327127,LTC-USDT,109.59,109.61,21.3516,42.6179
2025-07-24T06:14:23.327164,XRP-USDT,3.076,3.0763,6617.78,1066.05
2025-07-24T06:14:23.327199,ETH-USDT,3566.38,3566.49,332.2204,0.001
2025-07-24T06:14:23.327240,BTC-USDT,117683.5,117683.51,1.2115,0.7307
2025-07-24T06:14:23.327281,XRP-USDT,3.076,3.0761,6617.78,63.2
2025-07-24T06:14:23.327312,ETH-USDT,3566.55,3566.56,101.7366,0.0924
2025-07-24T06:14:23.327345,BTC-USDT,117683.5,117683.51,1.2115,0.7309
2025-07-24T06:14:23.327381,LTC-USDT,109.61,109.62,10.7553,8.9206
2025-07-24T06:14:23.327414,XRP-USDT,3.076,3.0763,6617.78,1066.05
2025-07-24T06:14:23.327448,SOL-USDT,183.53,183.54,281.0088,275.8506
2025-07-24T06:14:23.327484,ETH-USDT,3566.84,3566.86,193.0894,0.8179
2025-07-24T06:14:23.327518,BTC-USDT,117683.5,117683.51,1.2115,0.7309
2025-07-24T06:14:23.327551,SOL-USDT,183.53,183.54,281.0088,0.6026
2025-07-24T06:14:23.327584,ETH-USDT,3567.01,3567.02,181.4244,5.0331
2025-07-24T06:14:23.327618,LTC-USDT,109.62,109.63,45.6694,0.234
2025-07-24T06:14:23.327650,XRP-USDT,3.0779,3.078,9567.99,1203.21
2025-07-24T06:14:24.020682,BTC-USDT,117683.5,117683.51,1.2115,0.7307
2025-07-24T06:14:24.020720,ETH-USDT,3567.01,3567.02,181.4244,5.0331
2025-07-24T06:14:24.020756,SOL-USDT,183.55,183.56,376.0193,133.8146
2025-07-24T06:14:24.020794,ETH-USDT,3566.98,3566.99,181.3598,4.4687
2025-07-24T06:14:24.020826,LTC-USDT,109.65,109.66,3.5338,18.057
2025-07-24T06:14:24.020863,XRP-USDT,3.0784,3.0785,10634.94,31.68
2025-07-24T06:14:24.020913,BTC-USDT,117683.5,117683.51,1.2115,0.7307
2025-07-24T06:14:24.020944,SOL-USDT,183.55,183.56,376.0193,48.5936
2025-07-24T06:14:24.020979,ETH-USDT,3567.24,3567.25,183.6324,25.2171
2025-07-24T06:14:24.036003,BTC-USDT,117687.9,117687.91,0.7507,1.0571
2025-07-24T06:14:24.158946,LTC-USDT,109.66,109.67,43.4542,0.4108
2025-07-24T06:14:24.159144,XRP-USDT,3.0786,3.0787,1539.36,10344.15
2025-07-24T06:14:24.233856,SOL-USDT,183.58,183.59,265.2379,91.5374
2025-07-24T06:14:24.256923,ETH-USDT,3567.6,3567.62,223.8816,0.3451
2025-07-24T06:14:24.338885,BTC-USDT,117687.9,117687.91,0.7507,1.0571
2025-07-24T06:14:24.546466,SOL-USDT,183.58,183.59,265.2379,91.5374
2025-07-24T06:14:24.568027,ETH-USDT,3567.82,3567.83,224.1774,2.4301
2025-07-24T06:14:24.654395,BTC-USDT,117687.9,117687.91,0.7507,1.0571
2025-07-24T06:14:24.659162,XRP-USDT,3.0788,3.0789,21637.44,177.75
2025-07-24T06:14:24.672987,LTC-USDT,109.68,109.69,52.0524,0.2041
2025-07-24T06:14:25.323651,ETH-USDT,3568.09,3568.11,171.8706,0.0035
2025-07-24T06:14:25.323779,BTC-USDT,117711.0,117711.01,0.6261,1.0281
2025-07-24T06:14:25.324212,SOL-USDT,183.56,183.58,207.5535,79.7325
2025-07-24T06:14:25.324335,LTC-USDT,109.69,109.7,33.9096,0.3198
2025-07-24T06:14:25.324413,XRP-USDT,3.0791,3.0793,8437.5,9006.48
2025-07-24T06:14:25.333041,BTC-USDT,117711.0,117711.01,0.6261,1.029
2025-07-24T06:14:25.333174,ETH-USDT,3568.09,3568.16,171.8706,0.5497
2025-07-24T06:14:25.409022,ETH-USDT,3568.07,3568.08,147.0498,33.1215
2025-07-24T06:14:25.471189,SOL-USDT,183.56,183.58,207.5535,79.7325
2025-07-24T06:14:25.593976,BTC-USDT,117711.0,117711.01,0.6261,1.0298
2025-07-24T06:14:25.660578,LTC-USDT,109.72,109.73,34.2433,98.2976
2025-07-24T06:14:25.663038,XRP-USDT,3.0795,3.0796,6253.93,30818.04
2025-07-24T06:14:25.719688,ETH-USDT,3568.19,3568.2,92.1214,25.6325
2025-07-24T06:14:25.854020,BTC-USDT,117711.0,117711.01,0.6261,1.0298
2025-07-24T06:14:25.985386,SOL-USDT,183.56,183.58,207.5535,79.7325
2025-07-24T06:14:26.030849,ETH-USDT,3568.19,3568.2,92.1214,25.6325
2025-07-24T06:14:26.111630,BTC-USDT,117725.3,117725.31,0.5194,1.0559
2025-07-24T06:14:26.163561,LTC-USDT,109.72,109.76,74.1806,34.0561
2025-07-24T06:14:26.163791,XRP-USDT,3.0798,3.0799,4783.23,14027.76
2025-07-24T06:14:26.295584,SOL-USDT,183.56,183.58,207.5535,79.7325
2025-07-24T06:14:26.309284,LTC-USDT,109.73,109.76,0.2254,34.0561
2025-07-24T06:14:26.423776,BTC-USDT,117725.3,117725.31,0.5194,1.0559
2025-07-24T06:14:26.603741,SOL-USDT,183.56,183.58,207.5535,79.7325
2025-07-24T06:14:26.661105,XRP-USDT,3.0792,3.0795,2155.89,14438.16
2025-07-24T06:14:26.664107,LTC-USDT,109.73,109.74,1.9088,15.3426
2025-07-24T06:14:26.732035,BTC-USDT,117725.3,117725.31,0.5194,1.0559
2025-07-24T06:14:26.910859,SOL-USDT,183.56,183.57,207.5535,0.8012
2025-07-24T06:14:26.913149,SOL-USDT,183.56,183.58,207.5535,79.7325
2025-07-24T06:14:26.946556,ETH-USDT,3568.21,3568.22,39.696,40.0573
2025-07-24T06:14:27.039740,BTC-USDT,117725.3,117725.31,0.5203,1.0559
2025-07-24T06:14:27.158347,LTC-USDT,109.73,109.74,1.9088,149.6503
2025-07-24T06:14:27.162184,XRP-USDT,3.0796,3.0797,4150.8,7384.68
2025-07-24T06:14:27.256140,ETH-USDT,3568.23,3568.24,39.696,26.0901
2025-07-24T06:14:27.348746,BTC-USDT,117725.3,117725.31,0.5211,1.0559
2025-07-24T06:14:27.522679,SOL-USDT,183.59,183.61,297.8414,1.8283
2025-07-24T06:14:27.664169,XRP-USDT,3.0796,3.0797,4150.8,7384.68
2025-07-24T06:14:27.669326,BTC-USDT,117725.3,117725.31,0.5211,1.0559
2025-07-24T06:14:27.669366,LTC-USDT,109.73,109.74,1.9088,15.3426
2025-07-24T06:14:27.975375,BTC-USDT,117725.3,117725.31,0.5212,1.0559
2025-07-24T06:14:28.133808,SOL-USDT,183.59,183.61,297.8414,1.8283
2025-07-24T06:14:28.161856,LTC-USDT,109.73,109.74,1.9088,15.3426
2025-07-24T06:14:28.173361,ETH-USDT,3568.19,3568.2,39.4928,52.4357
2025-07-24T06:14:28.286704,BTC-USDT,117737.4,117737.41,1.2725,0.4332
2025-07-24T06:14:28.442270,SOL-USDT,183.59,183.61,297.8414,1.8283
2025-07-24T06:14:28.596247,BTC-USDT,117737.4,117737.41,1.2725,0.4332
2025-07-24T06:14:28.659304,LTC-USDT,109.73,109.74,1.9088,15.3426
2025-07-24T06:14:28.670917,XRP-USDT,3.0785,3.0795,4271.75,11580.12
2025-07-24T06:14:28.749528,SOL-USDT,183.59,183.61,297.8414,1.8283
2025-07-24T06:14:28.805652,BTC-USDT,117737.4,117737.41,1.2734,0.4332
2025-07-24T06:14:29.058962,SOL-USDT,183.59,183.61,297.8414,1.8283
2025-07-24T06:14:29.114195,BTC-USDT,117737.4,117737.41,1.2743,0.4332
2025-07-24T06:14:29.158802,LTC-USDT,109.73,109.74,1.9088,15.3426
2025-07-24T06:14:29.158857,XRP-USDT,3.0787,3.0788,8441.73,110.88
2025-07-24T06:14:29.366292,SOL-USDT,183.59,183.61,297.8414,1.8283
2025-07-24T06:14:29.424127,BTC-USDT,117737.4,117737.41,1.2734,0.4332
2025-07-24T06:14:29.654650,LTC-USDT,109.75,109.76,24.8122,0.3328
2025-07-24T06:14:29.659239,XRP-USDT,3.079,3.0791,4810.68,4446.0
2025-07-24T06:14:29.679678,SOL-USDT,183.59,183.61,297.8414,1.8283
2025-07-24T06:14:29.733585,BTC-USDT,117737.4,117737.41,1.2734,0.4332
2025-07-24T06:14:29.884974,SOL-USDT,183.59,183.61,297.8414,1.8283
2025-07-24T06:14:30.044037,BTC-USDT,117737.4,117737.41,1.2734,0.4332
2025-07-24T06:14:30.153334,LTC-USDT,109.75,109.76,24.8122,0.3328
2025-07-24T06:14:30.160244,XRP-USDT,3.0791,3.0793,8489.79,6596.37
2025-07-24T06:14:30.195560,SOL-USDT,183.59,183.61,297.8414,1.8283
2025-07-24T06:14:30.357139,BTC-USDT,117737.4,117737.41,1.2744,0.4332
2025-07-24T06:14:30.500757,SOL-USDT,183.59,183.61,297.8414,1.8283
2025-07-24T06:14:30.664093,XRP-USDT,3.0791,3.0793,8489.79,6596.37
2025-07-24T06:14:30.668800,BTC-USDT,117737.4,117737.41,1.2735,0.4332
2025-07-24T06:14:30.813371,SOL-USDT,183.59,183.61,297.8414,1.8283
2025-07-24T06:14:30.881294,SOL-USDT,183.6,183.61,5.6364,1.8283
2025-07-24T06:14:30.895552,XRP-USDT,3.0791,3.0792,8489.79,21.97
2025-07-24T06:14:30.920237,SOL-USDT,183.59,183.61,297.8414,1.8283
2025-07-24T06:14:30.981852,BTC-USDT,117737.4,117737.41,1.2735,0.4332
2025-07-24T06:14:31.127702,SOL-USDT,183.65,183.66,168.5414,260.7434
2025-07-24T06:14:31.158039,LTC-USDT,109.75,109.76,4.9521,1.4807
2025-07-24T06:14:31.159731,XRP-USDT,3.0796,3.0797,9137.07,4203.78
2025-07-24T06:14:31.289747,BTC-USDT,117737.4,117737.41,1.2725,0.4332
2025-07-24T06:14:31.420730,ETH-USDT,3568.28,3568.3,70.3366,1.7249
2025-07-24T06:14:31.437680,SOL-USDT,183.65,183.66,168.5414,55.4326
2025-07-24T06:14:31.600424,BTC-USDT,117737.4,117737.41,1.2732,0.4332
2025-07-24T06:14:31.656022,LTC-USDT,109.76,109.77,14.0586,19.1451
2025-07-24T06:14:31.660582,XRP-USDT,3.0796,3.0797,9137.07,4203.78
2025-07-24T06:14:31.731443,ETH-USDT,3568.32,3568.34,70.5138,1.7309
2025-07-24T06:14:31.742767,SOL-USDT,183.65,183.68,168.5414,2.3451
2025-07-24T06:14:31.809665,BTC-USDT,117737.4,117737.41,1.2732,0.4332
2025-07-24T06:14:32.044434,ETH-USDT,3568.24,3568.26,56.1664,81.4633
2025-07-24T06:14:32.050161,SOL-USDT,183.62,183.63,9.1499,12.0564
2025-07-24T06:14:32.118633,BTC-USDT,117737.4,117737.41,1.2732,0.4332
2025-07-24T06:14:32.162481,LTC-USDT,109.76,109.77,14.0586,19.1451
2025-07-24T06:14:32.162659,XRP-USDT,3.0798,3.08,646.12,30117.87
2025-07-24T06:14:32.352547,ETH-USDT,3568.57,3568.59,109.604,110.4642
2025-07-24T06:14:32.358966,SOL-USDT,183.62,183.63,9.1499,12.0564
2025-07-24T06:14:32.430212,BTC-USDT,117759.06,117766.02,0.6607,0.6861
2025-07-24T06:14:32.598321,BTC-USDT,117763.71,117766.02,1.5206,0.6861
2025-07-24T06:14:32.637520,BTC-USDT,117759.06,117766.02,0.6607,0.6861
2025-07-24T06:14:32.657515,LTC-USDT,109.77,109.8,22.1043,10.7952
2025-07-24T06:14:32.662392,XRP-USDT,3.0793,3.0796,9671.4,2423.7
2025-07-24T06:14:32.670211,ETH-USDT,3568.95,3568.96,64.258,61.8409
2025-07-24T06:14:32.672390,SOL-USDT,183.66,183.67,138.4919,190.7119
2025-07-24T06:14:32.745165,BTC-USDT,117794.6,117794.61,0.8135,0.4414
2025-07-24T06:14:32.881082,SOL-USDT,183.68,183.69,317.0131,165.869
2025-07-24T06:14:32.980955,ETH-USDT,3569.13,3569.14,96.7104,2.2025
2025-07-24T06:14:33.054990,BTC-USDT,117794.6,117794.61,0.8135,0.4414
2025-07-24T06:14:33.155945,LTC-USDT,109.81,109.83,11.0101,108.5839
2025-07-24T06:14:33.292123,XRP-USDT,3.0815,3.0816,1149.75,2761.11
2025-07-24T06:14:33.299089,ETH-USDT,3569.6,3569.68,3.1974,77.8449
2025-07-24T06:14:33.299131,SOL-USDT,183.68,183.69,317.0131,165.869
2025-07-24T06:14:33.385025,BTC-USDT,117794.6,117794.61,0.8135,0.4414
2025-07-24T06:14:33.506094,SOL-USDT,183.69,183.7,245.6607,164.8736
2025-07-24T06:14:33.508684,ETH-USDT,3569.55,3569.57,6.7352,237.8107
2025-07-24T06:14:33.655853,LTC-USDT,109.81,109.83,11.0101,17.992
2025-07-24T06:14:33.659293,XRP-USDT,3.0815,3.0816,1149.75,2761.11
2025-07-24T06:14:33.698268,BTC-USDT,117794.6,117794.61,0.8135,0.4414
2025-07-24T06:14:33.820982,SOL-USDT,183.69,183.7,245.6607,159.43
2025-07-24T06:14:33.908104,BTC-USDT,117794.6,117794.61,0.8135,0.4414
2025-07-24T06:14:34.120366,ETH-USDT,3569.47,3569.49,112.9072,203.8243
2025-07-24T06:14:34.124215,SOL-USDT,183.69,183.7,245.6607,159.43
2025-07-24T06:14:34.154671,LTC-USDT,109.77,109.8,40.5643,66.5834
2025-07-24T06:14:34.165474,XRP-USDT,3.0815,3.0816,1149.75,2761.11
2025-07-24T06:14:34.217383,BTC-USDT,117786.16,117803.05,0.9096,0.8115
2025-07-24T06:14:34.384800,ETH-USDT,3569.47,3569.48,112.9072,0.0147
2025-07-24T06:14:34.431058,ETH-USDT,3569.57,3569.59,30.8282,212.7291
2025-07-24T06:14:34.431100,SOL-USDT,183.69,183.7,245.6607,159.43
2025-07-24T06:14:34.526532,BTC-USDT,117794.61,117794.62,0.0009,0.0007
2025-07-24T06:14:34.666475,XRP-USDT,3.0813,3.0814,7476.84,5501.61
2025-07-24T06:14:34.739245,SOL-USDT,183.72,183.73,104.1399,157.8858
2025-07-24T06:14:34.740956,ETH-USDT,3570.03,3570.05,90.7868,32.5943
2025-07-24T06:14:34.835550,BTC-USDT,117794.58,117794.62,0.0015,0.0007
2025-07-24T06:14:35.145254,BTC-USDT,117794.6,117794.61,0.001,0.0007
2025-07-24T06:14:35.154275,LTC-USDT,109.8,109.81,40.316,21.9492
2025-07-24T06:14:35.159543,XRP-USDT,3.0821,3.0822,6018.23,38.94
2025-07-24T06:14:35.286961,ETH-USDT,3570.48,3570.49,69.4306,86.9859
2025-07-24T06:14:35.350699,SOL-USDT,183.75,183.77,234.2469,60.6262
2025-07-24T06:14:35.460602,BTC-USDT,117794.58,117794.61,0.0019,0.0007
2025-07-24T06:14:35.513395,SOL-USDT,183.75,183.76,234.2469,0.0615
2025-07-24T06:14:35.556844,SOL-USDT,183.75,183.77,234.2469,60.6262
2025-07-24T06:14:35.610321,ETH-USDT,3570.46,3570.47,76.3736,148.9779
2025-07-24T06:14:35.655387,LTC-USDT,109.8,109.81,40.316,21.9492
2025-07-24T06:14:35.663243,XRP-USDT,3.0823,3.0825,7159.32,5208.84
2025-07-24T06:14:35.668202,SOL-USDT,183.75,183.77,234.2469,60.6262
2025-07-24T06:14:35.770442,BTC-USDT,117794.58,117794.61,0.0019,0.0007
2025-07-24T06:14:35.920838,ETH-USDT,3570.39,3570.41,61.8076,93.2965
2025-07-24T06:14:35.983200,SOL-USDT,183.75,183.77,234.2469,60.6262
2025-07-24T06:14:36.079739,BTC-USDT,117799.0,117799.01,0.7063,1.2524
2025-07-24T06:14:36.154373,LTC-USDT,109.78,109.8,30.8884,15.8132
2025-07-24T06:14:36.233378,ETH-USDT,3570.3,3570.32,0.562,131.7769
2025-07-24T06:14:36.266678,SOL-USDT,183.76,183.77,0.3136,60.6262
2025-07-24T06:14:36.286589,SOL-USDT,183.75,183.77,234.2469,60.6262
2025-07-24T06:14:36.389991,BTC-USDT,117799.0,117799.01,0.7063,1.2532
2025-07-24T06:14:36.423047,XRP-USDT,3.0823,3.0824,7159.32,71.85
2025-07-24T06:14:36.490530,SOL-USDT,183.78,183.79,419.6203,148.8033
2025-07-24T06:14:36.543637,ETH-USDT,3570.53,3570.54,55.478,4.7469
2025-07-24T06:14:36.657695,LTC-USDT,109.78,109.8,30.8884,15.8132
2025-07-24T06:14:36.659986,XRP-USDT,3.0819,3.082,5202.18,6543.0
2025-07-24T06:14:36.702248,BTC-USDT,117799.0,117799.01,0.7063,1.2541
2025-07-24T06:14:36.797256,SOL-USDT,183.78,183.79,419.6203,148.8033
2025-07-24T06:14:36.858539,ETH-USDT,3570.38,3570.39,33.3026,58.4275
2025-07-24T06:14:36.910142,BTC-USDT,117799.0,117799.01,0.7063,1.2541
2025-07-24T06:14:37.104415,SOL-USDT,183.8,183.81,184.3403,20.6091
2025-07-24T06:14:37.155204,LTC-USDT,109.8,109.81,9.5541,70.8617
2025-07-24T06:14:37.168192,ETH-USDT,3570.24,3570.26,28.1158,99.7707
2025-07-24T06:14:37.168391,XRP-USDT,3.0825,3.0826,7595.64,4656.33
2025-07-24T06:14:37.220978,BTC-USDT,117799.0,117799.01,0.7063,1.2524
2025-07-24T06:14:37.414556,SOL-USDT,183.8,183.81,184.3403,20.6091
2025-07-24T06:14:37.480833,ETH-USDT,3570.21,3570.22,16.547,161.8577
2025-07-24T06:14:37.532472,BTC-USDT,117799.0,117799.01,0.7063,1.2532
2025-07-24T06:14:37.655960,LTC-USDT,109.78,109.8,3.3206,10.2063
2025-07-24T06:14:37.659384,XRP-USDT,3.0829,3.083,9247.14,1844.38
2025-07-24T06:14:37.718849,SOL-USDT,183.8,183.81,184.3403,20.6091
2025-07-24T06:14:37.789715,ETH-USDT,3570.16,3570.18,3.3036,219.0427
2025-07-24T06:14:37.846677,BTC-USDT,117799.0,117799.01,0.7063,1.2532
2025-07-24T06:14:37.882376,LTC-USDT,109.79,109.8,1.7826,10.2063
2025-07-24T06:14:38.026803,SOL-USDT,183.8,183.81,184.3403,20.6091
2025-07-24T06:14:38.100040,ETH-USDT,3570.76,3570.78,20.62,207.6547
2025-07-24T06:14:38.151353,BTC-USDT,117799.0,117799.01,0.7063,1.2524
2025-07-24T06:14:38.155320,LTC-USDT,109.81,109.82,10.4095,1.0634
2025-07-24T06:14:38.161050,XRP-USDT,3.0829,3.0831,9247.14,3905.91
2025-07-24T06:14:38.311347,ETH-USDT,3570.76,3570.78,20.62,207.6547
2025-07-24T06:14:38.338071,SOL-USDT,183.85,183.87,10.8655,53.4455
2025-07-24T06:14:38.501458,BTC-USDT,117799.0,117799.01,0.7063,1.2532
2025-07-24T06:14:38.883927,SOL-USDT,183.85,183.87,10.8655,53.4455
2025-07-24T06:14:39.194416,SOL-USDT,183.83,183.84,0.0662,494.9108
2025-07-24T06:14:39.412226,ETH-USDT,3571.68,3571.69,1.3312,0.0005
2025-07-24T06:14:39.503820,SOL-USDT,183.83,183.84,0.0662,494.9108
2025-07-24T06:14:39.666472,LTC-USDT,109.82,109.83,5.4409,0.1261
2025-07-24T06:14:39.670807,XRP-USDT,3.0838,3.0839,4815.63,6871.95
2025-07-24T06:14:39.808711,SOL-USDT,183.8,183.81,397.1378,266.2353
2025-07-24T06:14:40.117958,SOL-USDT,183.86,183.87,294.1637,351.3228
2025-07-24T06:14:40.157322,LTC-USDT,109.82,109.83,5.4409,0.1261
2025-07-24T06:14:40.164350,XRP-USDT,3.0877,3.0878,4010.04,14478.3
2025-07-24T06:14:40.282561,BTC-USDT,117799.0,117799.01,0.7063,1.2542
2025-07-24T06:14:40.288958,ETH-USDT,3571.6,3571.61,101.652,10.6535
2025-07-24T06:14:40.425224,SOL-USDT,183.86,183.87,294.1637,9.0117
2025-07-24T06:14:42.322913,ETH-USDT,3572.23,3572.24,152.4188,113.059
2025-07-24T06:14:42.332711,BTC-USDT,117791.3,117791.31,0.8614,0.8788
2025-07-24T06:14:42.355407,XRP-USDT,3.0863,3.0864,4023.0,5002.74
2025-07-24T06:14:42.368946,LTC-USDT,109.88,109.89,8.0634,47.944
2025-07-24T06:14:42.408595,SOL-USDT,183.86,183.87,508.2651,0.5117
2025-07-24T06:14:42.538831,ETH-USDT,3572.23,3572.24,152.4188,113.059
2025-07-24T06:14:42.640980,BTC-USDT,117791.3,117791.31,0.8623,0.8789
2025-07-24T06:14:42.659468,XRP-USDT,3.0863,3.0864,4023.0,5002.74
2025-07-24T06:14:42.818799,SOL-USDT,183.84,183.85,104.6868,277.9475
2025-07-24T06:14:42.951272,BTC-USDT,117791.3,117791.31,0.8614,0.879
2025-07-24T06:14:43.130718,SOL-USDT,183.84,183.85,104.6868,277.9475
2025-07-24T06:14:43.155163,LTC-USDT,109.88,109.89,8.0634,47.944
2025-07-24T06:14:43.158523,XRP-USDT,3.0868,3.0869,580.05,4911.48
2025-07-24T06:14:43.266249,BTC-USDT,117791.3,117791.31,0.8614,0.879
2025-07-24T06:14:43.435722,SOL-USDT,183.84,183.85,104.6868,277.9475
2025-07-24T06:14:43.574680,BTC-USDT,117791.3,117791.31,0.8614,0.8797
2025-07-24T06:14:43.656550,LTC-USDT,109.88,109.89,8.0634,47.944
2025-07-24T06:14:43.665138,XRP-USDT,3.0868,3.0869,580.05,4911.48
2025-07-24T06:14:43.746580,SOL-USDT,183.84,183.85,104.6868,277.9475
2025-07-24T06:14:43.754603,ETH-USDT,3572.03,3572.04,20.7534,77.7601
2025-07-24T06:14:43.883488,BTC-USDT,117791.3,117791.31,0.8614,0.8788
2025-07-24T06:14:44.051646,SOL-USDT,183.81,183.83,142.3231,93.8663
2025-07-24T06:14:44.065007,ETH-USDT,3571.51,3571.53,0.1206,242.7707
2025-07-24T06:14:44.159782,LTC-USDT,109.84,109.88,65.3124,61.8163
2025-07-24T06:14:44.159829,XRP-USDT,3.0852,3.0854,1351.89,15341.04
2025-07-24T06:14:44.323754,BTC-USDT,117772.6,117772.61,1.2288,0.5102
2025-07-24T06:14:44.334949,ETH-USDT,3571.06,3571.07,21.085,143.9859
2025-07-24T06:14:44.366119,SOL-USDT,183.75,183.77,412.1565,49.1274
2025-07-24T06:14:44.443668,BTC-USDT,117772.6,117772.61,1.2288,0.5102
2025-07-24T06:14:44.646525,ETH-USDT,3571.06,3571.07,21.085,143.9859
2025-07-24T06:14:44.655520,LTC-USDT,109.85,109.86,0.3033,33.3489
2025-07-24T06:14:44.660440,XRP-USDT,3.0838,3.0841,527.12,17440.38
2025-07-24T06:14:44.675386,SOL-USDT,183.75,183.77,108.5228,49.1274
2025-07-24T06:14:44.755269,BTC-USDT,117772.6,117772.61,1.2288,0.5102
2025-07-24T06:14:44.883788,SOL-USDT,183.75,183.77,108.5228,49.1274
2025-07-24T06:14:45.065490,BTC-USDT,117772.6,117772.61,1.2288,0.5102
2025-07-24T06:14:45.154174,LTC-USDT,109.85,109.86,0.3033,33.3489
2025-07-24T06:14:45.159677,XRP-USDT,3.0838,3.0841,527.12,17440.38
2025-07-24T06:14:45.191672,SOL-USDT,183.75,183.77,108.5228,49.1274
2025-07-24T06:14:45.203446,ETH-USDT,3571.21,3571.22,42.206,41.7505
2025-07-24T06:14:45.280707,ETH-USDT,3571.15,3571.2,0.003,53.5315
2025-07-24T06:14:45.376136,BTC-USDT,117772.6,117772.61,1.2288,0.5102
2025-07-24T06:14:45.433167,XRP-USDT,3.084,3.0841,143.22,17440.38
2025-07-24T06:14:45.502806,SOL-USDT,183.75,183.77,108.5228,49.1274
2025-07-24T06:14:45.593360,ETH-USDT,3571.07,3571.12,0.0062,45.7901
2025-07-24T06:14:45.633910,ETH-USDT,3571.09,3571.12,0.0543,45.7901
2025-07-24T06:14:45.658051,LTC-USDT,109.81,109.84,42.1269,49.8693
2025-07-24T06:14:45.658576,XRP-USDT,3.0833,3.0835,39.7,7959.16
2025-07-24T06:14:45.686773,BTC-USDT,117760.5,117760.51,1.2213,1.0458
2025-07-24T06:14:45.700889,ETH-USDT,3571.07,3571.12,0.0062,45.7901
2025-07-24T06:14:45.810803,SOL-USDT,183.74,183.75,134.1886,107.4476
2025-07-24T06:14:45.818440,ETH-USDT,3571.21,3571.22,48.8236,56.3895
2025-07-24T06:14:45.997544,BTC-USDT,117760.5,117760.51,1.2213,1.0458
2025-07-24T06:14:46.119909,SOL-USDT,183.71,183.73,389.0697,140.392
2025-07-24T06:14:46.154166,LTC-USDT,109.81,109.84,42.1269,49.8693
2025-07-24T06:14:46.161528,XRP-USDT,3.0833,3.0835,1871.41,7959.16
2025-07-24T06:14:46.211131,BTC-USDT,117760.5,117760.51,1.2213,1.0458
2025-07-24T06:14:46.427365,ETH-USDT,3571.1,3571.11,22.886,66.1091
2025-07-24T06:14:46.428373,SOL-USDT,183.71,183.73,389.0697,140.392
2025-07-24T06:14:46.523006,BTC-USDT,117760.5,117760.51,1.2213,1.0468
2025-07-24T06:14:46.662467,LTC-USDT,109.81,109.84,42.1269,49.8693
2025-07-24T06:14:46.662504,XRP-USDT,3.0831,3.0833,552.08,11239.62
2025-07-24T06:14:46.737817,SOL-USDT,183.71,183.73,20.5946,140.392
2025-07-24T06:14:46.769574,LTC-USDT,109.82,109.84,0.1,49.8693
2025-07-24T06:14:46.830740,BTC-USDT,117760.5,117760.51,1.2213,1.0468
2025-07-24T06:14:47.035655,ETH-USDT,3571.18,3571.2,55.365,1.8813
2025-07-24T06:14:47.050454,SOL-USDT,183.71,183.72,25.7175,166.0033
2025-07-24T06:14:47.142264,BTC-USDT,117760.5,117760.51,1.2213,1.0468
2025-07-24T06:14:47.156852,LTC-USDT,109.81,109.83,42.1269,52.0923
2025-07-24T06:14:47.159001,XRP-USDT,3.0828,3.0832,475.53,5983.2
2025-07-24T06:14:47.395310,ETH-USDT,3571.5,3571.51,47.174,49.3013
2025-07-24T06:14:47.496371,BTC-USDT,117760.5,117760.51,1.2213,1.0458
2025-07-24T06:14:47.599760,SOL-USDT,183.71,183.72,25.7175,166.0033
2025-07-24T06:14:47.655477,LTC-USDT,109.8,109.83,1.3069,52.0923
2025-07-24T06:14:47.706019,ETH-USDT,3571.76,3571.77,48.4806,54.3563
2025-07-24T06:14:47.706062,BTC-USDT,117760.5,117760.51,1.2213,1.0458
2025-07-24T06:14:47.841655,XRP-USDT,3.083,3.0832,22.51,5983.2
2025-07-24T06:14:47.916668,ETH-USDT,3571.67,3571.68,52.2566,68.9627
2025-07-24T06:14:48.018047,BTC-USDT,117760.5,117760.51,1.2213,1.0458
2025-07-24T06:14:48.044926,XRP-USDT,3.0828,3.083,475.53,473.73
2025-07-24T06:14:48.052499,LTC-USDT,109.81,109.83,0.9542,52.0923
2025-07-24T06:14:48.152195,LTC-USDT,109.8,109.83,13.6868,61.0792
2025-07-24T06:14:48.158919,XRP-USDT,3.0828,3.0832,475.53,5983.2
2025-07-24T06:14:48.205635,SOL-USDT,183.71,183.72,25.7175,166.0033
2025-07-24T06:14:48.227994,ETH-USDT,3571.36,3571.37,1.1598,79.7989
2025-07-24T06:14:48.331841,BTC-USDT,117760.5,117760.51,1.2213,1.0458
2025-07-24T06:14:48.539351,ETH-USDT,3570.91,3570.93,0.003,190.3223
2025-07-24T06:14:48.664438,BTC-USDT,117760.5,117760.51,1.2213,1.0458
2025-07-24T06:14:48.667117,LTC-USDT,109.8,109.83,13.6868,61.0792
2025-07-24T06:14:48.670143,XRP-USDT,3.0819,3.0823,11843.62,16206.39
2025-07-24T06:14:48.817094,SOL-USDT,183.65,183.67,301.9657,181.9382
2025-07-24T06:14:48.955690,BTC-USDT,117760.5,117760.51,1.2213,1.0466
2025-07-24T06:14:49.125716,SOL-USDT,183.65,183.67,301.9657,181.9382
2025-07-24T06:14:49.153437,LTC-USDT,109.8,109.83,13.6868,61.0792
2025-07-24T06:14:49.163453,ETH-USDT,3570.87,3570.88,29.4608,190.3443
2025-07-24T06:14:49.165421,XRP-USDT,3.0819,3.0821,10951.32,6060.6
2025-07-24T06:14:49.170060,LTC-USDT,109.82,109.83,0.8531,61.0792
2025-07-24T06:14:49.206665,SOL-USDT,183.65,183.66,301.9657,1.5226
2025-07-24T06:14:49.231660,SOL-USDT,183.65,183.67,301.9657,181.9382
2025-07-24T06:14:49.265651,BTC-USDT,117760.5,117760.51,1.2213,1.0466
2025-07-24T06:14:49.440098,SOL-USDT,183.65,183.67,21.1003,181.9382
2025-07-24T06:14:49.580540,BTC-USDT,117760.5,117760.51,1.2213,1.0467
2025-07-24T06:14:49.653673,LTC-USDT,109.8,109.83,13.6868,61.0792
2025-07-24T06:14:49.659996,XRP-USDT,3.0817,3.0821,814.59,6060.6
2025-07-24T06:14:49.748458,SOL-USDT,183.65,183.67,21.1003,181.9382
2025-07-24T06:14:49.779979,ETH-USDT,3570.77,3570.78,29.4552,216.6591
2025-07-24T06:14:49.891767,BTC-USDT,117760.5,117760.51,1.2213,1.0458
2025-07-24T06:14:49.900459,XRP-USDT,3.0817,3.082,814.59,4750.27
2025-07-24T06:14:50.057998,SOL-USDT,183.63,183.64,213.1341,451.3441
2025-07-24T06:14:50.105943,BTC-USDT,117743.11,117753.57,0.5635,0.6657
2025-07-24T06:14:50.157294,LTC-USDT,109.77,109.8,0.7414,63.076
2025-07-24T06:14:50.157334,XRP-USDT,3.0809,3.0816,1095.32,13455.45
2025-07-24T06:14:50.283026,ETH-USDT,3570.3,3570.31,0.0035,213.1727
2025-07-24T06:14:50.367318,SOL-USDT,183.62,183.64,54.0276,451.3441
2025-07-24T06:14:50.377059,XRP-USDT,3.0808,3.0809,2031.66,993.67
2025-07-24T06:14:50.397677,ETH-USDT,3570.3,3570.31,0.2762,213.1727
2025-07-24T06:14:50.415385,BTC-USDT,117744.0,117744.01,0.5408,0.7273
2025-07-24T06:14:50.611050,ETH-USDT,3570.01,3570.03,0.0368,131.6905
2025-07-24T06:14:50.653723,XRP-USDT,3.0808,3.081,2031.66,22993.92
2025-07-24T06:14:50.656571,LTC-USDT,109.78,109.8,10.9187,155.3461
2025-07-24T06:14:50.676760,SOL-USDT,183.59,183.62,37.2706,277.0388
2025-07-24T06:14:50.735767,BTC-USDT,117744.0,117744.01,0.5408,0.7283
2025-07-24T06:14:50.883733,SOL-USDT,183.59,183.62,36.7581,277.0388
2025-07-24T06:14:50.923804,ETH-USDT,3569.61,3569.62,0.2004,153.6885
2025-07-24T06:14:51.040677,BTC-USDT,117744.0,117744.01,0.5408,0.7283
2025-07-24T06:14:51.090110,SOL-USDT,183.6,183.62,0.6141,277.0388
2025-07-24T06:14:51.094800,SOL-USDT,183.59,183.62,36.7581,277.0388
2025-07-24T06:14:51.153802,LTC-USDT,109.75,109.77,6.7032,55.1772
2025-07-24T06:14:51.157197,XRP-USDT,3.0802,3.0808,470.97,11369.16
2025-07-24T06:14:51.202152,SOL-USDT,183.58,183.6,0.5023,246.88
2025-07-24T06:14:51.237400,ETH-USDT,3569.57,3569.58,0.3316,163.0767
2025-07-24T06:14:51.357517,BTC-USDT,117744.0,117744.01,0.5408,0.7283
2025-07-24T06:14:51.511357,SOL-USDT,183.58,183.6,0.5023,246.88
2025-07-24T06:14:51.525896,XRP-USDT,3.0802,3.0805,518.56,94.04
2025-07-24T06:14:51.551286,ETH-USDT,3569.2,3569.22,0.123,120.5559
2025-07-24T06:14:51.656342,LTC-USDT,109.73,109.75,87.2306,79.0569
2025-07-24T06:14:51.658967,XRP-USDT,3.0802,3.0808,518.56,11369.16
2025-07-24T06:14:51.669542,BTC-USDT,117739.6,117739.61,1.1047,1.0331
2025-07-24T06:14:51.821668,SOL-USDT,183.57,183.59,0.1639,391.6179
2025-07-24T06:14:51.871579,ETH-USDT,3569.2,3569.22,0.0836,120.5559
2025-07-24T06:14:51.981433,BTC-USDT,117739.6,117739.61,1.1047,1.0331
2025-07-24T06:14:52.155076,LTC-USDT,109.73,109.74,87.2306,56.5032
2025-07-24T06:14:52.164013,XRP-USDT,3.0806,3.0807,4655.61,493.29
2025-07-24T06:14:52.185647,ETH-USDT,3569.34,3569.35,21.9508,143.0397
2025-07-24T06:14:52.293928,BTC-USDT,117739.6,117739.61,1.1047,1.0331
2025-07-24T06:14:52.434633,SOL-USDT,183.57,183.59,0.1639,391.6179
2025-07-24T06:14:52.447293,SOL-USDT,183.57,183.58,0.1639,1.9801
2025-07-24T06:14:52.497051,ETH-USDT,3569.34,3569.35,21.9508,143.0397
2025-07-24T06:14:52.509167,BTC-USDT,117739.6,117739.61,1.1047,1.0331
2025-07-24T06:14:52.540792,SOL-USDT,183.57,183.59,0.1639,391.6179
2025-07-24T06:14:52.659558,LTC-USDT,109.75,109.76,12.6156,0.0897
2025-07-24T06:14:52.663919,XRP-USDT,3.0809,3.081,3618.36,7792.65
2025-07-24T06:14:52.709851,ETH-USDT,3569.61,3569.62,74.2124,16.5045
2025-07-24T06:14:52.750826,SOL-USDT,183.59,183.6,120.0004,52.2707
2025-07-24T06:14:52.814970,BTC-USDT,117739.6,117739.61,1.1047,1.0331
2025-07-24T06:14:53.024981,ETH-USDT,3569.51,3569.52,43.7024,44.1215
2025-07-24T06:14:53.059753,SOL-USDT,183.61,183.62,1.2928,213.1129
2025-07-24T06:14:53.127616,BTC-USDT,117739.6,117739.61,1.1047,1.0331
2025-07-24T06:14:53.155270,LTC-USDT,109.75,109.77,0.575,34.8556
2025-07-24T06:14:53.160511,XRP-USDT,3.0823,3.0825,13428.36,34.05
2025-07-24T06:14:53.170132,LTC-USDT,109.76,109.77,0.8331,34.8556
2025-07-24T06:14:53.335778,ETH-USDT,3569.32,3569.33,22.7142,61.8545
2025-07-24T06:14:53.368944,SOL-USDT,183.61,183.62,1.2928,213.1129
2025-07-24T06:14:53.438124,BTC-USDT,117739.6,117739.61,1.1047,1.0331
2025-07-24T06:14:53.651846,ETH-USDT,3569.39,3569.41,0.003,56.4929
2025-07-24T06:14:53.654178,LTC-USDT,109.75,109.77,0.575,34.8556
2025-07-24T06:14:53.656646,XRP-USDT,3.0817,3.0822,2825.61,7473.69
2025-07-24T06:14:53.677014,SOL-USDT,183.58,183.59,121.2874,205.1662
2025-07-24T06:14:53.753800,BTC-USDT,117739.6,117739.61,1.1047,1.0331
2025-07-24T06:14:53.885274,SOL-USDT,183.58,183.59,121.2874,205.1662
2025-07-24T06:14:54.065275,BTC-USDT,117739.6,117739.61,1.1047,1.0331
2025-07-24T06:14:54.157227,LTC-USDT,109.73,109.76,10.9724,54.1424
2025-07-24T06:14:54.164261,XRP-USDT,3.0817,3.0822,2825.61,7473.69
2025-07-24T06:14:54.196304,SOL-USDT,183.58,183.59,121.2874,205.1662
2025-07-24T06:14:54.372743,ETH-USDT,3569.39,3569.4,0.003,0.0069
2025-07-24T06:14:54.380992,BTC-USDT,117739.6,117739.61,1.1047,1.0331
2025-07-24T06:14:54.486242,ETH-USDT,3569.39,3569.41,0.003,56.4929
2025-07-24T06:14:54.503333,SOL-USDT,183.58,183.59,121.2874,205.1662
2025-07-24T06:14:54.582300,ETH-USDT,3569.47,3569.49,0.003,56.4345
2025-07-24T06:14:54.828432,XRP-USDT,3.0819,3.0822,8410.44,7473.69
2025-07-24T06:14:54.828463,BTC-USDT,117739.6,117739.61,1.1047,1.0331
2025-07-24T06:14:54.837008,SOL-USDT,183.56,183.58,7.2946,404.6918
2025-07-24T06:14:54.837249,ETH-USDT,3569.11,3569.12,56.5136,135.3829
2025-07-24T06:14:54.952011,BTC-USDT,117739.6,117739.61,1.1047,1.0331
2025-07-24T06:14:55.150646,SOL-USDT,183.56,183.58,7.2946,404.6918
2025-07-24T06:14:55.161092,LTC-USDT,109.7,109.73,60.8807,79.6939
2025-07-24T06:14:55.161122,XRP-USDT,3.0813,3.0816,374.81,4894.79
2025-07-24T06:14:55.263295,BTC-USDT,117739.6,117739.61,1.1047,1.0331
2025-07-24T06:14:55.285990,ETH-USDT,3569.22,3569.23,57.9468,122.4779
2025-07-24T06:14:55.498399,ETH-USDT,3569.09,3569.11,0.0092,164.7679
2025-07-24T06:14:55.571809,SOL-USDT,183.56,183.57,7.2946,1.9777
2025-07-24T06:14:55.581026,BTC-USDT,117739.6,117739.61,1.1047,1.0331
2025-07-24T06:14:55.654571,LTC-USDT,109.7,109.73,168.4722,147.7359
2025-07-24T06:14:55.662461,XRP-USDT,3.0816,3.0818,1087.38,5193.54
2025-07-24T06:14:55.663341,SOL-USDT,183.56,183.58,7.2946,404.6918
2025-07-24T06:14:55.888921,BTC-USDT,117739.6,117739.61,1.1047,1.0331
2025-07-24T06:14:56.162429,LTC-USDT,109.7,109.73,115.1102,68.042
2025-07-24T06:14:56.164843,XRP-USDT,3.0804,3.081,1106.02,4281.66
2025-07-24T06:14:56.200963,BTC-USDT,117739.6,117739.61,1.1047,1.0331
2025-07-24T06:14:56.298559,ETH-USDT,3569.09,3569.1,0.0092,0.0026
2025-07-24T06:14:56.318661,ETH-USDT,3569.15,3569.16,62.3476,97.9255
2025-07-24T06:14:56.374771,SOL-USDT,183.56,183.58,7.2946,404.6918
2025-07-24T06:14:56.411629,BTC-USDT,117739.6,117739.61,1.1047,1.0331
2025-07-24T06:14:56.460774,SOL-USDT,183.56,183.57,7.2946,0.0544
2025-07-24T06:14:56.477377,XRP-USDT,3.0808,3.081,13.71,4281.66
2025-07-24T06:14:56.481930,SOL-USDT,183.56,183.58,7.2946,404.6918
2025-07-24T06:14:56.589322,SOL-USDT,183.56,183.58,7.2946,404.6918
2025-07-24T06:14:56.660510,LTC-USDT,109.69,109.73,46.6847,68.042
2025-07-24T06:14:56.660558,XRP-USDT,3.0804,3.081,1106.02,4281.66
2025-07-24T06:14:56.678244,LTC-USDT,109.69,109.71,46.6847,0.9727
2025-07-24T06:14:56.725222,BTC-USDT,117739.6,117739.61,1.1047,1.0331
2025-07-24T06:14:56.898244,SOL-USDT,183.56,183.58,7.2946,404.6918
2025-07-24T06:14:56.954920,LTC-USDT,109.69,109.71,46.6847,1.8033
2025-07-24T06:14:56.956270,XRP-USDT,3.0804,3.0808,1106.02,157.47
2025-07-24T06:14:57.036485,BTC-USDT,117739.6,117739.61,1.1047,1.0331
2025-07-24T06:14:57.160124,LTC-USDT,109.69,109.73,46.6847,68.042
2025-07-24T06:14:57.161344,XRP-USDT,3.0804,3.081,1106.02,4281.66
2025-07-24T06:14:57.209644,SOL-USDT,183.56,183.58,7.2946,404.6918
2025-07-24T06:14:57.350126,BTC-USDT,117739.6,117739.61,1.1047,1.0331
2025-07-24T06:14:57.517668,SOL-USDT,183.56,183.58,7.2946,404.6918
2025-07-24T06:14:57.660235,LTC-USDT,109.69,109.73,46.6847,68.042
2025-07-24T06:14:57.660318,XRP-USDT,3.0804,3.081,1106.02,4281.66
2025-07-24T06:14:57.678026,BTC-USDT,117739.6,117739.61,1.1047,1.0331
2025-07-24T06:14:57.822742,SOL-USDT,183.56,183.58,7.2946,404.6918
2025-07-24T06:14:57.834174,XRP-USDT,3.0807,3.081,56.18,4281.66
2025-07-24T06:14:57.981463,BTC-USDT,117739.6,117739.61,1.1047,1.0331
2025-07-24T06:14:58.063949,XRP-USDT,3.0809,3.081,1070.65,4281.66
2025-07-24T06:14:58.166265,XRP-USDT,3.081,3.0812,14318.28,6082.65
2025-07-24T06:14:58.304511,BTC-USDT,117739.6,117739.61,1.1047,1.0331
2025-07-24T06:14:58.304904,LTC-USDT,109.69,109.71,46.6847,0.1031
2025-07-24T06:14:58.435973,SOL-USDT,183.59,183.6,385.5846,38.7022
2025-07-24T06:14:58.436040,ETH-USDT,3569.24,3569.25,83.8922,6.6359
2025-07-24T06:14:58.496946,XRP-USDT,3.081,3.0811,14318.28,783.2
2025-07-24T06:14:58.507032,BTC-USDT,117739.6,117739.61,1.1047,1.0331
2025-07-24T06:14:58.663601,LTC-USDT,109.69,109.73,46.6847,68.042
2025-07-24T06:14:58.663694,XRP-USDT,3.081,3.0812,14318.28,6082.65
2025-07-24T06:14:58.752959,SOL-USDT,183.59,183.6,385.5846,38.7022
2025-07-24T06:14:58.753023,ETH-USDT,3569.28,3569.29,71.5676,28.4289
2025-07-24T06:14:58.819202,BTC-USDT,117739.6,117739.61,1.1047,1.0331
2025-07-24T06:14:59.049452,SOL-USDT,183.59,183.6,385.5846,38.7022
2025-07-24T06:14:59.129001,BTC-USDT,117739.6,117739.61,1.1047,1.0331
2025-07-24T06:14:59.157943,LTC-USDT,109.69,109.73,46.6847,68.042
2025-07-24T06:14:59.161480,XRP-USDT,3.0814,3.082,7132.03,20815.38
2025-07-24T06:14:59.240639,XRP-USDT,3.0817,3.082,1386.17,20815.38
2025-07-24T06:14:59.433013,BTC-USDT,117739.6,117739.61,1.1047,1.0331
2025-07-24T06:14:59.655330,LTC-USDT,109.72,109.74,33.8043,15.0527
2025-07-24T06:14:59.660921,XRP-USDT,3.0814,3.0815,2973.6,17772.44
2025-07-24T06:14:59.668732,SOL-USDT,183.59,183.6,385.5846,38.7022
2025-07-24T06:14:59.743042,BTC-USDT,117739.6,117739.61,1.1047,1.0331
2025-07-24T06:14:59.976295,SOL-USDT,183.59,183.6,385.5846,38.7022
2025-07-24T06:15:00.053402,BTC-USDT,117739.6,117739.61,1.1047,1.0331
2025-07-24T06:15:00.160047,LTC-USDT,109.72,109.74,33.8043,15.0527
2025-07-24T06:15:00.160110,XRP-USDT,3.0816,3.0817,2973.6,7152.57
2025-07-24T06:15:00.262465,LTC-USDT,109.72,109.73,33.8043,0.4409
2025-07-24T06:15:00.364035,BTC-USDT,117739.6,117739.61,1.1047,1.0331
2025-07-24T06:15:00.367645,ETH-USDT,3569.34,3569.36,165.5294,36.5765
2025-07-24T06:15:00.484441,SOL-USDT,183.65,183.66,265.6963,67.5665
2025-07-24T06:15:00.581606,ETH-USDT,3569.61,3569.62,106.5314,3.4903
2025-07-24T06:15:00.658412,LTC-USDT,109.73,109.75,31.3313,29.7472
2025-07-24T06:15:00.668763,XRP-USDT,3.0819,3.0821,6088.23,5836.77
2025-07-24T06:15:00.675800,BTC-USDT,117739.6,117739.61,1.1047,1.0331
2025-07-24T06:15:00.793660,SOL-USDT,183.65,183.66,265.6963,67.5665
2025-07-24T06:15:00.892136,ETH-USDT,3569.73,3569.74,34.437,66.5189
2025-07-24T06:15:00.987613,BTC-USDT,117739.6,117739.61,1.1047,1.0331
2025-07-24T06:15:01.099910,SOL-USDT,183.65,183.66,43.7851,208.7642
2025-07-24T06:15:01.154783,LTC-USDT,109.76,109.77,24.0712,0.0598
2025-07-24T06:15:01.166113,XRP-USDT,3.0825,3.0826,9476.37,23.04
2025-07-24T06:15:01.211302,ETH-USDT,3569.83,3569.84,4.078,67.2565
2025-07-24T06:15:01.297988,BTC-USDT,117739.6,117739.61,1.1047,1.0331
2025-07-24T06:15:01.408991,SOL-USDT,183.65,183.66,43.7851,208.7642
2025-07-24T06:15:01.423415,ETH-USDT,3569.58,3569.59,3.9336,83.2459
2025-07-24T06:15:01.447130,XRP-USDT,3.0825,3.0826,13377.87,17.8
2025-07-24T06:15:01.505791,BTC-USDT,117739.6,117739.61,1.1047,1.0331
2025-07-24T06:15:01.655506,LTC-USDT,109.76,109.77,24.0712,0.0598
2025-07-24T06:15:01.662654,XRP-USDT,3.0825,3.0827,13377.87,48.25
2025-07-24T06:15:01.715780,SOL-USDT,183.61,183.62,318.2018,296.6746
2025-07-24T06:15:01.741556,ETH-USDT,3569.36,3569.37,0.006,186.7711
2025-07-24T06:15:01.817769,BTC-USDT,117767.1,117767.11,0.9899,0.9773
2025-07-24T06:15:02.021902,SOL-USDT,183.59,183.62,266.5804,296.6746
2025-07-24T06:15:02.051156,ETH-USDT,3569.11,3569.12,0.3512,188.2745
2025-07-24T06:15:02.127581,BTC-USDT,117767.1,117767.11,0.9899,0.9773
2025-07-24T06:15:02.156508,LTC-USDT,109.73,109.74,6.3717,17.8555
2025-07-24T06:15:02.159893,XRP-USDT,3.0806,3.0808,256.77,5142.15
2025-07-24T06:15:02.227608,XRP-USDT,3.0807,3.0808,213.76,5142.15
2025-07-24T06:15:02.326991,SOL-USDT,183.59,183.62,266.5804,296.6746
2025-07-24T06:15:02.365792,ETH-USDT,3569.11,3569.12,0.6964,376.549
2025-07-24T06:15:02.437632,BTC-USDT,117767.1,117767.11,0.9899,0.9773
2025-07-24T06:15:02.637256,SOL-USDT,183.58,183.59,824.3335,342.2933
2025-07-24T06:15:02.655802,LTC-USDT,109.68,109.71,12.8535,33.1357
2025-07-24T06:15:02.657904,XRP-USDT,3.0796,3.0797,20618.1,10730.34
2025-07-24T06:15:02.680127,ETH-USDT,3568.99,3569.01,0.3928,183.8957
2025-07-24T06:15:02.747681,BTC-USDT,117767.1,117767.11,0.9899,0.9773
2025-07-24T06:15:02.941051,SOL-USDT,183.58,183.59,663.9912,342.2933
2025-07-24T06:15:02.990967,ETH-USDT,3568.61,3568.62,58.4428,186.4403
2025-07-24T06:15:03.062423,BTC-USDT,117755.0,117755.01,0.4523,0.5381
2025-07-24T06:15:03.155336,LTC-USDT,109.7,109.72,91.3467,57.9306
2025-07-24T06:15:03.248198,SOL-USDT,183.56,183.59,147.3586,268.7249
2025-07-24T06:15:03.302985,ETH-USDT,3568.66,3568.67,40.6498,123.0293
2025-07-24T06:15:03.369699,BTC-USDT,117755.0,117755.01,0.4523,0.539
2025-07-24T06:15:03.517983,ETH-USDT,3568.74,3568.75,58.8942,122.9899
2025-07-24T06:15:03.655036,LTC-USDT,109.7,109.72,91.3467,57.9306
2025-07-24T06:15:03.661459,XRP-USDT,3.0788,3.0789,8498.97,2295.45
2025-07-24T06:15:03.679862,BTC-USDT,117755.0,117755.01,0.4523,0.5399
2025-07-24T06:15:03.827975,ETH-USDT,3568.7,3568.71,62.3074,122.9929
2025-07-24T06:15:03.990321,BTC-USDT,117755.0,117755.01,0.4523,0.5408
2025-07-24T06:15:04.140322,ETH-USDT,3568.63,3568.64,27.6162,165.3325
2025-07-24T06:15:04.156976,LTC-USDT,109.69,109.72,3.3739,57.9306
2025-07-24T06:15:04.161478,XRP-USDT,3.0793,3.0795,17010.45,52.56
2025-07-24T06:15:04.162964,SOL-USDT,183.55,183.56,40.7158,385.2735
2025-07-24T06:15:04.300466,BTC-USDT,117755.0,117755.01,0.4523,0.539
2025-07-24T06:15:04.461484,ETH-USDT,3568.69,3568.7,39.3548,161.3525
2025-07-24T06:15:04.508727,BTC-USDT,117755.0,117755.01,0.4523,0.539
2025-07-24T06:15:04.656545,LTC-USDT,109.69,109.72,3.3739,57.9306
2025-07-24T06:15:04.668348,XRP-USDT,3.0793,3.0795,17010.45,52.56
2025-07-24T06:15:04.772656,SOL-USDT,183.55,183.56,40.7158,385.2735
2025-07-24T06:15:04.772941,ETH-USDT,3568.72,3568.73,50.407,56.7007
2025-07-24T06:15:04.818921,BTC-USDT,117755.0,117755.01,1.0204,1.3861
2025-07-24T06:15:04.978229,SOL-USDT,183.55,183.56,40.7158,385.2735
2025-07-24T06:15:05.130424,BTC-USDT,117755.0,117755.01,1.0204,1.3868
2025-07-24T06:15:05.159652,LTC-USDT,109.7,109.71,35.9766,0.3549
2025-07-24T06:15:05.163707,XRP-USDT,3.0794,3.0795,13053.42,4809.06
2025-07-24T06:15:05.286738,SOL-USDT,183.55,183.56,40.7158,385.2735
2025-07-24T06:15:05.398406,ETH-USDT,3568.84,3569.01,202.6824,2.6197
2025-07-24T06:15:05.438375,BTC-USDT,117755.0,117755.01,1.0204,1.3868
2025-07-24T06:15:05.561229,ETH-USDT,3568.93,3569.01,0.0979,2.6197
2025-07-24T06:15:05.594208,SOL-USDT,183.55,183.56,40.7158,385.2735
2025-07-24T06:15:05.609899,ETH-USDT,3569.51,3569.53,51.7654,3.4093
2025-07-24T06:15:05.656620,LTC-USDT,109.73,109.74,30.5296,54.3595
2025-07-24T06:15:05.657339,XRP-USDT,3.0796,3.0797,3459.51,3871.98
2025-07-24T06:15:05.753605,BTC-USDT,117755.0,117755.01,1.0204,1.3871
2025-07-24T06:15:05.932834,ETH-USDT,3569.64,3569.65,214.4056,0.09
2025-07-24T06:15:05.932929,SOL-USDT,183.59,183.61,292.3761,18.3252
2025-07-24T06:15:06.058317,BTC-USDT,117755.0,117755.01,1.0204,1.3871
2025-07-24T06:15:06.158028,LTC-USDT,109.73,109.74,30.5296,0.3705
2025-07-24T06:15:06.160770,XRP-USDT,3.0809,3.081,20035.35,312.93
2025-07-24T06:15:06.233775,ETH-USDT,3569.64,3569.66,214.4056,0.0561
2025-07-24T06:15:06.236126,SOL-USDT,183.59,183.61,292.3761,18.3252
2025-07-24T06:15:06.370587,BTC-USDT,117755.0,117755.01,1.0204,1.3871
2025-07-24T06:15:06.543311,SOL-USDT,183.6,183.62,422.1193,75.0661
2025-07-24T06:15:06.545037,ETH-USDT,3569.75,3569.76,154.4384,33.3427
2025-07-24T06:15:06.657484,XRP-USDT,3.0814,3.0816,12457.44,3808.53
2025-07-24T06:15:06.660113,LTC-USDT,109.73,109.74,30.5296,0.3705
2025-07-24T06:15:06.684419,BTC-USDT,117755.0,117755.01,1.0204,1.3861
2025-07-24T06:15:06.991784,BTC-USDT,117755.0,117755.01,1.0204,1.387
2025-07-24T06:15:07.155591,LTC-USDT,109.73,109.74,30.5296,0.3705
2025-07-24T06:15:07.158398,SOL-USDT,183.59,183.6,344.147,0.4088
2025-07-24T06:15:07.160812,XRP-USDT,3.0814,3.0816,12457.44,3808.53
2025-07-24T06:15:07.303352,BTC-USDT,117755.0,117755.01,1.0204,1.387
2025-07-24T06:15:07.464595,SOL-USDT,183.59,183.6,103.8138,0.4088
2025-07-24T06:15:07.508980,XRP-USDT,3.0814,3.0815,12457.44,91.44
2025-07-24T06:15:07.511314,BTC-USDT,117755.0,117755.01,1.0204,1.3877
2025-07-24T06:15:07.667448,LTC-USDT,109.77,109.8,47.1384,22.5355
2025-07-24T06:15:07.667747,XRP-USDT,3.0814,3.0816,12457.44,15527.67
2025-07-24T06:15:07.770775,SOL-USDT,183.6,183.62,180.8417,2.2015
2025-07-24T06:15:07.821393,BTC-USDT,117755.0,117755.01,1.0204,1.3877
2025-07-24T06:15:07.997558,LTC-USDT,109.78,109.8,1.3449,22.5355
2025-07-24T06:15:08.078445,SOL-USDT,183.6,183.62,180.8417,2.2015
2025-07-24T06:15:08.081471,ETH-USDT,3569.85,3569.86,96.6464,36.7583
2025-07-24T06:15:08.136682,BTC-USDT,117755.0,117755.01,1.0204,1.3861
2025-07-24T06:15:08.155478,LTC-USDT,109.77,109.8,47.1384,22.5355
2025-07-24T06:15:08.158678,XRP-USDT,3.0816,3.0817,847.56,281.2
2025-07-24T06:15:08.285537,SOL-USDT,183.62,183.63,332.4842,0.3408
2025-07-24T06:15:08.398697,ETH-USDT,3570.05,3570.07,187.5354,0.0491
2025-07-24T06:15:08.441335,BTC-USDT,117755.0,117755.01,1.0204,1.387
2025-07-24T06:15:08.657068,LTC-USDT,109.77,109.8,47.1384,22.5355
2025-07-24T06:15:08.667804,XRP-USDT,3.0828,3.0829,3151.08,4572.81
2025-07-24T06:15:08.752546,BTC-USDT,117755.0,117755.01,1.0204,1.3861
2025-07-24T06:15:09.063557,BTC-USDT,117755.0,117755.01,1.0204,1.3861
2025-07-24T06:15:09.157172,LTC-USDT,109.77,109.8,47.1384,22.5355
2025-07-24T06:15:09.160158,XRP-USDT,3.0818,3.0824,7985.17,20674.62
2025-07-24T06:15:09.316962,ETH-USDT,3570.06,3570.11,0.0183,0.1795
2025-07-24T06:15:09.374083,BTC-USDT,117755.0,117755.01,1.0204,1.3869
2025-07-24T06:15:09.384382,XRP-USDT,3.0822,3.0824,123.02,20674.62
2025-07-24T06:15:09.663661,LTC-USDT,109.8,109.81,42.0619,10.5391
2025-07-24T06:15:09.663712,XRP-USDT,3.0818,3.0824,7985.17,20674.62
2025-07-24T06:15:09.683458,BTC-USDT,117760.5,117760.51,0.4265,1.1891
2025-07-24T06:15:09.722330,XRP-USDT,3.0818,3.0823,7985.17,481.99
2025-07-24T06:15:09.993041,BTC-USDT,117760.5,117760.51,0.4265,1.1901
2025-07-24T06:15:10.158232,XRP-USDT,3.0831,3.0832,6024.42,6612.66
2025-07-24T06:15:10.173983,SOL-USDT,183.69,183.71,446.3231,113.4383
2025-07-24T06:15:10.202320,BTC-USDT,117760.5,117760.51,0.4265,1.1901
2025-07-24T06:15:10.253682,ETH-USDT,3570.65,3570.66,21.3376,75.4971
2025-07-24T06:15:10.470863,ETH-USDT,3570.76,3570.77,92.6258,0.006
2025-07-24T06:15:10.657708,LTC-USDT,109.8,109.81,42.0619,10.5391
2025-07-24T06:15:10.661546,XRP-USDT,3.0831,3.0832,6024.42,6612.66
2025-07-24T06:15:10.781398,ETH-USDT,3570.8,3570.81,80.9216,71.9207
2025-07-24T06:15:10.888628,SOL-USDT,183.69,183.7,446.3231,2.2323
2025-07-24T06:15:10.984139,SOL-USDT,183.71,183.72,449.5513,2.5704
2025-07-24T06:15:11.094078,ETH-USDT,3570.8,3570.81,80.9216,71.9207
2025-07-24T06:15:11.161069,LTC-USDT,109.8,109.82,12.7521,23.855
2025-07-24T06:15:11.161115,XRP-USDT,3.0833,3.0834,12381.57,36.49
2025-07-24T06:15:11.292631,SOL-USDT,183.73,183.74,405.1882,49.3646
2025-07-24T06:15:11.656784,LTC-USDT,109.8,109.82,12.7521,23.855
2025-07-24T06:15:11.673582,XRP-USDT,3.0834,3.0835,21717.18,50.51
2025-07-24T06:15:11.705447,ETH-USDT,3570.89,3570.9,108.9698,0.0368
2025-07-24T06:15:11.814069,LTC-USDT,109.8,109.81,12.7521,0.2255
2025-07-24T06:15:11.902097,SOL-USDT,183.75,183.76,447.3192,0.5984
2025-07-24T06:15:11.917701,ETH-USDT,3571.07,3571.09,115.2558,21.6265
2025-07-24T06:15:12.177201,LTC-USDT,109.82,109.83,4.0499,15.8795
2025-07-24T06:15:12.187760,XRP-USDT,3.0838,3.0839,7396.56,3972.78
2025-07-24T06:15:12.224216,BTC-USDT,117770.4,117770.41,0.7958,1.0478
2025-07-24T06:15:12.228014,ETH-USDT,3571.42,3571.44,204.4528,1.9317
2025-07-24T06:15:12.330864,BTC-USDT,117770.4,117770.41,0.7949,1.0478
2025-07-24T06:15:12.510225,SOL-USDT,183.78,183.79,334.497,1087.7913
2025-07-24T06:15:12.544980,ETH-USDT,3571.51,3571.52,206.727,2.0003
2025-07-24T06:15:12.640715,BTC-USDT,117779.2,117779.21,0.9048,0.6627
2025-07-24T06:15:12.657593,LTC-USDT,109.83,109.85,59.972,7.5894
2025-07-24T06:15:12.660740,XRP-USDT,3.0842,3.0843,11580.48,3323.16
2025-07-24T06:15:12.817135,SOL-USDT,183.78,183.79,334.497,760.3092
2025-07-24T06:15:12.862247,ETH-USDT,3571.55,3571.56,184.1384,1.8711
2025-07-24T06:15:12.952549,BTC-USDT,117779.2,117779.21,0.9048,0.6627
2025-07-24T06:15:13.130444,SOL-USDT,183.78,183.79,334.497,339.7688
2025-07-24T06:15:13.158634,XRP-USDT,3.0846,3.0847,16486.38,3367.17
2025-07-24T06:15:13.160309,LTC-USDT,109.85,109.86,10.7137,1.9539
2025-07-24T06:15:13.174603,ETH-USDT,3571.55,3571.56,184.1384,1.8681
2025-07-24T06:15:13.271633,BTC-USDT,117779.2,117779.21,0.9048,0.6627
2025-07-24T06:15:13.431047,SOL-USDT,183.78,183.79,334.497,3.3277
2025-07-24T06:15:13.487022,ETH-USDT,3571.8,3571.86,182.3716,0.1311
2025-07-24T06:15:13.576175,BTC-USDT,117779.2,117779.21,0.9048,0.6627
2025-07-24T06:15:13.657510,LTC-USDT,109.88,109.89,5.97,26.6357
2025-07-24T06:15:13.659431,XRP-USDT,3.0848,3.085,10830.24,40.39
2025-07-24T06:15:13.738053,SOL-USDT,183.81,183.82,365.579,37.6906
2025-07-24T06:15:13.799245,ETH-USDT,3571.8,3571.86,182.3716,0.1293
2025-07-24T06:15:13.887383,BTC-USDT,117779.2,117779.21,0.9048,0.6627
2025-07-24T06:15:14.011070,ETH-USDT,3571.99,3572.01,207.356,0.3195
2025-07-24T06:15:14.044668,SOL-USDT,183.81,183.82,365.579,0.6111
2025-07-24T06:15:14.158523,LTC-USDT,109.88,109.89,5.97,26.6357
2025-07-24T06:15:14.165427,XRP-USDT,3.0854,3.0855,11758.05,2307.87
2025-07-24T06:15:14.197500,BTC-USDT,117779.2,117779.21,0.9048,0.6627
2025-07-24T06:15:14.323092,ETH-USDT,3572.12,3572.16,153.9546,0.0215
2025-07-24T06:15:14.352001,SOL-USDT,183.83,183.84,421.0434,30.0118
2025-07-24T06:15:14.408851,BTC-USDT,117779.2,117779.21,0.9048,0.6627
2025-07-24T06:15:14.643253,ETH-USDT,3571.97,3571.99,0.0062,91.4983
2025-07-24T06:15:14.655377,LTC-USDT,109.88,109.89,5.97,26.6357
2025-07-24T06:15:14.665325,XRP-USDT,3.0854,3.0855,11758.05,2307.87
2025-07-24T06:15:14.668311,SOL-USDT,183.83,183.84,421.0434,30.0118
2025-07-24T06:15:14.717701,BTC-USDT,117785.8,117785.81,0.4955,1.0045
2025-07-24T06:15:14.976283,SOL-USDT,183.81,183.82,121.8358,90.5845
2025-07-24T06:15:15.027942,BTC-USDT,117785.8,117785.81,0.4955,1.0045
2025-07-24T06:15:15.152530,LTC-USDT,109.88,109.89,5.97,26.6357
2025-07-24T06:15:15.183841,SOL-USDT,183.81,183.82,121.8358,90.5845
2025-07-24T06:15:15.338321,BTC-USDT,117785.8,117785.81,0.4955,1.0045
2025-07-24T06:15:15.491855,SOL-USDT,183.83,183.84,121.8358,25.5187
2025-07-24T06:15:15.651028,BTC-USDT,117785.8,117785.81,0.4962,1.0045
2025-07-24T06:15:15.658855,LTC-USDT,109.88,109.89,5.97,26.6357
2025-07-24T06:15:15.658953,XRP-USDT,3.0856,3.0857,4808.61,972.54
2025-07-24T06:15:15.800512,SOL-USDT,183.83,183.84,121.8358,25.5187
2025-07-24T06:15:15.964367,BTC-USDT,117793.5,117793.51,1.2052,0.7966
2025-07-24T06:15:16.155156,LTC-USDT,109.83,109.86,31.0548,13.3263
2025-07-24T06:15:16.164420,XRP-USDT,3.0851,3.0855,4208.08,16748.01
2025-07-24T06:15:16.184714,ETH-USDT,3571.63,3571.64,0.5894,218.6915
2025-07-24T06:15:16.273625,BTC-USDT,117793.5,117793.51,1.2052,0.7966
2025-07-24T06:15:16.324756,XRP-USDT,3.0853,3.0855,23.22,16748.01
2025-07-24T06:15:16.414813,SOL-USDT,183.8,183.81,14.8139,413.4918
2025-07-24T06:15:16.502041,ETH-USDT,3571.63,3571.64,0.5894,218.6915
2025-07-24T06:15:16.583416,BTC-USDT,117793.5,117793.51,1.2052,0.7966
2025-07-24T06:15:16.653796,LTC-USDT,109.83,109.86,31.0548,13.3263
2025-07-24T06:15:16.670004,XRP-USDT,3.0847,3.0848,1405.76,5793.93
2025-07-24T06:15:16.708583,ETH-USDT,3571.86,3571.88,55.8228,2.5631
2025-07-24T06:15:16.728075,SOL-USDT,183.8,183.81,14.8139,413.4918
2025-07-24T06:15:16.894714,BTC-USDT,117793.5,117793.51,1.2052,0.7966
2025-07-24T06:15:17.028058,ETH-USDT,3571.93,3571.94,74.6742,46.4531
2025-07-24T06:15:17.028134,SOL-USDT,183.8,183.81,14.8139,413.4918
2025-07-24T06:15:17.102603,BTC-USDT,117793.5,117793.51,1.2052,0.7976
2025-07-24T06:15:17.283694,LTC-USDT,109.83,109.86,31.0548,13.3263
2025-07-24T06:15:17.287162,XRP-USDT,3.0833,3.084,866.79,23970.51
2025-07-24T06:15:17.372461,SOL-USDT,183.78,183.8,132.5568,86.2486
2025-07-24T06:15:17.468714,BTC-USDT,117793.5,117793.51,1.2052,0.7976
2025-07-24T06:15:17.582258,XRP-USDT,3.0833,3.0837,866.79,26.14
2025-07-24T06:15:17.664818,LTC-USDT,109.83,109.86,31.0548,13.3263
2025-07-24T06:15:17.665003,XRP-USDT,3.0831,3.0838,998.66,27470.16
2025-07-24T06:15:17.701074,ETH-USDT,3571.76,3571.77,25.673,109.7403
2025-07-24T06:15:17.778704,BTC-USDT,117793.5,117793.51,1.2052,0.7976
2025-07-24T06:15:17.912856,ETH-USDT,3571.71,3571.72,23.5236,124.3327
2025-07-24T06:15:18.088220,BTC-USDT,117793.5,117793.51,1.2052,0.7974
2025-07-24T06:15:18.155310,LTC-USDT,109.83,109.86,31.0548,13.3263
2025-07-24T06:15:18.160953,XRP-USDT,3.083,3.0831,3597.67,16693.38
2025-07-24T06:15:18.184780,SOL-USDT,183.78,183.8,132.5568,86.2486
2025-07-24T06:15:18.225303,ETH-USDT,3571.86,3571.88,87.6238,2.5631
2025-07-24T06:15:18.398835,BTC-USDT,117793.5,117793.51,1.2052,0.7983
2025-07-24T06:15:18.536384,ETH-USDT,3571.65,3571.66,0.5076,94.0169
2025-07-24T06:15:18.607103,BTC-USDT,117793.5,117793.51,1.2052,0.7975
2025-07-24T06:15:18.655209,LTC-USDT,109.83,109.86,31.0548,13.3263
2025-07-24T06:15:18.663254,XRP-USDT,3.0834,3.0835,10891.89,6141.15
2025-07-24T06:15:18.843282,LTC-USDT,109.85,109.86,1.1564,13.3263
2025-07-24T06:15:18.855127,ETH-USDT,3571.56,3571.57,0.003,95.1563
2025-07-24T06:15:18.917158,BTC-USDT,117793.5,117793.51,1.2052,0.7984
2025-07-24T06:15:19.093020,SOL-USDT,183.78,183.8,132.5568,86.2486
2025-07-24T06:15:19.094031,LTC-USDT,109.85,109.86,0.8095,13.3263
2025-07-24T06:15:19.155996,LTC-USDT,109.83,109.86,31.0548,13.3263
2025-07-24T06:15:19.165408,ETH-USDT,3571.23,3571.24,0.7904,174.3913
2025-07-24T06:15:19.169381,XRP-USDT,3.0821,3.0827,417.81,6683.85
2025-07-24T06:15:19.229985,BTC-USDT,117793.5,117793.51,1.2052,0.7975
2025-07-24T06:15:19.403545,SOL-USDT,183.74,183.75,17.4838,385.2769
2025-07-24T06:15:19.479222,ETH-USDT,3571.11,3571.12,0.003,221.7489
2025-07-24T06:15:19.545572,BTC-USDT,117793.5,117793.51,1.2052,0.7974
2025-07-24T06:15:19.664173,LTC-USDT,109.8,109.83,29.7561,28.0306
2025-07-24T06:15:19.664336,XRP-USDT,3.0821,3.0827,417.81,6683.85
2025-07-24T06:15:19.711165,SOL-USDT,183.74,183.75,406.898,385.2769
2025-07-24T06:15:19.796193,ETH-USDT,3571.04,3571.05,0.0872,218.7169
2025-07-24T06:15:19.850785,BTC-USDT,117788.0,117788.01,1.1918,1.0636
2025-07-24T06:15:20.019393,SOL-USDT,183.71,183.72,16.2827,29.0646
2025-07-24T06:15:20.157067,LTC-USDT,109.8,109.83,29.7561,28.0306
2025-07-24T06:15:20.157953,XRP-USDT,3.0814,3.0815,8293.95,7329.69
2025-07-24T06:15:20.159336,BTC-USDT,117788.0,117788.01,1.1918,1.0636
2025-07-24T06:15:20.265948,ETH-USDT,3571.03,3571.05,1.2902,218.7169
2025-07-24T06:15:20.326429,SOL-USDT,183.71,183.72,858.9985,29.0646
2025-07-24T06:15:20.390665,ETH-USDT,3570.84,3570.85,0.1832,210.8277
2025-07-24T06:15:20.471422,BTC-USDT,117788.0,117788.01,1.1918,1.0636
2025-07-24T06:15:20.490980,LTC-USDT,109.82,109.83,1.3787,28.0306
2025-07-24T06:15:20.635434,SOL-USDT,183.71,183.72,858.9985,29.0646
2025-07-24T06:15:20.654986,LTC-USDT,109.79,109.8,1.3927,59.9651
2025-07-24T06:15:20.660531,XRP-USDT,3.0814,3.0815,8293.95,7329.69
2025-07-24T06:15:20.781633,BTC-USDT,117788.0,117788.01,1.1918,1.0646
2025-07-24T06:15:20.945100,SOL-USDT,183.71,183.72,460.6497,29.0646
2025-07-24T06:15:21.003457,ETH-USDT,3570.74,3570.76,0.2758,237.2327
2025-07-24T06:15:21.095475,BTC-USDT,117788.0,117788.01,1.1918,1.0646
2025-07-24T06:15:21.154845,LTC-USDT,109.79,109.8,13.5321,15.3088
2025-07-24T06:15:21.170183,XRP-USDT,3.0814,3.0815,8293.95,7329.69
2025-07-24T06:15:21.217171,ETH-USDT,3570.99,3571.0,21.8388,213.7865
2025-07-24T06:15:21.252547,SOL-USDT,183.71,183.72,96.4879,290.4186
2025-07-24T06:15:21.304173,BTC-USDT,117788.0,117788.01,1.1918,1.0645
2025-07-24T06:15:21.528312,ETH-USDT,3571.28,3571.3,98.7652,54.7989
2025-07-24T06:15:21.559013,SOL-USDT,183.69,183.71,167.6899,52.9728
2025-07-24T06:15:21.614782,BTC-USDT,117788.0,117788.01,1.1918,1.0645
2025-07-24T06:15:21.654461,LTC-USDT,109.79,109.8,13.5321,15.3088
2025-07-24T06:15:21.659287,XRP-USDT,3.0815,3.0816,14511.96,30.05
2025-07-24T06:15:21.839231,ETH-USDT,3571.18,3571.2,39.5824,96.1553
2025-07-24T06:15:21.869828,SOL-USDT,183.69,183.71,167.6899,52.9728
2025-07-24T06:15:21.926010,BTC-USDT,117788.0,117788.01,1.1918,1.0636
2025-07-24T06:15:22.158158,ETH-USDT,3571.11,3571.12,24.9926,96.1553
2025-07-24T06:15:22.161930,XRP-USDT,3.0817,3.0819,10882.44,13077.27
2025-07-24T06:15:22.166202,LTC-USDT,109.79,109.8,13.5321,15.3088
2025-07-24T06:15:22.236590,BTC-USDT,117788.0,117788.01,1.1918,1.0646
2025-07-24T06:15:22.475698,ETH-USDT,3571.08,3571.09,203.8756,306.3878
2025-07-24T06:15:22.545804,BTC-USDT,117788.0,117788.01,1.1918,1.0643
2025-07-24T06:15:22.652982,LTC-USDT,109.79,109.8,13.5321,15.3088
2025-07-24T06:15:22.671112,SOL-USDT,183.69,183.7,167.6899,0.2644
2025-07-24T06:15:22.679590,SOL-USDT,183.69,183.71,167.6899,52.9728
2025-07-24T06:15:22.793375,ETH-USDT,3570.97,3570.99,0.003,146.7395
2025-07-24T06:15:22.858550,BTC-USDT,117788.0,117788.01,1.1918,1.0643
2025-07-24T06:15:22.861862,XRP-USDT,3.0817,3.0818,10882.44,12.38
2025-07-24T06:15:22.988676,SOL-USDT,183.69,183.71,167.6899,52.9728
2025-07-24T06:15:23.106481,ETH-USDT,3570.97,3570.99,0.003,146.7395
2025-07-24T06:15:23.156453,LTC-USDT,109.8,109.81,15.2039,90.1838
2025-07-24T06:15:23.165464,XRP-USDT,3.0817,3.0819,10882.44,13077.27
2025-07-24T06:15:23.168830,BTC-USDT,117788.0,117788.01,1.1918,1.0643
2025-07-24T06:15:23.297414,SOL-USDT,183.69,183.71,167.6899,52.9728
2025-07-24T06:15:23.317749,ETH-USDT,3571.21,3571.31,27.9502,2.5701
2025-07-24T06:15:23.479479,BTC-USDT,117788.0,117788.01,1.1918,1.0643
2025-07-24T06:15:23.612814,SOL-USDT,183.72,183.73,159.6846,62.6943
2025-07-24T06:15:23.641103,ETH-USDT,3571.64,3571.68,99.3538,26.1773
2025-07-24T06:15:23.654482,LTC-USDT,109.8,109.81,15.2039,90.1838
2025-07-24T06:15:23.664188,XRP-USDT,3.0819,3.082,16024.41,81.63
2025-07-24T06:15:23.793283,BTC-USDT,117788.0,117788.01,1.1918,1.0643
2025-07-24T06:15:23.961802,ETH-USDT,3571.76,3571.77,99.3566,55.3221
2025-07-24T06:15:24.000791,BTC-USDT,117788.0,117788.01,1.1918,1.0645
2025-07-24T06:15:24.152445,LTC-USDT,109.8,109.81,15.2039,16.3683
2025-07-24T06:15:24.160982,XRP-USDT,3.0819,3.082,16024.41,81.63
2025-07-24T06:15:24.212713,SOL-USDT,183.72,183.73,159.6846,62.6943
2025-07-24T06:15:24.274888,ETH-USDT,3571.91,3572.03,104.2494,0.0379
2025-07-24T06:15:24.315217,BTC-USDT,117788.0,117788.01,1.1918,1.0645
2025-07-24T06:15:24.368382,ETH-USDT,3571.97,3572.03,0.0456,0.0379
2025-07-24T06:15:24.385936,ETH-USDT,3571.91,3572.03,104.2494,0.0379
2025-07-24T06:15:24.521483,SOL-USDT,183.72,183.73,159.6846,62.6943
2025-07-24T06:15:24.597629,ETH-USDT,3572.03,3572.1,142.5488,0.0485
2025-07-24T06:15:24.621554,BTC-USDT,117788.0,117788.01,1.1918,1.0645
2025-07-24T06:15:24.654338,LTC-USDT,109.83,109.84,45.3756,0.2444
2025-07-24T06:15:24.662631,XRP-USDT,3.0835,3.0838,10585.95,30.12
2025-07-24T06:15:24.809438,ETH-USDT,3572.17,3572.19,231.5282,0.1629
2025-07-24T06:15:24.829127,SOL-USDT,183.72,183.73,159.6846,62.6943
2025-07-24T06:15:24.934112,BTC-USDT,117788.0,117788.01,1.1918,1.0645
2025-07-24T06:15:25.137713,SOL-USDT,183.72,183.73,159.6846,62.6943
2025-07-24T06:15:25.161216,XRP-USDT,3.0833,3.0835,3466.44,7210.53
2025-07-24T06:15:25.279179,BTC-USDT,117788.0,117788.01,1.1918,1.0646
2025-07-24T06:15:25.279239,ETH-USDT,3572.21,3572.22,149.5896,37.9805
2025-07-24T06:15:25.446804,SOL-USDT,183.72,183.73,159.6846,62.6943
2025-07-24T06:15:25.491622,ETH-USDT,3572.5,3572.51,88.7166,32.7034
2025-07-24T06:15:25.552177,BTC-USDT,117788.0,117788.01,1.1918,1.0646
2025-07-24T06:15:25.761187,SOL-USDT,183.72,183.73,159.6846,62.6943
