timestamp,symbol,bid,ask,bid_vol,ask_vol
2025-07-24T06:13:27.268502,XRP-USDT,3.0713,3.0714,87774530.0,87774530.0
2025-07-24T06:13:27.292555,SOL-USDT,183.11,183.12,15616206.0,15616206.0
2025-07-24T06:13:27.315617,ETH-USDT,3559.01,3559.02,22404888.0,22404888.0
2025-07-24T06:13:27.386143,BTC-USDT,117643.5,117643.6,74921212.0,74921212.0
2025-07-24T06:13:27.391360,LTC-USDT,109.34,109.35,22898638.0,22898638.0
2025-07-24T06:13:29.698692,XRP-USDT,3.0706,3.0707,87787302.0,87787302.0
2025-07-24T06:13:29.720904,SOL-USDT,183.09,183.1,15616650.0,15616650.0
2025-07-24T06:13:29.743929,ETH-USDT,3558.8,3558.81,22408130.0,22408130.0
2025-07-24T06:13:29.816728,BTC-USDT,117643.5,117643.6,74922888.0,74922888.0
2025-07-24T06:13:29.822766,LTC-USDT,109.31,109.32,22898638.0,22898638.0
2025-07-24T06:13:32.108343,XRP-USDT,3.0706,3.0707,87787758.0,87787758.0
2025-07-24T06:13:32.126317,SOL-USDT,183.07,183.08,15624274.0,15624274.0
2025-07-24T06:13:32.148169,ETH-USDT,3558.72,3558.73,22409260.0,22409260.0
2025-07-24T06:13:32.221140,BTC-USDT,117643.5,117643.6,74924430.0,74924430.0
2025-07-24T06:13:32.221383,LTC-USDT,109.28,109.29,22898638.0,22898638.0
2025-07-24T06:13:34.479072,XRP-USDT,3.0691,3.0692,87908662.0,87908662.0
2025-07-24T06:13:34.502396,SOL-USDT,183.08,183.09,15526294.0,15526294.0
2025-07-24T06:13:34.525713,ETH-USDT,3557.53,3557.54,22409606.0,22409606.0
2025-07-24T06:13:34.599625,BTC-USDT,117629.1,117629.2,74926632.0,74926632.0
2025-07-24T06:13:34.604194,LTC-USDT,109.28,109.29,22898638.0,22898638.0
2025-07-24T06:13:36.899269,XRP-USDT,3.0684,3.0685,87908750.0,87908750.0
2025-07-24T06:13:36.921116,SOL-USDT,183.07,183.08,15527826.0,15527826.0
2025-07-24T06:13:36.942609,ETH-USDT,3555.57,3555.58,22418666.0,22418666.0
2025-07-24T06:13:37.010088,BTC-USDT,117615.0,117615.1,74933628.0,74933628.0
2025-07-24T06:13:37.012660,LTC-USDT,109.26,109.27,22898638.0,22898638.0
2025-07-24T06:13:39.285479,XRP-USDT,3.0676,3.0677,87908854.0,87908854.0
2025-07-24T06:13:39.316842,SOL-USDT,182.99,183.0,15531256.0,15531256.0
2025-07-24T06:13:39.332902,ETH-USDT,3555.3,3555.31,22418884.0,22418884.0
2025-07-24T06:13:39.404998,BTC-USDT,117587.2,117587.3,74938492.0,74938492.0
2025-07-24T06:13:39.409608,LTC-USDT,109.23,109.24,22898638.0,22898638.0
2025-07-24T06:13:41.734391,XRP-USDT,3.0696,3.0697,87954932.0,87954932.0
2025-07-24T06:13:41.754031,SOL-USDT,183.04,183.05,15537740.0,15537740.0
2025-07-24T06:13:41.775889,ETH-USDT,3555.7,3555.71,22419844.0,22419844.0
2025-07-24T06:13:41.838977,BTC-USDT,117582.9,117583.0,74938686.0,74938686.0
2025-07-24T06:13:41.846837,LTC-USDT,109.26,109.27,22898638.0,22898638.0
2025-07-24T06:13:44.112891,XRP-USDT,3.0724,3.0725,87960388.0,87960388.0
2025-07-24T06:13:44.137347,SOL-USDT,183.11,183.12,15566934.0,15566934.0
2025-07-24T06:13:44.154336,ETH-USDT,3557.24,3557.25,22423238.0,22423238.0
2025-07-24T06:13:44.215561,BTC-USDT,117591.5,117591.6,74938832.0,74938832.0
2025-07-24T06:13:44.219694,LTC-USDT,109.37,109.38,22898638.0,22898638.0
2025-07-24T06:13:46.494008,XRP-USDT,3.0745,3.0746,87961696.0,87961696.0
2025-07-24T06:13:46.514623,SOL-USDT,183.27,183.28,15574610.0,15574610.0
2025-07-24T06:13:46.535832,ETH-USDT,3558.89,3558.9,22450248.0,22450248.0
2025-07-24T06:13:46.597421,BTC-USDT,117621.5,117621.6,74938846.0,74938846.0
2025-07-24T06:13:46.607347,LTC-USDT,109.47,109.48,22898638.0,22898638.0
2025-07-24T06:13:48.898294,XRP-USDT,3.0745,3.0746,87963572.0,87963572.0
2025-07-24T06:13:48.919013,SOL-USDT,183.27,183.28,15577898.0,15577898.0
2025-07-24T06:13:48.941334,ETH-USDT,3558.91,3558.92,22408830.0,22408830.0
2025-07-24T06:13:49.001044,BTC-USDT,117621.5,117621.6,74939422.0,74939422.0
2025-07-24T06:13:49.007917,LTC-USDT,109.47,109.48,22898638.0,22898638.0
2025-07-24T06:13:51.313765,XRP-USDT,3.0745,3.0746,87963840.0,87963840.0
2025-07-24T06:13:51.335432,SOL-USDT,183.27,183.28,15578240.0,15578240.0
2025-07-24T06:13:51.354389,ETH-USDT,3559.21,3559.22,22415728.0,22415728.0
2025-07-24T06:13:51.420574,BTC-USDT,117621.7,117621.8,74939822.0,74939822.0
2025-07-24T06:13:51.426611,LTC-USDT,109.47,109.48,22898638.0,22898638.0
2025-07-24T06:13:53.708770,XRP-USDT,3.0734,3.0735,87757960.0,87757960.0
2025-07-24T06:13:53.729471,SOL-USDT,183.26,183.27,15583150.0,15583150.0
2025-07-24T06:13:53.749729,ETH-USDT,3558.48,3558.49,22416060.0,22416060.0
2025-07-24T06:13:53.820178,BTC-USDT,117621.7,117621.8,74939822.0,74939822.0
2025-07-24T06:13:53.823829,LTC-USDT,109.46,109.47,22898638.0,22898638.0
2025-07-24T06:13:56.120099,XRP-USDT,3.0734,3.0735,87757960.0,87757960.0
2025-07-24T06:13:56.143369,SOL-USDT,183.22,183.23,15584330.0,15584330.0
2025-07-24T06:13:56.166019,ETH-USDT,3558.48,3558.49,22416184.0,22416184.0
2025-07-24T06:13:56.228193,BTC-USDT,117621.7,117621.8,74939882.0,74939882.0
2025-07-24T06:13:56.232087,LTC-USDT,109.46,109.47,22898638.0,22898638.0
2025-07-24T06:13:58.539943,XRP-USDT,3.0712,3.0713,87774672.0,87774672.0
2025-07-24T06:13:58.572750,SOL-USDT,183.22,183.23,15627978.0,15627978.0
2025-07-24T06:13:58.572772,ETH-USDT,3559.18,3559.19,22421562.0,22421562.0
2025-07-24T06:13:58.610581,BTC-USDT,117621.5,117621.6,74918740.0,74918740.0
2025-07-24T06:13:58.616310,LTC-USDT,109.47,109.48,22898638.0,22898638.0
2025-07-24T06:14:00.930946,XRP-USDT,3.0719,3.072,87774680.0,87774680.0
2025-07-24T06:14:00.931895,SOL-USDT,183.29,183.3,15505008.0,15505008.0
2025-07-24T06:14:00.960539,ETH-USDT,3560.25,3560.26,22423688.0,22423688.0
2025-07-24T06:14:01.023533,BTC-USDT,117630.2,117630.3,74925848.0,74925848.0
2025-07-24T06:14:01.023566,LTC-USDT,109.45,109.46,22898638.0,22898638.0
2025-07-24T06:14:03.287141,XRP-USDT,3.072,3.0721,87776062.0,87776062.0
2025-07-24T06:14:03.310413,SOL-USDT,183.33,183.34,15516570.0,15516570.0
2025-07-24T06:14:03.330171,ETH-USDT,3560.11,3560.12,22425816.0,22425816.0
2025-07-24T06:14:03.393909,BTC-USDT,117640.5,117640.6,74931302.0,74931302.0
2025-07-24T06:14:03.406311,LTC-USDT,109.47,109.48,22898638.0,22898638.0
2025-07-24T06:14:05.716418,XRP-USDT,3.0734,3.0735,87777046.0,87777046.0
2025-07-24T06:14:05.725305,SOL-USDT,183.44,183.45,15517672.0,15517672.0
2025-07-24T06:14:05.744680,ETH-USDT,3560.72,3560.73,22426578.0,22426578.0
2025-07-24T06:14:05.807701,BTC-USDT,117649.3,117649.4,74931676.0,74931676.0
2025-07-24T06:14:05.811134,LTC-USDT,109.53,109.54,22919096.0,22919096.0
2025-07-24T06:14:08.113609,XRP-USDT,3.0733,3.0734,87778326.0,87778326.0
2025-07-24T06:14:08.134003,SOL-USDT,183.44,183.45,15522378.0,15522378.0
2025-07-24T06:14:08.156795,ETH-USDT,3562.17,3562.18,22433354.0,22433354.0
2025-07-24T06:14:08.224777,BTC-USDT,117649.3,117649.4,74932110.0,74932110.0
2025-07-24T06:14:08.228254,LTC-USDT,109.53,109.54,22919096.0,22919096.0
2025-07-24T06:14:10.502246,XRP-USDT,3.0743,3.0745,87778980.0,87778980.0
2025-07-24T06:14:10.522832,SOL-USDT,183.43,183.44,15526556.0,15526556.0
2025-07-24T06:14:10.546111,ETH-USDT,3563.21,3563.22,22434232.0,22434232.0
2025-07-24T06:14:10.617345,BTC-USDT,117649.3,117649.4,74932362.0,74932362.0
2025-07-24T06:14:10.620960,LTC-USDT,109.53,109.54,22919096.0,22919096.0
2025-07-24T06:14:12.892446,XRP-USDT,3.0744,3.0748,87781892.0,87781892.0
2025-07-24T06:14:12.911030,SOL-USDT,183.46,183.47,15581446.0,15581446.0
2025-07-24T06:14:12.931431,ETH-USDT,3563.51,3563.52,22437380.0,22437380.0
2025-07-24T06:14:12.994990,BTC-USDT,117649.3,117649.4,74932362.0,74932362.0
2025-07-24T06:14:12.999588,LTC-USDT,109.53,109.54,22919096.0,22919096.0
2025-07-24T06:14:15.282801,XRP-USDT,3.0754,3.0755,87782158.0,87782158.0
2025-07-24T06:14:15.308981,SOL-USDT,183.49,183.5,15589524.0,15589524.0
2025-07-24T06:14:15.328465,ETH-USDT,3564.55,3564.56,22457706.0,22457706.0
2025-07-24T06:14:15.393811,BTC-USDT,117649.3,117649.4,74932362.0,74932362.0
2025-07-24T06:14:15.398558,LTC-USDT,109.55,109.56,22919096.0,22919096.0
2025-07-24T06:14:17.691615,XRP-USDT,3.0754,3.0755,87784464.0,87784464.0
2025-07-24T06:14:17.713729,SOL-USDT,183.46,183.47,15592186.0,15592186.0
2025-07-24T06:14:17.732961,ETH-USDT,3564.17,3564.18,22457614.0,22457614.0
2025-07-24T06:14:17.797066,BTC-USDT,117649.3,117649.4,74932462.0,74932462.0
2025-07-24T06:14:17.800667,LTC-USDT,109.55,109.56,22919096.0,22919096.0
2025-07-24T06:14:20.088121,XRP-USDT,3.0754,3.0755,87785296.0,87785296.0
2025-07-24T06:14:20.107737,SOL-USDT,183.46,183.47,15598472.0,15598472.0
2025-07-24T06:14:22.125744,ETH-USDT,3564.17,3564.18,22430722.0,22430722.0
2025-07-24T06:14:22.125785,BTC-USDT,117649.3,117649.4,74932478.0,74932478.0
2025-07-24T06:14:22.125826,LTC-USDT,109.55,109.56,22919096.0,22919096.0
2025-07-24T06:14:23.328761,XRP-USDT,3.0779,3.078,87314624.0,87314624.0
2025-07-24T06:14:23.328786,SOL-USDT,183.45,183.46,15677540.0,15677540.0
2025-07-24T06:14:23.328809,ETH-USDT,3565.75,3565.76,22446118.0,22446118.0
2025-07-24T06:14:23.328829,BTC-USDT,117636.2,117636.3,74914584.0,74914584.0
2025-07-24T06:14:23.328850,LTC-USDT,109.55,109.56,22919096.0,22919096.0
2025-07-24T06:14:25.324455,XRP-USDT,3.0793,3.0794,87316006.0,87316006.0
2025-07-24T06:14:25.324543,SOL-USDT,183.54,183.55,15685988.0,15685988.0
2025-07-24T06:14:25.324640,ETH-USDT,3566.83,3566.84,22455094.0,22455094.0
2025-07-24T06:14:25.324768,BTC-USDT,117649.5,117650.0,74914584.0,74914584.0
2025-07-24T06:14:25.324907,LTC-USDT,109.55,109.56,22919220.0,22919220.0
2025-07-24T06:14:27.326179,XRP-USDT,3.08,3.0804,87318418.0,87318418.0
2025-07-24T06:14:27.352418,SOL-USDT,183.55,183.56,15686820.0,15686820.0
2025-07-24T06:14:27.369760,ETH-USDT,3567.31,3567.32,22474618.0,22474618.0
2025-07-24T06:14:27.434758,BTC-USDT,117687.1,117687.2,74927384.0,74927384.0
2025-07-24T06:14:27.439086,LTC-USDT,109.55,109.56,22919220.0,22919220.0
2025-07-24T06:14:29.741424,XRP-USDT,3.08,3.0803,87318904.0,87318904.0
2025-07-24T06:14:29.761331,SOL-USDT,183.57,183.58,15689072.0,15689072.0
2025-07-24T06:14:29.780463,ETH-USDT,3567.31,3567.32,22506204.0,22506204.0
2025-07-24T06:14:29.842769,BTC-USDT,117691.1,117691.2,74928548.0,74928548.0
2025-07-24T06:14:29.847715,LTC-USDT,109.55,109.56,22919220.0,22919220.0
2025-07-24T06:14:32.121101,XRP-USDT,3.0794,3.0795,87319390.0,87319390.0
2025-07-24T06:14:32.145932,SOL-USDT,183.57,183.58,15481678.0,15481678.0
2025-07-24T06:14:32.167483,ETH-USDT,3567.24,3567.25,22505654.0,22505654.0
2025-07-24T06:14:32.226907,BTC-USDT,117691.1,117691.2,74928564.0,74928564.0
2025-07-24T06:14:32.229968,LTC-USDT,109.55,109.7,22919262.0,22919262.0
2025-07-24T06:14:34.487845,XRP-USDT,3.0817,3.0818,87321732.0,87321732.0
2025-07-24T06:14:34.507751,SOL-USDT,183.69,183.7,15636302.0,15636302.0
2025-07-24T06:14:34.525936,ETH-USDT,3568.83,3568.84,22509506.0,22509506.0
2025-07-24T06:14:34.589250,BTC-USDT,117752.0,117752.1,74943886.0,74943886.0
2025-07-24T06:14:34.590483,LTC-USDT,109.55,109.7,22919262.0,22919262.0
2025-07-24T06:14:36.875720,XRP-USDT,3.0824,3.0825,87335020.0,87335020.0
2025-07-24T06:14:36.897047,SOL-USDT,183.73,183.74,15640020.0,15640020.0
2025-07-24T06:14:36.917425,ETH-USDT,3569.41,3569.48,22514588.0,22514588.0
2025-07-24T06:14:36.983693,BTC-USDT,117755.0,117755.1,74944748.0,74944748.0
2025-07-24T06:14:36.989157,LTC-USDT,109.55,109.7,22919262.0,22919262.0
2025-07-24T06:14:39.317537,XRP-USDT,3.0839,3.084,87335834.0,87335834.0
2025-07-24T06:14:39.339947,SOL-USDT,183.81,183.82,15657046.0,15657046.0
2025-07-24T06:14:39.358111,ETH-USDT,3571.04,3571.05,22526138.0,22526138.0
2025-07-24T06:14:39.426563,BTC-USDT,117755.0,117755.1,74946488.0,74946488.0
2025-07-24T06:14:39.430731,LTC-USDT,109.55,109.7,22919262.0,22919262.0
2025-07-24T06:14:41.732074,XRP-USDT,3.0877,3.0879,87338214.0,87338214.0
2025-07-24T06:14:41.752695,SOL-USDT,183.82,183.83,15679042.0,15679042.0
2025-07-24T06:14:41.774372,ETH-USDT,3571.18,3571.19,22461120.0,22461120.0
2025-07-24T06:14:41.840184,BTC-USDT,117755.0,117755.1,74946488.0,74946488.0
2025-07-24T06:14:41.841975,LTC-USDT,109.4,109.7,22919262.0,22919262.0
2025-07-24T06:14:44.126772,XRP-USDT,3.0869,3.087,87355082.0,87355082.0
2025-07-24T06:14:44.147829,SOL-USDT,183.82,183.83,15680086.0,15680086.0
2025-07-24T06:14:44.167059,ETH-USDT,3571.27,3571.28,22467518.0,22467518.0
2025-07-24T06:14:44.226652,BTC-USDT,117740.0,117740.1,74946540.0,74946540.0
2025-07-24T06:14:44.233122,LTC-USDT,109.37,109.58,22919240.0,22919240.0
2025-07-24T06:14:46.490281,XRP-USDT,3.0835,3.0836,87413068.0,87413068.0
2025-07-24T06:14:46.511203,SOL-USDT,183.69,183.7,15702520.0,15702520.0
2025-07-24T06:14:46.531309,ETH-USDT,3570.31,3570.32,22472024.0,22472024.0
2025-07-24T06:14:46.590302,BTC-USDT,117723.5,117723.6,74904490.0,74904490.0
2025-07-24T06:14:46.591760,LTC-USDT,109.61,109.7,22918204.0,22918204.0
2025-07-24T06:14:48.866515,XRP-USDT,3.0829,3.083,87415392.0,87415392.0
2025-07-24T06:14:48.887851,SOL-USDT,183.66,183.67,15761858.0,15761858.0
2025-07-24T06:14:48.908490,ETH-USDT,3569.87,3569.88,22482428.0,22482428.0
2025-07-24T06:14:48.970248,BTC-USDT,117723.5,117723.6,74907712.0,74907712.0
2025-07-24T06:14:48.974898,LTC-USDT,109.61,109.7,22918204.0,22918204.0
2025-07-24T06:14:51.258674,XRP-USDT,3.0809,3.081,87603040.0,87603040.0
2025-07-24T06:14:51.276352,SOL-USDT,183.58,183.59,15786316.0,15786316.0
2025-07-24T06:14:51.296263,ETH-USDT,3568.96,3568.97,22498060.0,22498060.0
2025-07-24T06:14:51.357473,BTC-USDT,117700.0,117700.1,74907762.0,74907762.0
2025-07-24T06:14:51.361254,LTC-USDT,109.61,109.7,22918204.0,22918204.0
2025-07-24T06:14:53.645945,XRP-USDT,3.0823,3.0824,87607578.0,87607578.0
2025-07-24T06:14:53.668739,SOL-USDT,183.54,183.55,15792836.0,15792836.0
2025-07-24T06:14:53.690799,ETH-USDT,3568.58,3568.59,22516626.0,22516626.0
2025-07-24T06:14:53.750405,BTC-USDT,117699.8,117699.9,74929178.0,74929178.0
2025-07-24T06:14:53.758152,LTC-USDT,109.61,109.7,22918110.0,22918110.0
2025-07-24T06:14:56.031556,XRP-USDT,3.0821,3.0824,87909172.0,87909172.0
2025-07-24T06:14:56.054478,SOL-USDT,183.55,183.56,15809112.0,15809112.0
2025-07-24T06:14:56.077823,ETH-USDT,3568.31,3568.32,22518966.0,22518966.0
2025-07-24T06:14:56.147910,BTC-USDT,117699.8,117699.9,74929178.0,74929178.0
2025-07-24T06:14:56.152854,LTC-USDT,109.61,109.73,22935408.0,22935408.0
2025-07-24T06:14:58.448719,XRP-USDT,3.0816,3.0817,87909830.0,87909830.0
2025-07-24T06:14:58.467125,SOL-USDT,183.54,183.55,15455580.0,15455580.0
2025-07-24T06:14:58.487703,ETH-USDT,3568.3,3568.31,22521254.0,22521254.0
2025-07-24T06:14:58.549336,BTC-USDT,117699.8,117699.9,74929264.0,74929264.0
2025-07-24T06:14:58.553471,LTC-USDT,109.61,109.71,22935408.0,22935408.0
2025-07-24T06:15:00.810675,XRP-USDT,3.083,3.0831,88586770.0,88586770.0
2025-07-24T06:15:00.829791,SOL-USDT,183.62,183.63,15636420.0,15636420.0
2025-07-24T06:15:00.848389,ETH-USDT,3568.59,3568.65,22457892.0,22457892.0
2025-07-24T06:15:00.910657,BTC-USDT,117699.8,117699.9,74934042.0,74934042.0
2025-07-24T06:15:00.914537,LTC-USDT,109.72,109.73,22935408.0,22935408.0
2025-07-24T06:15:03.180305,XRP-USDT,3.0803,3.0804,88588702.0,88588702.0
2025-07-24T06:15:03.205030,SOL-USDT,183.58,183.59,15637540.0,15637540.0
2025-07-24T06:15:03.228424,ETH-USDT,3567.86,3567.87,22460076.0,22460076.0
2025-07-24T06:15:03.300076,BTC-USDT,117714.8,117714.9,74934760.0,74934760.0
2025-07-24T06:15:03.304388,LTC-USDT,109.61,109.69,22935408.0,22935408.0
2025-07-24T06:15:05.633474,XRP-USDT,3.0789,3.079,88600006.0,88600006.0
2025-07-24T06:15:05.657040,SOL-USDT,183.52,183.53,15640058.0,15640058.0
2025-07-24T06:15:05.679478,ETH-USDT,3567.67,3567.68,22474542.0,22474542.0
2025-07-24T06:15:05.743504,BTC-USDT,117707.0,117707.1,74934760.0,74934760.0
2025-07-24T06:15:05.745669,LTC-USDT,109.61,109.69,22935408.0,22935408.0
2025-07-24T06:15:08.027097,XRP-USDT,3.0817,3.0818,88764214.0,88764214.0
2025-07-24T06:15:08.052210,SOL-USDT,183.56,183.57,15743108.0,15743108.0
2025-07-24T06:15:08.073343,ETH-USDT,3568.84,3568.85,22508082.0,22508082.0
2025-07-24T06:15:08.135293,BTC-USDT,117721.9,117722.0,74935312.0,74935312.0
2025-07-24T06:15:08.138168,LTC-USDT,109.73,109.74,22935408.0,22935408.0
2025-07-24T06:15:10.436332,XRP-USDT,3.0832,3.0833,88804758.0,88804758.0
2025-07-24T06:15:10.456799,SOL-USDT,183.69,183.7,15760270.0,15760270.0
2025-07-24T06:15:10.487542,ETH-USDT,3569.63,3569.64,22522528.0,22522528.0
2025-07-24T06:15:10.551811,BTC-USDT,117739.6,117739.7,74903638.0,74903638.0
2025-07-24T06:15:10.553313,LTC-USDT,109.73,109.74,22935408.0,22935408.0
2025-07-24T06:15:12.859171,XRP-USDT,3.0839,3.084,88351254.0,88351254.0
2025-07-24T06:15:12.884312,SOL-USDT,183.73,183.74,15797588.0,15797588.0
2025-07-24T06:15:12.907252,ETH-USDT,3570.48,3570.49,22524210.0,22524210.0
2025-07-24T06:15:12.974387,BTC-USDT,117739.6,117739.7,74905426.0,74905426.0
2025-07-24T06:15:12.982027,LTC-USDT,109.73,109.75,22935408.0,22935408.0
2025-07-24T06:15:15.265201,XRP-USDT,3.0853,3.0854,88355804.0,88355804.0
2025-07-24T06:15:15.283581,SOL-USDT,183.8,183.81,15987414.0,15987414.0
2025-07-24T06:15:15.302110,ETH-USDT,3571.05,3571.06,22524480.0,22524480.0
2025-07-24T06:15:15.363070,BTC-USDT,117746.2,117746.3,74930438.0,74930438.0
2025-07-24T06:15:15.366033,LTC-USDT,109.73,109.75,22935408.0,22935408.0
2025-07-24T06:15:17.638349,XRP-USDT,3.0845,3.0846,88360048.0,88360048.0
2025-07-24T06:15:17.662057,SOL-USDT,183.78,183.79,15987672.0,15987672.0
2025-07-24T06:15:17.676586,ETH-USDT,3570.66,3570.67,22534838.0,22534838.0
2025-07-24T06:15:17.737742,BTC-USDT,117755.0,117755.1,74931208.0,74931208.0
2025-07-24T06:15:17.741695,LTC-USDT,109.73,109.75,22885440.0,22885440.0
2025-07-24T06:15:20.006990,XRP-USDT,3.0831,3.0832,88435810.0,88435810.0
2025-07-24T06:15:20.029636,SOL-USDT,183.74,183.75,16004590.0,16004590.0
2025-07-24T06:15:20.043260,ETH-USDT,3570.78,3570.79,22544840.0,22544840.0
2025-07-24T06:15:20.104442,BTC-USDT,117755.0,117755.1,74931208.0,74931208.0
2025-07-24T06:15:20.109376,LTC-USDT,109.73,109.75,22885440.0,22885440.0
2025-07-24T06:15:22.367966,XRP-USDT,3.0818,3.0819,88471318.0,88471318.0
2025-07-24T06:15:22.389524,SOL-USDT,183.67,183.68,16029524.0,16029524.0
2025-07-24T06:15:22.413806,ETH-USDT,3569.95,3569.96,22556592.0,22556592.0
2025-07-24T06:15:22.474923,BTC-USDT,117729.1,117729.2,74932978.0,74932978.0
2025-07-24T06:15:22.477789,LTC-USDT,109.73,109.75,22885448.0,22885448.0
2025-07-24T06:15:24.753547,XRP-USDT,3.0834,3.0835,88472806.0,88472806.0
2025-07-24T06:15:24.780146,SOL-USDT,183.68,183.69,16037296.0,16037296.0
2025-07-24T06:15:24.790007,ETH-USDT,3571.3,3571.31,22559194.0,22559194.0
2025-07-24T06:15:24.854416,BTC-USDT,117750.0,117750.1,74939768.0,74939768.0
2025-07-24T06:15:24.854462,LTC-USDT,109.73,109.75,22885448.0,22885448.0
2025-07-24T06:15:27.119948,XRP-USDT,3.0841,3.0842,88473006.0,88473006.0
2025-07-24T06:15:27.140739,SOL-USDT,183.69,183.7,16037302.0,16037302.0
2025-07-24T06:15:27.163975,ETH-USDT,3571.39,3571.4,22560662.0,22560662.0
2025-07-24T06:15:27.220539,BTC-USDT,117753.1,117753.2,74941812.0,74941812.0
2025-07-24T06:15:27.225775,LTC-USDT,109.77,109.82,22885634.0,22885634.0
2025-07-24T06:15:29.485611,XRP-USDT,3.0841,3.0842,88476968.0,88476968.0
2025-07-24T06:15:29.505790,SOL-USDT,183.66,183.67,15526784.0,15526784.0
2025-07-24T06:15:29.524427,ETH-USDT,3570.69,3570.7,22486070.0,22486070.0
2025-07-24T06:15:29.585901,BTC-USDT,117753.1,117753.2,74947386.0,74947386.0
2025-07-24T06:15:29.588286,LTC-USDT,109.77,109.82,22887874.0,22887874.0
2025-07-24T06:15:31.843281,XRP-USDT,3.0834,3.0835,88480418.0,88480418.0
2025-07-24T06:15:31.861213,SOL-USDT,183.62,183.64,15588266.0,15588266.0
2025-07-24T06:15:31.880084,ETH-USDT,3569.93,3569.95,22488982.0,22488982.0
2025-07-24T06:15:31.942258,BTC-USDT,117769.8,117769.9,74958244.0,74958244.0
2025-07-24T06:15:31.946396,LTC-USDT,109.77,109.82,22887874.0,22887874.0
2025-07-24T06:15:34.214041,XRP-USDT,3.0819,3.082,88482288.0,88482288.0
2025-07-24T06:15:34.232746,SOL-USDT,183.57,183.58,15598418.0,15598418.0
2025-07-24T06:15:34.253802,ETH-USDT,3569.15,3569.16,22490152.0,22490152.0
2025-07-24T06:15:34.314284,BTC-USDT,117769.8,117769.9,74961052.0,74961052.0
2025-07-24T06:15:34.318068,LTC-USDT,109.75,109.76,22888888.0,22888888.0
2025-07-24T06:15:36.587529,XRP-USDT,3.0832,3.0833,88501812.0,88501812.0
2025-07-24T06:15:36.610607,SOL-USDT,183.57,183.58,15602362.0,15602362.0
2025-07-24T06:15:36.627981,ETH-USDT,3569.48,3569.49,22492700.0,22492700.0
2025-07-24T06:15:36.687645,BTC-USDT,117769.8,117769.9,74904142.0,74904142.0
2025-07-24T06:15:36.693150,LTC-USDT,109.75,109.76,22888888.0,22888888.0
2025-07-24T06:15:38.973600,XRP-USDT,3.0817,3.0818,88516532.0,88516532.0
2025-07-24T06:15:38.999338,SOL-USDT,183.53,183.54,15603560.0,15603560.0
2025-07-24T06:15:39.015849,ETH-USDT,3569.22,3569.23,22492760.0,22492760.0
2025-07-24T06:15:39.075904,BTC-USDT,117753.1,117753.2,74914170.0,74914170.0
2025-07-24T06:15:39.076285,LTC-USDT,109.72,109.73,22888888.0,22888888.0
2025-07-24T06:15:41.347784,XRP-USDT,3.0803,3.0804,88517146.0,88517146.0
2025-07-24T06:15:41.370427,SOL-USDT,183.49,183.5,15604136.0,15604136.0
2025-07-24T06:15:41.396244,ETH-USDT,3568.75,3568.76,22494428.0,22494428.0
2025-07-24T06:15:41.466192,BTC-USDT,117753.1,117753.2,74915986.0,74915986.0
2025-07-24T06:15:41.471125,LTC-USDT,109.7,109.71,22888888.0,22888888.0
2025-07-24T06:15:43.767222,XRP-USDT,3.0803,3.0804,88517340.0,88517340.0
2025-07-24T06:15:43.783605,SOL-USDT,183.48,183.49,15606386.0,15606386.0
2025-07-24T06:15:43.802014,ETH-USDT,3568.53,3568.54,22496184.0,22496184.0
2025-07-24T06:15:43.864325,BTC-USDT,117753.1,117753.2,74916660.0,74916660.0
2025-07-24T06:15:43.869055,LTC-USDT,109.67,109.68,22888888.0,22888888.0
2025-07-24T06:15:46.126373,XRP-USDT,3.0803,3.0804,88520394.0,88520394.0
2025-07-24T06:15:46.148441,SOL-USDT,183.42,183.43,15606790.0,15606790.0
2025-07-24T06:15:46.167857,ETH-USDT,3567.74,3567.75,22497946.0,22497946.0
2025-07-24T06:15:46.234659,BTC-USDT,117753.1,117753.2,74919368.0,74919368.0
2025-07-24T06:15:46.239094,LTC-USDT,109.64,109.65,22888888.0,22888888.0
2025-07-24T06:15:48.513811,XRP-USDT,3.0816,3.0817,88526688.0,88526688.0
2025-07-24T06:15:48.537328,SOL-USDT,183.45,183.46,15611888.0,15611888.0
2025-07-24T06:15:48.561820,ETH-USDT,3568.62,3568.63,22456464.0,22456464.0
2025-07-24T06:15:48.633320,BTC-USDT,117745.6,117745.7,74920756.0,74920756.0
2025-07-24T06:15:48.638748,LTC-USDT,109.72,109.73,22890072.0,22890072.0
2025-07-24T06:15:50.934140,XRP-USDT,3.083,3.0831,88535960.0,88535960.0
2025-07-24T06:15:50.957183,SOL-USDT,183.48,183.49,15612678.0,15612678.0
2025-07-24T06:15:50.979907,ETH-USDT,3569.22,3569.23,22457658.0,22457658.0
2025-07-24T06:15:51.048655,BTC-USDT,117752.1,117752.2,74920974.0,74920974.0
2025-07-24T06:15:51.050792,LTC-USDT,109.72,109.73,22890072.0,22890072.0
2025-07-24T06:15:53.344405,XRP-USDT,3.081,3.0811,88581494.0,88581494.0
2025-07-24T06:15:53.366426,SOL-USDT,183.4,183.41,15468944.0,15468944.0
2025-07-24T06:15:53.388020,ETH-USDT,3568.12,3568.13,22461320.0,22461320.0
2025-07-24T06:15:53.449811,BTC-USDT,117743.7,117743.8,74922732.0,74922732.0
2025-07-24T06:15:53.454476,LTC-USDT,109.64,109.65,22890072.0,22890072.0
2025-07-24T06:15:55.730133,XRP-USDT,3.081,3.0811,88581678.0,88581678.0
2025-07-24T06:15:55.751998,SOL-USDT,183.38,183.39,15507634.0,15507634.0
2025-07-24T06:15:55.769534,ETH-USDT,3568.09,3568.1,22464336.0,22464336.0
2025-07-24T06:15:55.830385,BTC-USDT,117743.7,117743.8,74922732.0,74922732.0
2025-07-24T06:15:55.834457,LTC-USDT,109.64,109.65,22890072.0,22890072.0
2025-07-24T06:15:58.107015,XRP-USDT,3.0795,3.0796,88581744.0,88581744.0
2025-07-24T06:15:58.123544,SOL-USDT,183.34,183.35,15509826.0,15509826.0
2025-07-24T06:15:58.148900,ETH-USDT,3567.78,3567.79,22465172.0,22465172.0
2025-07-24T06:15:58.210149,BTC-USDT,117743.7,117743.8,74922762.0,74922762.0
2025-07-24T06:15:58.214607,LTC-USDT,109.61,109.62,22890072.0,22890072.0
2025-07-24T06:16:00.499018,XRP-USDT,3.0802,3.0803,88433396.0,88433396.0
2025-07-24T06:16:00.526061,SOL-USDT,183.37,183.38,15516904.0,15516904.0
2025-07-24T06:16:00.541560,ETH-USDT,3568.43,3568.44,22467110.0,22467110.0
2025-07-24T06:16:00.610608,BTC-USDT,117743.7,117743.8,74901310.0,74901310.0
2025-07-24T06:16:00.617493,LTC-USDT,109.61,109.62,22890072.0,22890072.0
2025-07-24T06:16:02.903051,XRP-USDT,3.08,3.0801,88433694.0,88433694.0
2025-07-24T06:16:02.922763,SOL-USDT,183.37,183.38,15522320.0,15522320.0
2025-07-24T06:16:02.946505,ETH-USDT,3568.45,3568.46,22468722.0,22468722.0
2025-07-24T06:16:03.009906,BTC-USDT,117753.1,117753.2,74901488.0,74901488.0
2025-07-24T06:16:03.009949,LTC-USDT,109.6,109.61,22890072.0,22890072.0
2025-07-24T06:16:05.286601,XRP-USDT,3.08,3.0801,88434286.0,88434286.0
2025-07-24T06:16:05.309247,SOL-USDT,183.39,183.4,15526736.0,15526736.0
2025-07-24T06:16:05.331227,ETH-USDT,3568.45,3568.46,22468772.0,22468772.0
2025-07-24T06:16:05.401261,BTC-USDT,117753.1,117753.2,74902708.0,74902708.0
2025-07-24T06:16:05.405046,LTC-USDT,109.6,109.61,22890072.0,22890072.0
2025-07-24T06:16:07.702057,XRP-USDT,3.0786,3.0787,88450586.0,88450586.0
2025-07-24T06:16:07.722076,SOL-USDT,183.35,183.36,15527644.0,15527644.0
2025-07-24T06:16:07.743629,ETH-USDT,3567.91,3567.92,22469006.0,22469006.0
2025-07-24T06:16:07.810470,BTC-USDT,117746.3,117746.4,74903106.0,74903106.0
2025-07-24T06:16:07.816838,LTC-USDT,109.6,109.61,22890072.0,22890072.0
2025-07-24T06:16:10.105330,XRP-USDT,3.0766,3.0767,88451414.0,88451414.0
2025-07-24T06:16:10.127246,SOL-USDT,183.27,183.28,15584100.0,15584100.0
2025-07-24T06:16:10.148222,ETH-USDT,3566.88,3566.89,22471640.0,22471640.0
2025-07-24T06:16:10.219522,BTC-USDT,117744.4,117744.5,74904106.0,74904106.0
2025-07-24T06:16:10.225819,LTC-USDT,109.6,109.61,22890072.0,22890072.0
2025-07-24T06:16:12.516924,XRP-USDT,3.0745,3.0746,88477152.0,88477152.0
2025-07-24T06:16:12.538388,SOL-USDT,183.21,183.22,15607226.0,15607226.0
2025-07-24T06:16:12.561086,ETH-USDT,3566.0,3566.01,22451954.0,22451954.0
2025-07-24T06:16:12.632713,BTC-USDT,117727.2,117727.3,74904482.0,74904482.0
2025-07-24T06:16:12.637335,LTC-USDT,109.43,109.45,22890390.0,22890390.0
2025-07-24T06:16:14.941953,XRP-USDT,3.0731,3.0732,88477158.0,88477158.0
2025-07-24T06:16:14.965585,SOL-USDT,183.17,183.18,15640110.0,15640110.0
2025-07-24T06:16:14.985274,ETH-USDT,3565.74,3565.75,22458494.0,22458494.0
2025-07-24T06:16:15.054159,BTC-USDT,117727.2,117727.3,74904498.0,74904498.0
2025-07-24T06:16:15.060070,LTC-USDT,109.43,109.45,22890390.0,22890390.0
2025-07-24T06:16:17.382730,XRP-USDT,3.0711,3.0712,88477166.0,88477166.0
2025-07-24T06:16:17.403931,SOL-USDT,183.09,183.1,15650976.0,15650976.0
2025-07-24T06:16:17.420939,ETH-USDT,3564.24,3564.25,22459298.0,22459298.0
2025-07-24T06:16:17.483727,BTC-USDT,117710.7,117710.8,74907306.0,74907306.0
2025-07-24T06:16:17.487978,LTC-USDT,109.42,109.43,22890390.0,22890390.0
2025-07-24T06:16:19.773534,XRP-USDT,3.0718,3.0719,88480588.0,88480588.0
2025-07-24T06:16:19.791764,SOL-USDT,183.12,183.13,15660112.0,15660112.0
2025-07-24T06:16:19.811775,ETH-USDT,3564.54,3564.55,22463674.0,22463674.0
2025-07-24T06:16:19.875419,BTC-USDT,117710.7,117710.8,74907306.0,74907306.0
2025-07-24T06:16:19.879933,LTC-USDT,109.42,109.43,22890390.0,22890390.0
2025-07-24T06:16:22.151316,XRP-USDT,3.0718,3.0719,88483050.0,88483050.0
2025-07-24T06:16:22.175474,SOL-USDT,183.12,183.13,15433576.0,15433576.0
2025-07-24T06:16:22.196478,ETH-USDT,3564.46,3564.47,22464980.0,22464980.0
2025-07-24T06:16:22.271584,BTC-USDT,117710.7,117710.8,74907306.0,74907306.0
2025-07-24T06:16:22.275036,LTC-USDT,109.42,109.43,22890390.0,22890390.0
2025-07-24T06:16:24.577573,XRP-USDT,3.0684,3.0685,88360314.0,88360314.0
2025-07-24T06:16:24.595430,SOL-USDT,182.92,182.93,15488368.0,15488368.0
2025-07-24T06:16:24.616795,ETH-USDT,3561.42,3561.43,22474016.0,22474016.0
2025-07-24T06:16:24.677631,BTC-USDT,117635.7,117635.8,74909160.0,74909160.0
2025-07-24T06:16:24.681442,LTC-USDT,109.3,109.31,22946058.0,22946058.0
2025-07-24T06:16:26.960531,XRP-USDT,3.06,3.0603,88393890.0,88393890.0
2025-07-24T06:16:26.982117,SOL-USDT,182.82,182.83,15496858.0,15496858.0
2025-07-24T06:16:27.002399,ETH-USDT,3560.52,3560.53,22494146.0,22494146.0
2025-07-24T06:16:27.065315,BTC-USDT,117628.3,117628.4,74913542.0,74913542.0
2025-07-24T06:16:27.068657,LTC-USDT,109.22,109.23,23376730.0,23376730.0
2025-07-24T06:16:29.363151,XRP-USDT,3.0618,3.0619,88408504.0,88408504.0
2025-07-24T06:16:29.386710,SOL-USDT,182.82,182.83,15544748.0,15544748.0
2025-07-24T06:16:29.410606,ETH-USDT,3560.21,3560.22,22495684.0,22495684.0
2025-07-24T06:16:29.477638,BTC-USDT,117615.3,117615.4,74913858.0,74913858.0
2025-07-24T06:16:29.480983,LTC-USDT,109.22,109.23,23387422.0,23387422.0
2025-07-24T06:16:31.791863,XRP-USDT,3.0611,3.0613,88409764.0,88409764.0
2025-07-24T06:16:31.810898,SOL-USDT,182.72,182.73,15558238.0,15558238.0
2025-07-24T06:16:31.832442,ETH-USDT,3558.12,3558.13,22509346.0,22509346.0
2025-07-24T06:16:31.893335,BTC-USDT,117606.0,117606.1,74881650.0,74881650.0
2025-07-24T06:16:31.900801,LTC-USDT,109.2,109.23,23393696.0,23393696.0
2025-07-24T06:16:34.162896,XRP-USDT,3.0625,3.0626,88415172.0,88415172.0
2025-07-24T06:16:34.185474,SOL-USDT,182.82,182.83,15565180.0,15565180.0
2025-07-24T06:16:34.205356,ETH-USDT,3560.19,3560.2,22511804.0,22511804.0
2025-07-24T06:16:34.265724,BTC-USDT,117607.6,117607.7,74881666.0,74881666.0
2025-07-24T06:16:34.273313,LTC-USDT,109.26,109.28,23396494.0,23396494.0
2025-07-24T06:16:36.541607,XRP-USDT,3.0578,3.0579,88440568.0,88440568.0
2025-07-24T06:16:36.560296,SOL-USDT,182.68,182.69,15573912.0,15573912.0
2025-07-24T06:16:36.578858,ETH-USDT,3558.04,3558.05,22541772.0,22541772.0
2025-07-24T06:16:36.643200,BTC-USDT,117588.8,117588.9,74900006.0,74900006.0
2025-07-24T06:16:36.646192,LTC-USDT,109.16,109.17,22907568.0,22907568.0
2025-07-24T06:16:38.940589,XRP-USDT,3.0557,3.0558,88442424.0,88442424.0
2025-07-24T06:16:38.971122,SOL-USDT,182.56,182.57,15582058.0,15582058.0
2025-07-24T06:16:38.985833,ETH-USDT,3556.51,3556.52,22554494.0,22554494.0
2025-07-24T06:16:39.052705,BTC-USDT,117560.8,117560.9,74904046.0,74904046.0
2025-07-24T06:16:39.056659,LTC-USDT,109.16,109.17,22907568.0,22907568.0
2025-07-24T06:16:41.356530,XRP-USDT,3.0556,3.0557,88445082.0,88445082.0
2025-07-24T06:16:41.376411,SOL-USDT,182.6,182.61,15596990.0,15596990.0
2025-07-24T06:16:41.397231,ETH-USDT,3556.83,3556.84,22392386.0,22392386.0
2025-07-24T06:16:41.465209,BTC-USDT,117560.7,117560.8,74909732.0,74909732.0
2025-07-24T06:16:41.470101,LTC-USDT,109.16,109.17,22907568.0,22907568.0
2025-07-24T06:16:43.762922,XRP-USDT,3.0555,3.0556,88468666.0,88468666.0
2025-07-24T06:16:43.785352,SOL-USDT,182.58,182.59,15608246.0,15608246.0
2025-07-24T06:16:43.805232,ETH-USDT,3556.68,3556.69,22394820.0,22394820.0
2025-07-24T06:16:43.870249,BTC-USDT,117560.7,117560.8,74910322.0,74910322.0
2025-07-24T06:16:43.873003,LTC-USDT,109.16,109.17,22907568.0,22907568.0
2025-07-24T06:16:46.144747,XRP-USDT,3.0548,3.0549,88054866.0,88054866.0
2025-07-24T06:16:46.167424,SOL-USDT,182.56,182.57,15615576.0,15615576.0
2025-07-24T06:16:46.187593,ETH-USDT,3556.6,3556.61,22395832.0,22395832.0
2025-07-24T06:16:46.247759,BTC-USDT,117560.0,117560.1,74911110.0,74911110.0
2025-07-24T06:16:46.254805,LTC-USDT,109.16,109.17,22907568.0,22907568.0
2025-07-24T06:16:48.516145,XRP-USDT,3.0548,3.0549,88081500.0,88081500.0
2025-07-24T06:16:48.537203,SOL-USDT,182.58,182.59,15283720.0,15283720.0
2025-07-24T06:16:48.559586,ETH-USDT,3556.17,3556.29,22421204.0,22421204.0
2025-07-24T06:16:48.619242,BTC-USDT,117555.0,117555.1,74922740.0,74922740.0
2025-07-24T06:16:48.621091,LTC-USDT,109.16,109.17,22907568.0,22907568.0
2025-07-24T06:16:50.891418,XRP-USDT,3.0535,3.0537,88089342.0,88089342.0
2025-07-24T06:16:50.910330,SOL-USDT,182.54,182.55,15285672.0,15285672.0
2025-07-24T06:16:50.932573,ETH-USDT,3555.74,3555.75,22424016.0,22424016.0
2025-07-24T06:16:50.991209,BTC-USDT,117542.0,117542.1,74937994.0,74937994.0
2025-07-24T06:16:50.995026,LTC-USDT,109.16,109.17,22907568.0,22907568.0
2025-07-24T06:16:53.267126,XRP-USDT,3.0535,3.0537,88090300.0,88090300.0
2025-07-24T06:16:53.289123,SOL-USDT,182.56,182.57,15287746.0,15287746.0
2025-07-24T06:16:53.306488,ETH-USDT,3556.0,3556.01,22425504.0,22425504.0
2025-07-24T06:16:53.369313,BTC-USDT,117541.2,117541.3,74943108.0,74943108.0
2025-07-24T06:16:53.369356,LTC-USDT,109.16,109.17,22907568.0,22907568.0
2025-07-24T06:19:53.749560,XRP-USDT,3.0544,3.0545,88095390.0,88095390.0
2025-07-24T06:19:53.749650,SOL-USDT,182.54,182.55,15290406.0,15290406.0
2025-07-24T06:19:53.749754,ETH-USDT,3556.01,3556.02,22428514.0,22428514.0
2025-07-24T06:19:53.749817,BTC-USDT,117538.4,117538.5,74943608.0,74943608.0
2025-07-24T06:19:53.749925,LTC-USDT,109.16,109.17,22908560.0,22908560.0
2025-07-24T06:19:53.750086,XRP-USDT,3.0544,3.0545,88107770.0,88107770.0
2025-07-24T06:19:53.750138,SOL-USDT,182.53,182.54,15296460.0,15296460.0
2025-07-24T06:19:53.750177,ETH-USDT,3555.4,3555.41,22433738.0,22433738.0
2025-07-24T06:19:53.750252,BTC-USDT,117538.4,117538.5,74909412.0,74909412.0
2025-07-24T06:19:53.750435,LTC-USDT,108.96,108.97,22908418.0,22908418.0
2025-07-24T06:19:53.750545,XRP-USDT,3.0526,3.0527,88180394.0,88180394.0
2025-07-24T06:19:53.750630,SOL-USDT,182.51,182.52,15344478.0,15344478.0
2025-07-24T06:19:53.750714,ETH-USDT,3554.72,3554.73,22455476.0,22455476.0
2025-07-24T06:19:53.750798,BTC-USDT,117523.7,117523.8,74922462.0,74922462.0
2025-07-24T06:19:53.750927,LTC-USDT,108.99,109.17,22908418.0,22908418.0
2025-07-24T06:19:53.750979,XRP-USDT,3.0525,3.0526,88190156.0,88190156.0
2025-07-24T06:19:53.751061,SOL-USDT,182.55,182.56,15345182.0,15345182.0
2025-07-24T06:19:53.751143,ETH-USDT,3555.3,3555.31,22456690.0,22456690.0
2025-07-24T06:19:53.751227,BTC-USDT,117517.1,117517.2,74923806.0,74923806.0
2025-07-24T06:19:53.751329,LTC-USDT,108.92,108.93,22908436.0,22908436.0
2025-07-24T06:19:53.751370,XRP-USDT,3.0511,3.0512,87558422.0,87558422.0
2025-07-24T06:19:53.751437,SOL-USDT,182.46,182.47,15361760.0,15361760.0
2025-07-24T06:19:53.751502,ETH-USDT,3555.16,3555.17,22340196.0,22340196.0
2025-07-24T06:19:53.751600,BTC-USDT,117489.4,117489.5,74934686.0,74934686.0
2025-07-24T06:19:53.751647,LTC-USDT,108.87,108.88,22908426.0,22908426.0
2025-07-24T06:19:53.751724,XRP-USDT,3.0539,3.054,87561430.0,87561430.0
2025-07-24T06:19:53.751817,SOL-USDT,182.63,182.64,15368676.0,15368676.0
2025-07-24T06:19:53.752071,ETH-USDT,3556.69,3556.7,22351160.0,22351160.0
2025-07-24T06:19:53.752129,BTC-USDT,117522.9,117523.0,74934718.0,74934718.0
2025-07-24T06:19:53.752175,LTC-USDT,108.93,108.94,22908426.0,22908426.0
2025-07-24T06:19:53.752223,XRP-USDT,3.0504,3.0505,87581606.0,87581606.0
2025-07-24T06:19:53.752265,SOL-USDT,182.55,182.56,15504238.0,15504238.0
2025-07-24T06:19:53.752359,ETH-USDT,3555.7,3555.71,22393072.0,22393072.0
2025-07-24T06:19:53.752670,BTC-USDT,117499.4,117499.5,74936448.0,74936448.0
2025-07-24T06:19:53.752716,LTC-USDT,108.85,108.86,22982606.0,22982606.0
2025-07-24T06:19:53.752801,XRP-USDT,3.0469,3.047,87998276.0,87998276.0
2025-07-24T06:19:53.752897,SOL-USDT,182.34,182.35,15550516.0,15550516.0
2025-07-24T06:19:53.753244,ETH-USDT,3554.89,3554.9,22430942.0,22430942.0
2025-07-24T06:19:53.753293,BTC-USDT,117473.8,117473.9,74996932.0,74996932.0
2025-07-24T06:19:53.753336,LTC-USDT,108.72,108.73,22982468.0,22982468.0
2025-07-24T06:19:53.753379,XRP-USDT,3.0456,3.0457,87998312.0,87998312.0
2025-07-24T06:19:53.753422,SOL-USDT,182.36,182.37,15552330.0,15552330.0
2025-07-24T06:19:53.753463,ETH-USDT,3554.2,3554.21,22431268.0,22431268.0
2025-07-24T06:19:53.753504,BTC-USDT,117456.0,117456.1,74997454.0,74997454.0
2025-07-24T06:19:53.753544,LTC-USDT,108.76,108.85,22982468.0,22982468.0
2025-07-24T06:19:53.753631,XRP-USDT,3.0483,3.0484,88009128.0,88009128.0
2025-07-24T06:19:53.753690,SOL-USDT,182.39,182.4,15610994.0,15610994.0
2025-07-24T06:19:53.753729,ETH-USDT,3554.73,3554.74,22479466.0,22479466.0
2025-07-24T06:19:53.753821,BTC-USDT,117463.0,117463.1,75006616.0,75006616.0
2025-07-24T06:19:53.754008,LTC-USDT,108.82,108.83,22764310.0,22764310.0
2025-07-24T06:19:53.754147,XRP-USDT,3.0496,3.0497,88017730.0,88017730.0
2025-07-24T06:19:53.754197,SOL-USDT,182.39,182.4,15614532.0,15614532.0
2025-07-24T06:19:53.754278,ETH-USDT,3555.29,3555.3,22482566.0,22482566.0
2025-07-24T06:19:53.754372,BTC-USDT,117442.9,117443.0,75026968.0,75026968.0
2025-07-24T06:19:53.754477,LTC-USDT,108.85,108.86,22766382.0,22766382.0
2025-07-24T06:19:53.754528,XRP-USDT,3.0509,3.051,88037374.0,88037374.0
2025-07-24T06:19:53.754613,SOL-USDT,182.43,182.44,15614574.0,15614574.0
2025-07-24T06:19:53.754717,ETH-USDT,3555.6,3555.61,22485382.0,22485382.0
2025-07-24T06:19:53.754767,BTC-USDT,117465.9,117466.0,75031362.0,75031362.0
2025-07-24T06:19:53.754850,LTC-USDT,108.91,108.92,22841994.0,22841994.0
2025-07-24T06:19:53.754999,XRP-USDT,3.0509,3.051,88071440.0,88071440.0
2025-07-24T06:19:53.755051,SOL-USDT,182.51,182.52,15644440.0,15644440.0
2025-07-24T06:19:53.755136,ETH-USDT,3555.41,3555.42,22485464.0,22485464.0
2025-07-24T06:19:53.755216,BTC-USDT,117466.1,117466.2,74883808.0,74883808.0
2025-07-24T06:19:53.755310,LTC-USDT,108.93,108.94,22842032.0,22842032.0
2025-07-24T06:19:53.755359,XRP-USDT,3.0523,3.0524,88105764.0,88105764.0
2025-07-24T06:19:53.755438,SOL-USDT,182.56,182.57,15848670.0,15848670.0
2025-07-24T06:19:53.755524,ETH-USDT,3556.27,3556.28,22669468.0,22669468.0
2025-07-24T06:19:53.755638,BTC-USDT,117465.2,117465.3,74899238.0,74899238.0
2025-07-24T06:19:53.755691,LTC-USDT,108.99,109.0,22842244.0,22842244.0
2025-07-24T06:19:53.755775,XRP-USDT,3.0536,3.0537,87657374.0,87657374.0
2025-07-24T06:19:53.755901,SOL-USDT,182.59,182.6,15852120.0,15852120.0
2025-07-24T06:19:53.755954,ETH-USDT,3556.9,3556.91,22371036.0,22371036.0
2025-07-24T06:19:53.756040,BTC-USDT,117471.7,117471.8,74899690.0,74899690.0
2025-07-24T06:19:53.756149,LTC-USDT,108.99,109.0,22842244.0,22842244.0
2025-07-24T06:19:53.756232,XRP-USDT,3.055,3.0551,87660196.0,87660196.0
2025-07-24T06:19:53.756306,SOL-USDT,182.63,182.64,15854390.0,15854390.0
2025-07-24T06:19:53.756334,ETH-USDT,3556.95,3556.96,22372422.0,22372422.0
2025-07-24T06:19:53.756354,BTC-USDT,117481.3,117481.4,74902426.0,74902426.0
2025-07-24T06:19:53.756372,LTC-USDT,109.03,109.06,22853418.0,22853418.0
2025-07-24T06:19:53.756390,XRP-USDT,3.055,3.0551,87667664.0,87667664.0
2025-07-24T06:19:53.756408,SOL-USDT,182.65,182.66,15879398.0,15879398.0
2025-07-24T06:19:53.756428,ETH-USDT,3557.22,3557.23,22374520.0,22374520.0
2025-07-24T06:19:53.756449,BTC-USDT,117481.7,117481.8,74903224.0,74903224.0
2025-07-24T06:19:53.756468,LTC-USDT,109.08,109.09,22863208.0,22863208.0
2025-07-24T06:19:53.756485,XRP-USDT,3.0558,3.0559,87667664.0,87667664.0
2025-07-24T06:19:53.756503,SOL-USDT,182.72,182.73,15882456.0,15882456.0
2025-07-24T06:19:53.756520,ETH-USDT,3557.83,3557.84,22398184.0,22398184.0
2025-07-24T06:19:53.756538,BTC-USDT,117495.4,117495.5,74904522.0,74904522.0
2025-07-24T06:19:53.756561,LTC-USDT,109.08,109.09,22863208.0,22863208.0
2025-07-24T06:19:53.756584,XRP-USDT,3.0583,3.0584,87807218.0,87807218.0
2025-07-24T06:19:53.756609,SOL-USDT,182.79,182.8,15930742.0,15930742.0
2025-07-24T06:19:53.756629,ETH-USDT,3558.88,3558.89,22420820.0,22420820.0
2025-07-24T06:19:53.756648,BTC-USDT,117504.4,117504.5,74914504.0,74914504.0
2025-07-24T06:19:53.756669,LTC-USDT,109.15,109.16,22869206.0,22869206.0
2025-07-24T06:19:53.756688,XRP-USDT,3.0592,3.0593,87825754.0,87825754.0
2025-07-24T06:19:53.756706,SOL-USDT,182.81,182.82,15972484.0,15972484.0
2025-07-24T06:19:53.756725,ETH-USDT,3559.53,3559.54,22426720.0,22426720.0
2025-07-24T06:19:53.756746,BTC-USDT,117510.5,117510.6,74918462.0,74918462.0
2025-07-24T06:19:53.756770,LTC-USDT,109.15,109.16,22869206.0,22869206.0
2025-07-24T06:19:53.756793,XRP-USDT,3.057,3.0571,87845496.0,87845496.0
2025-07-24T06:19:53.756815,SOL-USDT,182.77,182.78,15823242.0,15823242.0
2025-07-24T06:19:53.756837,ETH-USDT,3558.94,3558.95,22426940.0,22426940.0
2025-07-24T06:19:53.756859,BTC-USDT,117486.7,117486.8,74924234.0,74924234.0
2025-07-24T06:19:53.756902,LTC-USDT,109.13,109.14,22869206.0,22869206.0
2025-07-24T06:19:53.756927,XRP-USDT,3.057,3.0571,87900876.0,87900876.0
2025-07-24T06:19:53.756952,SOL-USDT,182.72,182.73,15832620.0,15832620.0
2025-07-24T06:19:53.756976,ETH-USDT,3558.26,3558.27,22426940.0,22426940.0
2025-07-24T06:19:53.757000,BTC-USDT,117475.6,117475.7,74935692.0,74935692.0
2025-07-24T06:19:53.757024,LTC-USDT,109.07,109.08,22869206.0,22869206.0
2025-07-24T06:19:53.757049,XRP-USDT,3.0557,3.0558,87902068.0,87902068.0
2025-07-24T06:19:53.757071,SOL-USDT,182.7,182.71,15833734.0,15833734.0
2025-07-24T06:19:53.757092,ETH-USDT,3557.7,3557.71,22429554.0,22429554.0
2025-07-24T06:19:53.757115,BTC-USDT,117471.7,117471.8,74897298.0,74897298.0
2025-07-24T06:19:53.757138,LTC-USDT,108.99,109.02,22879216.0,22879216.0
2025-07-24T06:19:53.757209,XRP-USDT,3.0535,3.0536,87920570.0,87920570.0
2025-07-24T06:19:53.757238,SOL-USDT,182.59,182.6,15847346.0,15847346.0
2025-07-24T06:19:53.757262,ETH-USDT,3556.17,3556.29,22429758.0,22429758.0
2025-07-24T06:19:53.757284,BTC-USDT,117468.2,117468.3,74952592.0,74952592.0
2025-07-24T06:19:53.757306,LTC-USDT,108.9,108.91,22879204.0,22879204.0
2025-07-24T06:20:03.208565,XRP-USDT,3.0558,3.0559,87716432.0,87716432.0
2025-07-24T06:20:03.208609,SOL-USDT,182.62,182.63,15853022.0,15853022.0
2025-07-24T06:20:03.208652,ETH-USDT,3556.5,3556.51,22429838.0,22429838.0
2025-07-24T06:20:03.208695,BTC-USDT,117504.1,117504.2,74952642.0,74952642.0
2025-07-24T06:20:03.208739,LTC-USDT,109.03,109.04,22879404.0,22879404.0
2025-07-24T06:20:03.208782,XRP-USDT,3.0565,3.0566,87717544.0,87717544.0
2025-07-24T06:20:03.208824,SOL-USDT,182.64,182.65,15863544.0,15863544.0
2025-07-24T06:20:03.208860,ETH-USDT,3556.4,3556.41,22430756.0,22430756.0
2025-07-24T06:20:03.208907,BTC-USDT,117504.1,117504.2,74953214.0,74953214.0
2025-07-24T06:20:03.208936,LTC-USDT,109.01,109.02,22879404.0,22879404.0
2025-07-24T06:20:03.208960,XRP-USDT,3.0572,3.0573,87719484.0,87719484.0
2025-07-24T06:20:03.208984,SOL-USDT,182.67,182.68,15866426.0,15866426.0
2025-07-24T06:20:03.209005,ETH-USDT,3556.4,3556.41,22341714.0,22341714.0
2025-07-24T06:20:03.209026,BTC-USDT,117504.1,117504.2,74953214.0,74953214.0
2025-07-24T06:20:03.209046,LTC-USDT,108.99,109.0,22879404.0,22879404.0
2025-07-24T06:20:03.209068,XRP-USDT,3.0557,3.0558,87720078.0,87720078.0
2025-07-24T06:20:03.209090,SOL-USDT,182.67,182.68,15872546.0,15872546.0
2025-07-24T06:20:03.209110,ETH-USDT,3555.9,3555.91,22341714.0,22341714.0
2025-07-24T06:20:03.209133,BTC-USDT,117507.7,117507.8,74953224.0,74953224.0
2025-07-24T06:20:03.209156,LTC-USDT,108.99,109.0,22879404.0,22879404.0
2025-07-24T06:20:03.209178,XRP-USDT,3.0576,3.0578,87726246.0,87726246.0
2025-07-24T06:20:03.209198,SOL-USDT,182.76,182.77,15916622.0,15916622.0
2025-07-24T06:20:03.209219,ETH-USDT,3556.6,3556.61,22345422.0,22345422.0
2025-07-24T06:20:03.209238,BTC-USDT,117501.9,117502.0,74955286.0,74955286.0
2025-07-24T06:20:03.209259,LTC-USDT,109.05,109.06,22879404.0,22879404.0
2025-07-24T06:20:03.209277,XRP-USDT,3.0597,3.0598,87745578.0,87745578.0
2025-07-24T06:20:03.209295,SOL-USDT,182.84,182.85,15921474.0,15921474.0
2025-07-24T06:20:03.636169,ETH-USDT,3558.51,3558.52,22347904.0,22347904.0
2025-07-24T06:20:03.636612,BTC-USDT,117530.6,117530.7,74955452.0,74955452.0
2025-07-24T06:20:03.636742,LTC-USDT,109.11,109.12,22943296.0,22943296.0
2025-07-24T06:20:03.636797,XRP-USDT,3.0604,3.0605,87745578.0,87745578.0
2025-07-24T06:20:03.636934,SOL-USDT,182.83,182.84,15929008.0,15929008.0
2025-07-24T06:20:03.636988,ETH-USDT,3558.38,3558.39,22489290.0,22489290.0
2025-07-24T06:20:03.637031,BTC-USDT,117530.6,117530.7,74957346.0,74957346.0
2025-07-24T06:20:03.637116,LTC-USDT,109.14,109.15,22953296.0,22953296.0
2025-07-24T06:20:03.637222,XRP-USDT,3.0624,3.0625,87747798.0,87747798.0
2025-07-24T06:20:03.637274,SOL-USDT,182.95,182.96,15932552.0,15932552.0
2025-07-24T06:20:03.637374,ETH-USDT,3559.27,3559.28,22493660.0,22493660.0
2025-07-24T06:20:03.637764,BTC-USDT,117541.4,117541.5,74967450.0,74967450.0
2025-07-24T06:20:03.637798,LTC-USDT,109.15,109.21,22957286.0,22957286.0
2025-07-24T06:20:03.637823,XRP-USDT,3.0641,3.0642,87750774.0,87750774.0
2025-07-24T06:20:03.637846,SOL-USDT,183.07,183.08,16007840.0,16007840.0
2025-07-24T06:20:03.637893,ETH-USDT,3559.63,3559.64,22494240.0,22494240.0
2025-07-24T06:20:03.637921,BTC-USDT,117547.9,117548.0,74968958.0,74968958.0
2025-07-24T06:20:03.637946,LTC-USDT,109.21,109.22,22957286.0,22957286.0
2025-07-24T06:20:03.637968,XRP-USDT,3.0646,3.0647,87785972.0,87785972.0
2025-07-24T06:20:03.637991,SOL-USDT,183.02,183.03,15821480.0,15821480.0
2025-07-24T06:20:03.638013,ETH-USDT,3559.56,3559.57,22522716.0,22522716.0
2025-07-24T06:20:03.638036,BTC-USDT,117548.0,117548.1,74971018.0,74971018.0
2025-07-24T06:20:03.638060,LTC-USDT,109.21,109.26,22974148.0,22974148.0
2025-07-24T06:20:03.638086,XRP-USDT,3.0659,3.066,87789836.0,87789836.0
2025-07-24T06:20:03.638109,SOL-USDT,183.02,183.03,15822198.0,15822198.0
2025-07-24T06:20:03.638132,ETH-USDT,3559.73,3559.74,22530072.0,22530072.0
2025-07-24T06:20:03.638154,BTC-USDT,117538.7,117538.8,74937926.0,74937926.0
2025-07-24T06:20:03.638177,LTC-USDT,109.28,109.29,22974148.0,22974148.0
2025-07-24T06:20:03.638199,XRP-USDT,3.0638,3.0639,87822450.0,87822450.0
2025-07-24T06:20:03.638222,SOL-USDT,182.96,182.97,15850430.0,15850430.0
2025-07-24T06:20:03.638244,ETH-USDT,3558.54,3558.55,22533876.0,22533876.0
2025-07-24T06:20:03.638267,BTC-USDT,117534.8,117534.9,74942222.0,74942222.0
2025-07-24T06:20:03.638290,LTC-USDT,109.21,109.23,22974148.0,22974148.0
2025-07-24T06:20:03.638312,XRP-USDT,3.0623,3.0624,87787338.0,87787338.0
2025-07-24T06:20:03.638334,SOL-USDT,182.92,182.93,15851760.0,15851760.0
2025-07-24T06:20:03.638356,ETH-USDT,3557.47,3557.48,22536878.0,22536878.0
2025-07-24T06:20:03.638377,BTC-USDT,117518.7,117518.8,74943996.0,74943996.0
2025-07-24T06:20:03.638401,LTC-USDT,109.15,109.2,22974148.0,22974148.0
2025-07-24T06:20:03.638424,XRP-USDT,3.0616,3.0617,87791524.0,87791524.0
2025-07-24T06:20:03.638444,SOL-USDT,182.9,182.92,15859766.0,15859766.0
2025-07-24T06:20:03.638464,ETH-USDT,3557.0,3557.01,22507518.0,22507518.0
2025-07-24T06:20:03.638487,BTC-USDT,117518.7,117518.8,74944054.0,74944054.0
2025-07-24T06:20:03.638510,LTC-USDT,109.17,109.2,22974148.0,22974148.0
2025-07-24T06:20:03.638533,XRP-USDT,3.0627,3.0628,87797062.0,87797062.0
2025-07-24T06:20:03.638556,SOL-USDT,182.88,182.89,15917354.0,15917354.0
2025-07-24T06:20:03.638579,ETH-USDT,3557.69,3557.7,22508830.0,22508830.0
2025-07-24T06:20:03.638606,BTC-USDT,117534.7,117534.8,74945224.0,74945224.0
2025-07-24T06:20:03.638631,LTC-USDT,109.19,109.2,23410250.0,23410250.0
2025-07-24T06:20:03.638654,XRP-USDT,3.062,3.0621,87812276.0,87812276.0
2025-07-24T06:20:03.638676,SOL-USDT,182.87,182.88,15917356.0,15917356.0
2025-07-24T06:20:03.638697,ETH-USDT,3556.74,3556.75,22513616.0,22513616.0
2025-07-24T06:20:03.638719,BTC-USDT,117525.5,117525.6,74947898.0,74947898.0
2025-07-24T06:20:03.638744,LTC-USDT,109.16,109.17,23410250.0,23410250.0
2025-07-24T06:20:03.638768,XRP-USDT,3.0641,3.0642,87824908.0,87824908.0
2025-07-24T06:20:03.638791,SOL-USDT,182.95,182.96,15917654.0,15917654.0
2025-07-24T06:20:03.638829,ETH-USDT,3557.73,3557.74,22516768.0,22516768.0
2025-07-24T06:20:03.638855,BTC-USDT,117533.3,117533.4,74950218.0,74950218.0
2025-07-24T06:20:03.638901,LTC-USDT,109.22,109.23,22872162.0,22872162.0
2025-07-24T06:20:03.638925,XRP-USDT,3.0642,3.0643,87824908.0,87824908.0
2025-07-24T06:20:03.638950,SOL-USDT,182.94,182.95,15921100.0,15921100.0
2025-07-24T06:20:03.638970,ETH-USDT,3557.47,3557.48,22527926.0,22527926.0
2025-07-24T06:20:03.638990,BTC-USDT,117526.9,117527.0,74955794.0,74955794.0
2025-07-24T06:20:03.639014,LTC-USDT,109.22,109.23,22892162.0,22892162.0
2025-07-24T06:20:03.639035,XRP-USDT,3.0635,3.0636,87824908.0,87824908.0
2025-07-24T06:20:03.639054,SOL-USDT,182.92,182.93,15927886.0,15927886.0
2025-07-24T06:20:03.639071,ETH-USDT,3557.74,3557.75,22531446.0,22531446.0
2025-07-24T06:20:03.639089,BTC-USDT,117526.9,117527.0,74956354.0,74956354.0
2025-07-24T06:20:03.639106,LTC-USDT,109.22,109.23,22902162.0,22902162.0
2025-07-24T06:20:03.639124,XRP-USDT,3.0642,3.0643,87828050.0,87828050.0
2025-07-24T06:20:03.639142,SOL-USDT,182.93,182.94,15929090.0,15929090.0
2025-07-24T06:20:03.639161,ETH-USDT,3557.74,3557.75,22556924.0,22556924.0
2025-07-24T06:20:03.639179,BTC-USDT,117526.9,117527.0,74956358.0,74956358.0
2025-07-24T06:20:03.639197,LTC-USDT,109.21,109.22,22904202.0,22904202.0
2025-07-24T06:20:03.639214,XRP-USDT,3.0642,3.0643,87829836.0,87829836.0
2025-07-24T06:20:03.639233,SOL-USDT,182.95,182.96,15930904.0,15930904.0
2025-07-24T06:20:03.639251,ETH-USDT,3557.48,3557.49,22565568.0,22565568.0
2025-07-24T06:20:03.639271,BTC-USDT,117526.9,117527.0,74956402.0,74956402.0
2025-07-24T06:20:03.639292,LTC-USDT,109.21,109.22,22904302.0,22904302.0
2025-07-24T06:20:03.639382,XRP-USDT,3.0636,3.0637,87831810.0,87831810.0
2025-07-24T06:20:03.639421,SOL-USDT,182.95,182.96,15329556.0,15329556.0
2025-07-24T06:20:03.639450,ETH-USDT,3557.04,3557.05,22566168.0,22566168.0
2025-07-24T06:20:03.639477,BTC-USDT,117519.7,117519.8,74977246.0,74977246.0
2025-07-24T06:20:03.639503,LTC-USDT,109.22,109.23,22904302.0,22904302.0
2025-07-24T06:20:03.639527,XRP-USDT,3.063,3.0631,87835248.0,87835248.0
2025-07-24T06:20:03.639552,SOL-USDT,182.89,182.9,15329796.0,15329796.0
2025-07-24T06:20:03.639579,ETH-USDT,3556.55,3556.56,22566238.0,22566238.0
2025-07-24T06:20:03.639605,BTC-USDT,117519.7,117519.8,74935440.0,74935440.0
2025-07-24T06:20:03.639631,LTC-USDT,109.16,109.17,22904302.0,22904302.0
2025-07-24T06:20:03.639677,XRP-USDT,3.0615,3.0616,87835252.0,87835252.0
2025-07-24T06:20:03.639707,SOL-USDT,182.85,182.86,15340562.0,15340562.0
2025-07-24T06:20:03.639735,ETH-USDT,3556.21,3556.22,22566484.0,22566484.0
2025-07-24T06:20:03.639761,BTC-USDT,117509.5,117509.6,74935532.0,74935532.0
2025-07-24T06:20:03.639787,LTC-USDT,109.1,109.11,22904302.0,22904302.0
2025-07-24T06:20:03.639812,XRP-USDT,3.0615,3.0616,87835500.0,87835500.0
2025-07-24T06:20:03.639837,SOL-USDT,182.83,182.84,15401884.0,15401884.0
2025-07-24T06:20:03.639864,ETH-USDT,3555.67,3555.68,22525690.0,22525690.0
2025-07-24T06:20:03.639912,BTC-USDT,117509.5,117509.6,75010696.0,75010696.0
2025-07-24T06:20:03.639946,LTC-USDT,109.13,109.14,22904302.0,22904302.0
2025-07-24T06:20:03.639988,XRP-USDT,3.0593,3.0594,87839038.0,87839038.0
2025-07-24T06:20:03.640028,SOL-USDT,182.78,182.79,15543310.0,15543310.0
2025-07-24T06:20:03.640065,ETH-USDT,3556.24,3556.25,22528790.0,22528790.0
2025-07-24T06:20:03.640100,BTC-USDT,117507.7,117507.8,75012014.0,75012014.0
2025-07-24T06:20:03.640134,LTC-USDT,109.1,109.11,22904302.0,22904302.0
2025-07-24T06:20:03.640169,XRP-USDT,3.0592,3.0593,87853132.0,87853132.0
2025-07-24T06:20:03.640208,SOL-USDT,182.78,182.79,15545816.0,15545816.0
2025-07-24T06:20:03.640242,ETH-USDT,3556.0,3556.01,22528950.0,22528950.0
2025-07-24T06:20:03.640276,BTC-USDT,117507.7,117507.8,75012414.0,75012414.0
2025-07-24T06:20:03.640311,LTC-USDT,109.07,109.08,22904302.0,22904302.0
2025-07-24T06:20:19.496272,SOL-USDT,182.98,182.99,15296050.0,15296050.0
2025-07-24T06:20:19.496348,ETH-USDT,3559.81,3559.82,22554376.0,22554376.0
2025-07-24T06:20:19.496385,BTC-USDT,117535.3,117535.4,75007608.0,75007608.0
2025-07-24T06:20:20.025994,XRP-USDT,3.0668,3.0669,87893150.0,87893150.0
2025-07-24T06:20:20.040253,SOL-USDT,182.96,182.97,15297990.0,15297990.0
2025-07-24T06:20:20.057271,ETH-USDT,3559.45,3559.46,22554862.0,22554862.0
2025-07-24T06:20:20.122712,BTC-USDT,117535.3,117535.4,75007608.0,75007608.0
2025-07-24T06:20:20.122754,LTC-USDT,109.35,109.36,22923138.0,22923138.0
2025-07-24T06:20:22.375071,XRP-USDT,3.0661,3.0662,87894624.0,87894624.0
2025-07-24T06:20:22.384264,SOL-USDT,182.94,182.95,15307646.0,15307646.0
2025-07-24T06:20:22.395063,ETH-USDT,3558.81,3558.82,22556078.0,22556078.0
2025-07-24T06:20:22.449396,BTC-USDT,117528.1,117528.2,75067608.0,75067608.0
2025-07-24T06:20:22.453917,LTC-USDT,109.3,109.31,22923138.0,22923138.0
2025-07-24T06:20:24.695860,XRP-USDT,3.0668,3.0669,87929850.0,87929850.0
2025-07-24T06:20:24.717702,SOL-USDT,182.95,182.96,15320884.0,15320884.0
2025-07-24T06:20:24.739004,ETH-USDT,3559.29,3559.3,22556078.0,22556078.0
2025-07-24T06:20:24.804151,BTC-USDT,117528.1,117528.2,75067792.0,75067792.0
2025-07-24T06:20:24.809374,LTC-USDT,109.3,109.31,22923138.0,22923138.0
2025-07-24T06:20:27.091289,XRP-USDT,3.0678,3.0679,87931932.0,87931932.0
2025-07-24T06:20:27.110591,SOL-USDT,183.04,183.05,15321356.0,15321356.0
2025-07-24T06:20:27.130329,ETH-USDT,3560.12,3560.13,22556084.0,22556084.0
2025-07-24T06:20:27.185959,BTC-USDT,117535.3,117535.4,75067930.0,75067930.0
2025-07-24T06:20:27.189010,LTC-USDT,109.38,109.39,22923138.0,22923138.0
2025-07-24T06:20:29.463317,XRP-USDT,3.0691,3.0692,87931932.0,87931932.0
2025-07-24T06:20:29.485114,SOL-USDT,183.12,183.13,15351462.0,15351462.0
2025-07-24T06:20:29.506784,ETH-USDT,3560.83,3560.84,22556546.0,22556546.0
2025-07-24T06:20:29.569327,BTC-USDT,117557.4,117557.5,75002234.0,75002234.0
2025-07-24T06:20:29.576318,LTC-USDT,109.41,109.42,22923138.0,22923138.0
2025-07-24T06:20:31.857497,XRP-USDT,3.0698,3.0699,87932236.0,87932236.0
2025-07-24T06:20:31.874982,SOL-USDT,183.13,183.14,15353426.0,15353426.0
2025-07-24T06:20:31.892965,ETH-USDT,3560.83,3560.91,22556546.0,22556546.0
2025-07-24T06:20:31.950806,BTC-USDT,117557.6,117557.7,75002234.0,75002234.0
2025-07-24T06:20:31.956459,LTC-USDT,109.44,109.45,22923138.0,22923138.0
2025-07-24T06:20:34.216352,XRP-USDT,3.0678,3.0679,87959740.0,87959740.0
2025-07-24T06:20:34.240207,SOL-USDT,183.11,183.12,15368138.0,15368138.0
2025-07-24T06:20:34.262705,ETH-USDT,3560.68,3560.69,22556556.0,22556556.0
2025-07-24T06:20:34.320593,BTC-USDT,117561.0,117561.1,75002272.0,75002272.0
2025-07-24T06:20:34.320728,LTC-USDT,109.42,109.43,22923138.0,22923138.0
2025-07-24T06:20:36.599689,XRP-USDT,3.0678,3.0679,87959766.0,87959766.0
2025-07-24T06:20:36.621610,SOL-USDT,183.14,183.15,15378446.0,15378446.0
2025-07-24T06:20:36.641454,ETH-USDT,3561.52,3561.53,22543420.0,22543420.0
2025-07-24T06:20:36.701268,BTC-USDT,117571.4,117571.5,75003978.0,75003978.0
2025-07-24T06:20:36.705892,LTC-USDT,109.44,109.45,22923182.0,22923182.0
2025-07-24T06:20:38.973933,XRP-USDT,3.065,3.0651,87962462.0,87962462.0
2025-07-24T06:20:38.996209,SOL-USDT,183.06,183.07,15380122.0,15380122.0
2025-07-24T06:20:39.021519,ETH-USDT,3560.02,3560.03,22544146.0,22544146.0
2025-07-24T06:20:39.079370,BTC-USDT,117539.7,117539.8,75004632.0,75004632.0
2025-07-24T06:20:39.086300,LTC-USDT,109.35,109.36,22923182.0,22923182.0
2025-07-24T06:20:41.356344,XRP-USDT,3.0643,3.0644,87965758.0,87965758.0
2025-07-24T06:20:41.384616,SOL-USDT,183.01,183.02,15363290.0,15363290.0
2025-07-24T06:20:41.394862,ETH-USDT,3559.83,3559.84,22545194.0,22545194.0
2025-07-24T06:20:41.450931,BTC-USDT,117538.3,117538.4,75004632.0,75004632.0
2025-07-24T06:20:41.453185,LTC-USDT,109.33,109.34,22923182.0,22923182.0
2025-07-24T06:20:43.725082,XRP-USDT,3.065,3.0651,87966454.0,87966454.0
2025-07-24T06:20:43.739999,SOL-USDT,183.02,183.03,15375756.0,15375756.0
2025-07-24T06:20:43.751192,ETH-USDT,3560.44,3560.45,22545234.0,22545234.0
2025-07-24T06:20:43.808335,BTC-USDT,117538.3,117538.4,75012498.0,75012498.0
2025-07-24T06:20:43.811787,LTC-USDT,109.35,109.36,22923912.0,22923912.0
2025-07-24T06:20:46.055271,XRP-USDT,3.065,3.0652,87926742.0,87926742.0
2025-07-24T06:20:46.079236,SOL-USDT,183.0,183.01,15386730.0,15386730.0
2025-07-24T06:20:46.089799,ETH-USDT,3560.11,3560.12,22545858.0,22545858.0
2025-07-24T06:20:46.161684,BTC-USDT,117549.0,117549.1,75016666.0,75016666.0
2025-07-24T06:20:46.161734,LTC-USDT,109.35,109.36,22923912.0,22923912.0
2025-07-24T06:20:48.414066,XRP-USDT,3.0637,3.0638,87927532.0,87927532.0
2025-07-24T06:20:48.430917,SOL-USDT,182.97,182.98,15392362.0,15392362.0
2025-07-24T06:20:48.448393,ETH-USDT,3559.85,3559.86,22554566.0,22554566.0
2025-07-24T06:20:48.509041,BTC-USDT,117538.5,117538.6,75016724.0,75016724.0
2025-07-24T06:20:48.509089,LTC-USDT,109.32,109.33,22923912.0,22923912.0
2025-07-24T06:20:50.760486,XRP-USDT,3.0665,3.0666,87927892.0,87927892.0
2025-07-24T06:20:50.782939,SOL-USDT,183.06,183.07,15394844.0,15394844.0
2025-07-24T06:20:50.803011,ETH-USDT,3561.35,3561.36,22554566.0,22554566.0
2025-07-24T06:20:50.867191,BTC-USDT,117549.0,117549.1,74990358.0,74990358.0
2025-07-24T06:20:50.872982,LTC-USDT,109.32,109.33,22923912.0,22923912.0
2025-07-24T06:20:53.180200,XRP-USDT,3.0665,3.0666,87927892.0,87927892.0
2025-07-24T06:20:53.199642,SOL-USDT,183.06,183.07,15400190.0,15400190.0
2025-07-24T06:20:53.242861,ETH-USDT,3561.86,3561.87,22555406.0,22555406.0
2025-07-24T06:20:53.284257,BTC-USDT,117552.5,117552.6,74992988.0,74992988.0
2025-07-24T06:20:53.288038,LTC-USDT,109.32,109.33,22923912.0,22923912.0
2025-07-24T06:20:55.559107,XRP-USDT,3.0665,3.0666,87929052.0,87929052.0
2025-07-24T06:20:55.572595,SOL-USDT,183.03,183.04,15413856.0,15413856.0
2025-07-24T06:20:55.589121,ETH-USDT,3561.48,3561.49,22555730.0,22555730.0
2025-07-24T06:20:55.646473,BTC-USDT,117552.8,117552.9,74993006.0,74993006.0
2025-07-24T06:20:55.648919,LTC-USDT,109.39,109.4,22923912.0,22923912.0
2025-07-24T06:20:57.901274,XRP-USDT,3.0666,3.0667,87930314.0,87930314.0
2025-07-24T06:20:57.922415,SOL-USDT,183.06,183.07,15416520.0,15416520.0
2025-07-24T06:20:57.940439,ETH-USDT,3561.92,3561.93,22556860.0,22556860.0
2025-07-24T06:20:58.004319,BTC-USDT,117559.2,117559.3,74993482.0,74993482.0
2025-07-24T06:20:58.004661,LTC-USDT,109.42,109.43,22923912.0,22923912.0
2025-07-24T06:21:00.274578,XRP-USDT,3.0666,3.0667,87930314.0,87930314.0
2025-07-24T06:21:00.294456,SOL-USDT,183.09,183.1,15416520.0,15416520.0
2025-07-24T06:21:00.312714,ETH-USDT,3561.73,3561.74,22560740.0,22560740.0
2025-07-24T06:21:00.375946,BTC-USDT,117559.2,117559.3,74994142.0,74994142.0
2025-07-24T06:21:00.383008,LTC-USDT,109.41,109.42,22923912.0,22923912.0
2025-07-24T06:21:02.634719,XRP-USDT,3.0646,3.0647,87930316.0,87930316.0
2025-07-24T06:21:02.653774,SOL-USDT,183.01,183.02,15342650.0,15342650.0
2025-07-24T06:21:02.673153,ETH-USDT,3560.49,3560.5,22562728.0,22562728.0
2025-07-24T06:21:02.734223,BTC-USDT,117552.8,117552.9,74997568.0,74997568.0
2025-07-24T06:21:02.738569,LTC-USDT,109.35,109.36,22924340.0,22924340.0
2025-07-24T06:21:04.988650,XRP-USDT,3.0659,3.066,87930806.0,87930806.0
2025-07-24T06:21:05.009796,SOL-USDT,183.01,183.02,15344122.0,15344122.0
2025-07-24T06:21:05.024666,ETH-USDT,3560.93,3560.94,22573720.0,22573720.0
2025-07-24T06:21:05.086334,BTC-USDT,117552.8,117552.9,74999570.0,74999570.0
2025-07-24T06:21:05.095254,LTC-USDT,109.37,109.38,22924340.0,22924340.0
2025-07-24T06:21:07.368175,XRP-USDT,3.0674,3.0675,87943384.0,87943384.0
2025-07-24T06:21:07.390216,SOL-USDT,183.03,183.04,15344730.0,15344730.0
2025-07-24T06:21:07.403264,ETH-USDT,3561.02,3561.03,22550320.0,22550320.0
2025-07-24T06:21:07.458727,BTC-USDT,117552.8,117552.9,75001778.0,75001778.0
2025-07-24T06:21:07.462046,LTC-USDT,109.37,109.38,22924340.0,22924340.0
2025-07-24T06:21:09.715914,XRP-USDT,3.066,3.0661,87943508.0,87943508.0
2025-07-24T06:21:09.739542,SOL-USDT,183.01,183.02,15345968.0,15345968.0
2025-07-24T06:21:09.754277,ETH-USDT,3560.57,3560.58,22551620.0,22551620.0
2025-07-24T06:21:09.810475,BTC-USDT,117552.8,117552.9,75001778.0,75001778.0
2025-07-24T06:21:09.817691,LTC-USDT,109.37,109.38,22924340.0,22924340.0
2025-07-24T06:21:12.051910,XRP-USDT,3.0654,3.0655,87943508.0,87943508.0
2025-07-24T06:21:12.071668,SOL-USDT,183.01,183.02,15346192.0,15346192.0
2025-07-24T06:21:12.088749,ETH-USDT,3560.23,3560.24,22551624.0,22551624.0
2025-07-24T06:21:12.146961,BTC-USDT,117550.0,117550.1,75001778.0,75001778.0
2025-07-24T06:21:12.150586,LTC-USDT,109.35,109.36,22924340.0,22924340.0
2025-07-24T06:21:14.388730,XRP-USDT,3.066,3.0661,87953054.0,87953054.0
2025-07-24T06:21:14.410924,SOL-USDT,183.04,183.05,15355030.0,15355030.0
2025-07-24T06:21:14.425779,ETH-USDT,3560.58,3560.59,22551626.0,22551626.0
2025-07-24T06:21:14.480703,BTC-USDT,117550.0,117550.1,75037118.0,75037118.0
2025-07-24T06:21:14.484174,LTC-USDT,109.35,109.36,22924340.0,22924340.0
2025-07-24T06:21:16.729730,XRP-USDT,3.066,3.0661,87953654.0,87953654.0
2025-07-24T06:21:16.748661,SOL-USDT,183.0,183.01,15360040.0,15360040.0
2025-07-24T06:21:16.764991,ETH-USDT,3560.06,3560.07,22552764.0,22552764.0
2025-07-24T06:21:16.826146,BTC-USDT,117540.0,117540.1,75037122.0,75037122.0
2025-07-24T06:21:16.828080,LTC-USDT,109.36,109.37,22924340.0,22924340.0
2025-07-24T06:21:19.086272,XRP-USDT,3.066,3.0661,87955654.0,87955654.0
2025-07-24T06:21:19.103614,SOL-USDT,182.98,182.99,15361828.0,15361828.0
2025-07-24T06:21:19.121087,ETH-USDT,3560.06,3560.07,22552864.0,22552864.0
2025-07-24T06:21:19.180072,BTC-USDT,117550.0,117550.1,75037608.0,75037608.0
2025-07-24T06:21:19.182823,LTC-USDT,109.34,109.35,22924340.0,22924340.0
2025-07-24T06:21:21.439713,XRP-USDT,3.066,3.0661,87955654.0,87955654.0
2025-07-24T06:21:21.459422,SOL-USDT,182.97,182.98,15325522.0,15325522.0
2025-07-24T06:21:21.484034,ETH-USDT,3560.06,3560.07,22552888.0,22552888.0
2025-07-24T06:21:21.547087,BTC-USDT,117550.2,117550.3,75038096.0,75038096.0
2025-07-24T06:21:21.547148,LTC-USDT,109.34,109.35,22924340.0,22924340.0
2025-07-24T06:21:23.794076,XRP-USDT,3.0674,3.0675,87956196.0,87956196.0
2025-07-24T06:21:23.813382,SOL-USDT,182.99,183.0,15326060.0,15326060.0
2025-07-24T06:21:23.830049,ETH-USDT,3560.06,3560.07,22552888.0,22552888.0
2025-07-24T06:21:23.889253,BTC-USDT,117550.2,117550.3,75038096.0,75038096.0
2025-07-24T06:21:23.892147,LTC-USDT,109.34,109.35,22924344.0,22924344.0
2025-07-24T06:21:26.146740,XRP-USDT,3.067,3.0671,87956460.0,87956460.0
2025-07-24T06:21:26.161438,SOL-USDT,182.98,182.99,15337426.0,15337426.0
2025-07-24T06:21:26.185569,ETH-USDT,3559.85,3559.86,22552888.0,22552888.0
2025-07-24T06:21:26.252999,BTC-USDT,117550.2,117550.3,75039224.0,75039224.0
2025-07-24T06:21:26.257613,LTC-USDT,109.31,109.32,22924344.0,22924344.0
2025-07-24T06:21:28.505299,XRP-USDT,3.0663,3.0664,87956674.0,87956674.0
2025-07-24T06:21:28.527170,SOL-USDT,182.96,182.97,15373610.0,15373610.0
2025-07-24T06:21:28.545779,ETH-USDT,3559.35,3559.36,22553710.0,22553710.0
2025-07-24T06:21:28.597934,BTC-USDT,117550.2,117550.3,75039190.0,75039190.0
2025-07-24T06:21:28.600908,LTC-USDT,109.3,109.31,22924344.0,22924344.0
2025-07-24T06:21:30.842166,XRP-USDT,3.0677,3.0678,87956998.0,87956998.0
2025-07-24T06:21:30.866453,SOL-USDT,182.99,183.0,15376994.0,15376994.0
2025-07-24T06:21:30.883073,ETH-USDT,3559.49,3559.5,22553936.0,22553936.0
2025-07-24T06:21:30.940859,BTC-USDT,117550.2,117550.3,75039196.0,75039196.0
2025-07-24T06:21:30.944920,LTC-USDT,109.3,109.31,22924344.0,22924344.0
2025-07-24T06:21:33.214862,XRP-USDT,3.065,3.0651,87962124.0,87962124.0
2025-07-24T06:21:33.248048,SOL-USDT,182.91,182.92,15379202.0,15379202.0
2025-07-24T06:21:33.261419,ETH-USDT,3558.42,3558.43,22553942.0,22553942.0
2025-07-24T06:21:33.324247,BTC-USDT,117553.7,117553.8,75039236.0,75039236.0
2025-07-24T06:21:33.327442,LTC-USDT,109.3,109.31,22924344.0,22924344.0
2025-07-24T06:21:35.611569,XRP-USDT,3.065,3.0651,87968512.0,87968512.0
2025-07-24T06:21:35.623848,SOL-USDT,182.89,182.9,15390100.0,15390100.0
2025-07-24T06:21:35.641840,ETH-USDT,3558.57,3558.58,22547294.0,22547294.0
2025-07-24T06:21:35.700117,BTC-USDT,117553.7,117553.8,75003354.0,75003354.0
2025-07-24T06:21:35.703222,LTC-USDT,109.3,109.31,22924344.0,22924344.0
2025-07-24T06:24:34.696296,XRP-USDT,3.0665,3.0666,87968562.0,87968562.0
2025-07-24T06:24:34.696336,SOL-USDT,182.93,182.94,15390208.0,15390208.0
2025-07-24T06:24:34.696377,ETH-USDT,3559.08,3559.09,22547430.0,22547430.0
2025-07-24T06:24:34.696415,BTC-USDT,117553.7,117553.8,75003586.0,75003586.0
2025-07-24T06:24:34.696455,LTC-USDT,109.3,109.31,22924344.0,22924344.0
2025-07-24T06:24:34.696489,XRP-USDT,3.0678,3.0679,87968562.0,87968562.0
2025-07-24T06:24:34.696525,SOL-USDT,183.01,183.02,15396544.0,15396544.0
2025-07-24T06:24:34.696564,ETH-USDT,3559.51,3559.52,22547844.0,22547844.0
2025-07-24T06:24:34.696608,BTC-USDT,117565.3,117565.4,75004090.0,75004090.0
2025-07-24T06:24:34.696644,LTC-USDT,109.3,109.31,22924344.0,22924344.0
2025-07-24T06:24:34.696683,XRP-USDT,3.0664,3.0665,87969434.0,87969434.0
2025-07-24T06:24:34.696723,SOL-USDT,182.91,182.92,15415372.0,15415372.0
2025-07-24T06:24:34.696766,ETH-USDT,3558.85,3558.86,22550320.0,22550320.0
2025-07-24T06:24:34.696813,BTC-USDT,117565.3,117565.4,75004552.0,75004552.0
2025-07-24T06:24:34.696886,LTC-USDT,109.3,109.31,22924344.0,22924344.0
2025-07-24T06:24:34.696932,XRP-USDT,3.0664,3.0665,87974180.0,87974180.0
2025-07-24T06:24:34.697001,SOL-USDT,182.92,182.93,15415484.0,15415484.0
2025-07-24T06:24:34.697050,ETH-USDT,3558.84,3558.85,22552732.0,22552732.0
2025-07-24T06:24:34.697093,BTC-USDT,117564.2,117564.3,75004660.0,75004660.0
2025-07-24T06:24:34.697133,LTC-USDT,109.3,109.31,22924344.0,22924344.0
2025-07-24T06:24:34.697177,XRP-USDT,3.0664,3.0665,87974180.0,87974180.0
2025-07-24T06:24:34.697218,SOL-USDT,182.91,182.92,15287944.0,15287944.0
2025-07-24T06:24:34.697349,ETH-USDT,3558.84,3558.85,22552758.0,22552758.0
2025-07-24T06:24:34.697404,BTC-USDT,117564.2,117564.3,75004686.0,75004686.0
2025-07-24T06:24:34.697447,LTC-USDT,109.22,109.27,22927962.0,22927962.0
2025-07-24T06:24:34.697598,XRP-USDT,3.0692,3.0693,87974180.0,87974180.0
2025-07-24T06:24:34.697662,SOL-USDT,183.01,183.02,15288498.0,15288498.0
2025-07-24T06:24:34.697704,ETH-USDT,3560.78,3560.79,22553598.0,22553598.0
2025-07-24T06:24:34.697747,BTC-USDT,117570.0,117570.1,75005258.0,75005258.0
2025-07-24T06:24:34.697791,LTC-USDT,109.33,109.34,22927962.0,22927962.0
2025-07-24T06:24:38.233759,XRP-USDT,3.0691,3.0692,87976780.0,87976780.0
2025-07-24T06:24:38.233853,SOL-USDT,183.03,183.06,15294688.0,15294688.0
2025-07-24T06:24:38.233974,ETH-USDT,3560.96,3560.97,22553632.0,22553632.0
2025-07-24T06:24:38.234026,BTC-USDT,117574.8,117574.9,75005258.0,75005258.0
2025-07-24T06:24:38.234095,LTC-USDT,109.32,109.33,22927962.0,22927962.0
2025-07-24T06:24:38.234176,XRP-USDT,3.0698,3.0699,87976780.0,87976780.0
2025-07-24T06:24:38.234216,SOL-USDT,183.08,183.09,15302424.0,15302424.0
2025-07-24T06:24:38.234281,ETH-USDT,3560.19,3560.2,22562276.0,22562276.0
2025-07-24T06:24:38.234372,BTC-USDT,117575.9,117576.0,75030620.0,75030620.0
2025-07-24T06:24:38.234423,LTC-USDT,109.32,109.33,22935280.0,22935280.0
2025-07-24T06:24:38.234500,XRP-USDT,3.0698,3.0699,87980026.0,87980026.0
2025-07-24T06:24:38.234597,SOL-USDT,183.05,183.07,15308266.0,15308266.0
2025-07-24T06:24:38.234649,ETH-USDT,3560.19,3560.2,22564652.0,22564652.0
2025-07-24T06:24:38.234729,BTC-USDT,117575.9,117576.0,75030728.0,75030728.0
2025-07-24T06:24:38.234815,LTC-USDT,109.33,109.34,22935280.0,22935280.0
2025-07-24T06:24:38.234854,XRP-USDT,3.0698,3.0699,87882900.0,87882900.0
2025-07-24T06:24:38.234944,SOL-USDT,183.06,183.07,15311182.0,15311182.0
2025-07-24T06:24:38.235026,ETH-USDT,3560.19,3560.2,22557198.0,22557198.0
2025-07-24T06:24:38.235064,BTC-USDT,117575.9,117576.0,75036252.0,75036252.0
2025-07-24T06:24:38.235124,LTC-USDT,109.33,109.34,22935280.0,22935280.0
2025-07-24T06:24:38.235199,XRP-USDT,3.0691,3.0692,87882964.0,87882964.0
2025-07-24T06:24:38.235237,SOL-USDT,183.05,183.06,15313432.0,15313432.0
2025-07-24T06:24:38.235307,ETH-USDT,3560.28,3560.29,22558254.0,22558254.0
2025-07-24T06:24:38.235411,BTC-USDT,117575.9,117576.0,74989608.0,74989608.0
2025-07-24T06:24:38.235458,LTC-USDT,109.33,109.34,22935280.0,22935280.0
2025-07-24T06:24:38.235544,XRP-USDT,3.0717,3.0718,87884842.0,87884842.0
2025-07-24T06:24:38.235659,SOL-USDT,183.15,183.16,15347362.0,15347362.0
2025-07-24T06:24:38.235710,ETH-USDT,3561.26,3561.27,22558586.0,22558586.0
2025-07-24T06:24:38.235795,BTC-USDT,117583.1,117583.2,74990644.0,74990644.0
2025-07-24T06:24:38.235898,LTC-USDT,109.38,109.39,22935280.0,22935280.0
2025-07-24T06:24:38.236007,XRP-USDT,3.0727,3.0728,87884842.0,87884842.0
2025-07-24T06:24:38.236093,SOL-USDT,183.19,183.2,15350748.0,15350748.0
2025-07-24T06:24:38.236175,ETH-USDT,3561.86,3561.87,22558586.0,22558586.0
2025-07-24T06:24:38.236257,BTC-USDT,117593.0,117593.1,74990990.0,74990990.0
2025-07-24T06:24:38.236343,LTC-USDT,109.43,109.44,22935280.0,22935280.0
2025-07-24T06:24:38.236385,XRP-USDT,3.0747,3.0748,87885678.0,87885678.0
2025-07-24T06:24:38.236502,SOL-USDT,183.29,183.3,15369944.0,15369944.0
2025-07-24T06:24:38.236545,ETH-USDT,3562.65,3562.66,22578026.0,22578026.0
2025-07-24T06:24:38.236614,BTC-USDT,117614.7,117614.8,74992438.0,74992438.0
2025-07-24T06:24:38.236683,LTC-USDT,109.47,109.48,22935280.0,22935280.0
2025-07-24T06:24:38.236769,XRP-USDT,3.0754,3.0755,87887090.0,87887090.0
2025-07-24T06:24:38.236882,SOL-USDT,183.32,183.33,15371840.0,15371840.0
2025-07-24T06:24:38.236916,ETH-USDT,3563.16,3563.17,22603478.0,22603478.0
2025-07-24T06:24:38.236948,BTC-USDT,117615.2,117615.3,75055240.0,75055240.0
2025-07-24T06:24:38.236976,LTC-USDT,109.47,109.48,22935280.0,22935280.0
2025-07-24T06:24:38.236999,XRP-USDT,3.0775,3.0776,87896366.0,87896366.0
2025-07-24T06:24:38.237023,SOL-USDT,183.38,183.39,15382790.0,15382790.0
2025-07-24T06:24:38.237044,ETH-USDT,3564.82,3564.83,22605370.0,22605370.0
2025-07-24T06:24:38.237065,BTC-USDT,117630.5,117630.6,75071988.0,75071988.0
2025-07-24T06:24:38.237088,LTC-USDT,109.57,109.58,22935274.0,22935274.0
2025-07-24T06:24:38.237110,XRP-USDT,3.0796,3.0797,87900378.0,87900378.0
2025-07-24T06:24:38.237131,SOL-USDT,183.46,183.47,15389660.0,15389660.0
2025-07-24T06:24:38.237153,ETH-USDT,3566.91,3566.92,22609980.0,22609980.0
2025-07-24T06:24:38.237175,BTC-USDT,117644.6,117644.7,75073996.0,75073996.0
2025-07-24T06:24:38.237197,LTC-USDT,109.57,109.68,22946882.0,22946882.0
2025-07-24T06:24:38.237219,XRP-USDT,3.0796,3.0797,87929528.0,87929528.0
2025-07-24T06:24:38.237241,SOL-USDT,183.49,183.5,15325370.0,15325370.0
2025-07-24T06:24:38.237263,ETH-USDT,3566.32,3566.33,22619176.0,22619176.0
2025-07-24T06:24:38.237284,BTC-USDT,117644.6,117644.7,75074128.0,75074128.0
2025-07-24T06:24:38.237306,LTC-USDT,109.62,109.65,22950312.0,22950312.0
2025-07-24T06:24:38.237328,XRP-USDT,3.0803,3.0804,87957150.0,87957150.0
2025-07-24T06:24:38.237350,SOL-USDT,183.49,183.5,15331328.0,15331328.0
2025-07-24T06:24:38.237371,ETH-USDT,3566.8,3566.81,22626836.0,22626836.0
2025-07-24T06:24:38.237393,BTC-USDT,117652.7,117652.8,75083680.0,75083680.0
2025-07-24T06:24:38.237421,LTC-USDT,109.69,109.7,22950312.0,22950312.0
2025-07-24T06:24:38.237444,XRP-USDT,3.0803,3.0804,87957674.0,87957674.0
2025-07-24T06:24:38.237465,SOL-USDT,183.53,183.54,15334912.0,15334912.0
2025-07-24T06:24:38.237485,ETH-USDT,3566.56,3566.57,22564478.0,22564478.0
2025-07-24T06:24:38.237507,BTC-USDT,117653.0,117653.1,75083926.0,75083926.0
2025-07-24T06:24:38.237528,LTC-USDT,109.72,109.73,22950312.0,22950312.0
2025-07-24T06:24:38.237550,XRP-USDT,3.0806,3.0807,87957716.0,87957716.0
2025-07-24T06:24:38.237569,SOL-USDT,183.51,183.52,15340994.0,15340994.0
2025-07-24T06:24:38.237592,ETH-USDT,3566.99,3567.0,22567452.0,22567452.0
2025-07-24T06:24:38.237614,BTC-USDT,117653.0,117653.1,75050834.0,75050834.0
2025-07-24T06:24:38.237639,LTC-USDT,109.7,109.71,22950312.0,22950312.0
2025-07-24T06:24:38.237659,XRP-USDT,3.0806,3.0807,87957716.0,87957716.0
2025-07-24T06:24:38.237677,SOL-USDT,183.51,183.53,15371254.0,15371254.0
2025-07-24T06:24:38.237697,ETH-USDT,3567.12,3567.13,22580826.0,22580826.0
2025-07-24T06:24:38.237718,BTC-USDT,117653.0,117653.1,75052012.0,75052012.0
2025-07-24T06:24:38.237741,LTC-USDT,109.7,109.71,22950328.0,22950328.0
2025-07-24T06:24:38.237764,XRP-USDT,3.0813,3.0814,87970212.0,87970212.0
2025-07-24T06:24:38.237786,SOL-USDT,183.52,183.53,15381612.0,15381612.0
2025-07-24T06:24:38.237807,ETH-USDT,3567.0,3567.01,22581238.0,22581238.0
2025-07-24T06:24:38.237828,BTC-USDT,117653.0,117653.1,75052414.0,75052414.0
2025-07-24T06:24:38.237851,LTC-USDT,109.71,109.72,22950328.0,22950328.0
2025-07-24T06:24:38.238261,XRP-USDT,3.0813,3.0814,87987012.0,87987012.0
2025-07-24T06:24:38.238314,SOL-USDT,183.51,183.52,15381840.0,15381840.0
2025-07-24T06:24:38.238359,ETH-USDT,3566.44,3566.53,22582034.0,22582034.0
2025-07-24T06:24:38.238401,BTC-USDT,117647.9,117648.0,75055052.0,75055052.0
2025-07-24T06:24:38.238443,LTC-USDT,109.71,109.72,22950328.0,22950328.0
2025-07-24T06:24:38.238673,XRP-USDT,3.0829,3.083,87987232.0,87987232.0
2025-07-24T06:24:38.238736,SOL-USDT,183.57,183.59,15403410.0,15403410.0
2025-07-24T06:24:38.238780,ETH-USDT,3567.08,3567.09,22585648.0,22585648.0
2025-07-24T06:24:38.238892,BTC-USDT,117654.8,117654.9,75056436.0,75056436.0
2025-07-24T06:24:38.239502,LTC-USDT,109.73,109.74,22950328.0,22950328.0
2025-07-24T06:24:38.239553,XRP-USDT,3.0839,3.084,87987340.0,87987340.0
2025-07-24T06:24:38.239598,SOL-USDT,183.6,183.63,15430584.0,15430584.0
2025-07-24T06:24:38.239653,ETH-USDT,3567.63,3567.64,22586376.0,22586376.0
2025-07-24T06:24:38.239694,BTC-USDT,117656.7,117656.8,75066524.0,75066524.0
2025-07-24T06:24:38.239736,LTC-USDT,109.73,109.74,22950328.0,22950328.0
2025-07-24T06:24:38.239778,XRP-USDT,3.0852,3.0853,87996214.0,87996214.0
2025-07-24T06:24:38.239814,SOL-USDT,183.66,183.67,15434098.0,15434098.0
2025-07-24T06:24:38.240122,ETH-USDT,3568.26,3568.27,22586446.0,22586446.0
2025-07-24T06:24:38.240199,BTC-USDT,117680.0,117680.1,75066606.0,75066606.0
2025-07-24T06:24:38.240244,LTC-USDT,109.73,109.74,22950328.0,22950328.0
2025-07-24T06:24:38.240288,XRP-USDT,3.0858,3.0859,87996858.0,87996858.0
2025-07-24T06:24:38.240387,SOL-USDT,183.71,183.72,15310846.0,15310846.0
2025-07-24T06:24:38.240472,ETH-USDT,3569.05,3569.06,22606766.0,22606766.0
2025-07-24T06:24:38.240557,BTC-USDT,117693.1,117693.2,75066830.0,75066830.0
2025-07-24T06:24:38.240664,LTC-USDT,109.73,109.74,22950328.0,22950328.0
2025-07-24T06:24:38.240715,XRP-USDT,3.0867,3.0868,88008356.0,88008356.0
2025-07-24T06:24:38.240803,SOL-USDT,183.74,183.75,15343948.0,15343948.0
2025-07-24T06:24:38.240997,ETH-USDT,3569.25,3569.4,22614016.0,22614016.0
2025-07-24T06:24:38.241052,BTC-USDT,117700.4,117700.5,75073208.0,75073208.0
2025-07-24T06:24:38.241095,LTC-USDT,109.73,109.74,22950328.0,22950328.0
2025-07-24T06:24:38.241139,XRP-USDT,3.088,3.0881,88016278.0,88016278.0
2025-07-24T06:24:38.241236,SOL-USDT,183.84,183.85,15364352.0,15364352.0
2025-07-24T06:24:38.241319,ETH-USDT,3571.75,3571.76,22621432.0,22621432.0
2025-07-24T06:24:38.241405,BTC-USDT,117701.4,117701.5,75075050.0,75075050.0
2025-07-24T06:24:38.241513,LTC-USDT,109.73,109.74,22970328.0,22970328.0
2025-07-24T06:24:38.241569,XRP-USDT,3.0878,3.0879,87953484.0,87953484.0
2025-07-24T06:24:38.241656,SOL-USDT,183.86,183.87,15371946.0,15371946.0
2025-07-24T06:24:38.241742,ETH-USDT,3571.46,3571.47,22541074.0,22541074.0
2025-07-24T06:24:38.241844,BTC-USDT,117707.5,117707.6,75091956.0,75091956.0
2025-07-24T06:24:38.241912,LTC-USDT,109.73,109.74,22970328.0,22970328.0
2025-07-24T06:24:38.241985,XRP-USDT,3.0899,3.09,87950764.0,87950764.0
2025-07-24T06:24:38.242064,SOL-USDT,183.88,183.89,15376776.0,15376776.0
2025-07-24T06:24:38.242114,ETH-USDT,3571.74,3571.75,22543950.0,22543950.0
2025-07-24T06:24:38.242195,BTC-USDT,117733.0,117733.1,75095472.0,75095472.0
2025-07-24T06:24:38.242298,LTC-USDT,109.73,109.74,22970328.0,22970328.0
2025-07-24T06:24:38.242350,XRP-USDT,3.0892,3.0893,87950770.0,87950770.0
2025-07-24T06:24:38.242436,SOL-USDT,183.85,183.86,15380148.0,15380148.0
2025-07-24T06:24:38.242541,ETH-USDT,3571.84,3571.85,22548828.0,22548828.0
2025-07-24T06:24:38.242601,BTC-USDT,117733.0,117733.1,75034554.0,75034554.0
2025-07-24T06:24:38.242687,LTC-USDT,109.73,109.74,22970328.0,22970328.0
2025-07-24T06:24:56.814604,SOL-USDT,183.73,183.74,15452696.0,15452696.0
2025-07-24T06:24:56.814626,ETH-USDT,3572.73,3572.74,22374774.0,22374774.0
2025-07-24T06:24:56.814646,BTC-USDT,117725.4,117725.5,74931310.0,74931310.0
2025-07-24T06:24:58.076159,XRP-USDT,3.089,3.0891,88528794.0,88528794.0
2025-07-24T06:24:58.095614,SOL-USDT,183.75,183.78,15456272.0,15456272.0
2025-07-24T06:24:58.117544,ETH-USDT,3572.67,3572.68,22379244.0,22379244.0
2025-07-24T06:24:58.169730,BTC-USDT,117733.4,117733.5,74931564.0,74931564.0
2025-07-24T06:24:58.176219,LTC-USDT,109.82,109.83,22906354.0,22906354.0
2025-07-24T06:25:00.417633,XRP-USDT,3.089,3.0891,88529662.0,88529662.0
2025-07-24T06:25:00.437362,SOL-USDT,183.73,183.74,15456272.0,15456272.0
2025-07-24T06:25:00.459662,ETH-USDT,3572.81,3572.82,22379974.0,22379974.0
2025-07-24T06:25:00.521330,BTC-USDT,117733.4,117733.5,74931566.0,74931566.0
2025-07-24T06:25:00.525261,LTC-USDT,109.79,109.8,22906354.0,22906354.0
2025-07-24T06:25:02.805325,XRP-USDT,3.0898,3.0899,88595868.0,88595868.0
2025-07-24T06:25:02.817968,SOL-USDT,183.76,183.77,15462404.0,15462404.0
2025-07-24T06:25:02.837319,ETH-USDT,3573.03,3573.04,22380478.0,22380478.0
2025-07-24T06:25:02.889377,BTC-USDT,117740.3,117740.4,74935136.0,74935136.0
2025-07-24T06:25:02.892166,LTC-USDT,109.79,109.8,22906354.0,22906354.0
2025-07-24T06:25:05.145432,XRP-USDT,3.0898,3.0899,88602278.0,88602278.0
2025-07-24T06:25:05.168955,SOL-USDT,183.82,183.83,15466126.0,15466126.0
2025-07-24T06:25:05.190557,ETH-USDT,3573.26,3573.27,22389316.0,22389316.0
2025-07-24T06:25:05.249766,BTC-USDT,117747.7,117747.8,74919378.0,74919378.0
2025-07-24T06:25:05.253978,LTC-USDT,109.81,109.82,22906354.0,22906354.0
2025-07-24T06:25:07.507813,XRP-USDT,3.0898,3.0899,88602406.0,88602406.0
2025-07-24T06:25:07.526149,SOL-USDT,183.79,183.8,15472496.0,15472496.0
2025-07-24T06:25:07.542235,ETH-USDT,3572.83,3572.84,22389460.0,22389460.0
2025-07-24T06:25:07.611558,BTC-USDT,117747.8,117747.9,74919380.0,74919380.0
2025-07-24T06:25:07.617657,LTC-USDT,109.81,109.82,22906354.0,22906354.0
2025-07-24T06:25:09.874447,XRP-USDT,3.089,3.0891,88602772.0,88602772.0
2025-07-24T06:25:09.893538,SOL-USDT,183.79,183.8,15472620.0,15472620.0
2025-07-24T06:25:09.912571,ETH-USDT,3572.83,3572.84,22389600.0,22389600.0
2025-07-24T06:25:09.966857,BTC-USDT,117747.8,117747.9,74919752.0,74919752.0
2025-07-24T06:25:09.971118,LTC-USDT,109.81,109.82,22906354.0,22906354.0
2025-07-24T06:25:12.210371,XRP-USDT,3.0883,3.0884,88604270.0,88604270.0
2025-07-24T06:25:12.229528,SOL-USDT,183.77,183.78,15475030.0,15475030.0
2025-07-24T06:25:12.253762,ETH-USDT,3572.41,3572.42,22390316.0,22390316.0
2025-07-24T06:25:12.312196,BTC-USDT,117747.8,117747.9,74919874.0,74919874.0
2025-07-24T06:25:12.312239,LTC-USDT,109.77,109.78,22906354.0,22906354.0
2025-07-24T06:25:14.555955,XRP-USDT,3.0882,3.0883,88743824.0,88743824.0
2025-07-24T06:25:14.576666,SOL-USDT,183.71,183.72,15421206.0,15421206.0
2025-07-24T06:25:14.594636,ETH-USDT,3572.41,3572.42,22377878.0,22377878.0
2025-07-24T06:25:14.645840,BTC-USDT,117735.4,117735.5,74926880.0,74926880.0
2025-07-24T06:25:14.657017,LTC-USDT,109.8,109.81,22906534.0,22906534.0
2025-07-24T06:25:16.888138,XRP-USDT,3.0882,3.0883,88775576.0,88775576.0
2025-07-24T06:25:16.906058,SOL-USDT,183.73,183.74,15423930.0,15423930.0
2025-07-24T06:25:16.928860,ETH-USDT,3572.22,3572.23,22397994.0,22397994.0
2025-07-24T06:25:16.976990,BTC-USDT,117735.4,117735.5,74933868.0,74933868.0
2025-07-24T06:25:16.980971,LTC-USDT,109.77,109.78,22906534.0,22906534.0
2025-07-24T06:25:19.238594,XRP-USDT,3.0889,3.089,88776008.0,88776008.0
2025-07-24T06:25:19.263682,SOL-USDT,183.79,183.8,15463820.0,15463820.0
2025-07-24T06:25:19.275231,ETH-USDT,3572.41,3572.42,22400588.0,22400588.0
2025-07-24T06:25:19.328732,BTC-USDT,117735.4,117735.5,74934104.0,74934104.0
2025-07-24T06:25:19.336070,LTC-USDT,109.77,109.78,22906534.0,22906534.0
2025-07-24T06:25:21.581620,XRP-USDT,3.0888,3.0889,88843814.0,88843814.0
2025-07-24T06:25:21.602219,SOL-USDT,183.76,183.77,15465252.0,15465252.0
2025-07-24T06:25:21.615471,ETH-USDT,3571.66,3571.67,22400652.0,22400652.0
2025-07-24T06:25:21.675639,BTC-USDT,117735.4,117735.5,74934806.0,74934806.0
2025-07-24T06:25:21.676555,LTC-USDT,109.74,109.75,22924752.0,22924752.0
2025-07-24T06:25:23.931523,XRP-USDT,3.0881,3.0882,88701736.0,88701736.0
2025-07-24T06:25:23.958232,SOL-USDT,183.76,183.77,15465270.0,15465270.0
2025-07-24T06:25:23.965240,ETH-USDT,3571.98,3571.99,22400654.0,22400654.0
2025-07-24T06:25:24.020454,BTC-USDT,117735.4,117735.5,74935392.0,74935392.0
2025-07-24T06:25:24.025566,LTC-USDT,109.74,109.75,22924752.0,22924752.0
2025-07-24T06:25:26.261037,XRP-USDT,3.0903,3.0904,88703440.0,88703440.0
2025-07-24T06:25:26.278892,SOL-USDT,183.79,183.8,15468986.0,15468986.0
2025-07-24T06:25:26.296679,ETH-USDT,3572.03,3572.04,22401028.0,22401028.0
2025-07-24T06:25:26.349792,BTC-USDT,117745.1,117745.2,74935392.0,74935392.0
2025-07-24T06:25:26.353441,LTC-USDT,109.74,109.75,22924752.0,22924752.0
2025-07-24T06:25:28.597362,XRP-USDT,3.0917,3.0918,88737308.0,88737308.0
2025-07-24T06:25:28.617362,SOL-USDT,183.8,183.81,15481520.0,15481520.0
2025-07-24T06:25:28.635068,ETH-USDT,3571.63,3571.64,22401056.0,22401056.0
2025-07-24T06:25:28.707993,BTC-USDT,117745.1,117745.2,74935424.0,74935424.0
2025-07-24T06:25:28.708038,LTC-USDT,109.74,109.75,22955326.0,22955326.0
2025-07-24T06:25:30.945086,XRP-USDT,3.0931,3.0932,88737308.0,88737308.0
2025-07-24T06:25:30.964726,SOL-USDT,183.84,183.85,15485468.0,15485468.0
2025-07-24T06:25:30.986118,ETH-USDT,3572.26,3572.56,22401056.0,22401056.0
2025-07-24T06:25:31.043493,BTC-USDT,117757.7,117757.8,74936644.0,74936644.0
2025-07-24T06:25:31.048568,LTC-USDT,109.74,109.75,22955326.0,22955326.0
2025-07-24T06:25:33.312136,XRP-USDT,3.0953,3.0954,88738060.0,88738060.0
2025-07-24T06:25:33.320032,SOL-USDT,183.92,183.93,15486318.0,15486318.0
2025-07-24T06:25:33.341808,ETH-USDT,3572.79,3572.8,22401056.0,22401056.0
2025-07-24T06:25:33.393118,BTC-USDT,117764.7,117764.8,74918446.0,74918446.0
2025-07-24T06:25:33.398084,LTC-USDT,109.75,109.76,22955326.0,22955326.0
2025-07-24T06:25:35.655104,XRP-USDT,3.0947,3.0948,88752044.0,88752044.0
2025-07-24T06:25:35.680721,SOL-USDT,183.91,183.92,15489856.0,15489856.0
2025-07-24T06:25:35.699481,ETH-USDT,3572.79,3572.8,22403090.0,22403090.0
2025-07-24T06:25:35.755047,BTC-USDT,117764.7,117764.8,74918446.0,74918446.0
2025-07-24T06:25:35.755095,LTC-USDT,109.75,109.76,22955326.0,22955326.0
2025-07-24T06:25:37.991811,XRP-USDT,3.0934,3.0935,88764154.0,88764154.0
2025-07-24T06:25:38.009951,SOL-USDT,183.91,183.92,15491838.0,15491838.0
2025-07-24T06:25:38.037368,ETH-USDT,3572.42,3572.49,22579286.0,22579286.0
2025-07-24T06:25:38.091639,BTC-USDT,117764.7,117764.8,74918872.0,74918872.0
2025-07-24T06:25:38.094159,LTC-USDT,109.75,109.76,22955326.0,22955326.0
2025-07-24T06:25:40.334835,XRP-USDT,3.0934,3.0935,88773488.0,88773488.0
2025-07-24T06:25:40.360858,SOL-USDT,183.91,183.92,15497818.0,15497818.0
2025-07-24T06:25:40.374132,ETH-USDT,3572.42,3572.43,22344330.0,22344330.0
2025-07-24T06:25:40.420984,BTC-USDT,117764.7,117764.8,74918916.0,74918916.0
2025-07-24T06:25:40.425625,LTC-USDT,109.76,109.77,22955326.0,22955326.0
2025-07-24T06:25:42.675579,XRP-USDT,3.0948,3.0949,88777734.0,88777734.0
2025-07-24T06:25:42.694106,SOL-USDT,183.97,183.98,15539734.0,15539734.0
2025-07-24T06:25:42.715090,ETH-USDT,3572.78,3572.79,22346428.0,22346428.0
2025-07-24T06:25:42.778410,BTC-USDT,117764.7,117764.8,74921836.0,74921836.0
2025-07-24T06:25:42.778598,LTC-USDT,109.81,109.82,22955326.0,22955326.0
2025-07-24T06:25:45.025562,XRP-USDT,3.0954,3.0955,88777734.0,88777734.0
2025-07-24T06:25:45.048966,SOL-USDT,183.99,184.0,15466144.0,15466144.0
2025-07-24T06:25:45.060640,ETH-USDT,3573.35,3573.36,22346532.0,22346532.0
2025-07-24T06:25:45.125651,BTC-USDT,117764.7,117764.8,74996522.0,74996522.0
2025-07-24T06:25:45.137256,LTC-USDT,109.84,109.85,22955326.0,22955326.0
2025-07-24T06:25:47.397936,XRP-USDT,3.0968,3.0969,88777960.0,88777960.0
2025-07-24T06:25:47.417817,SOL-USDT,184.01,184.02,15471126.0,15471126.0
2025-07-24T06:25:47.439243,ETH-USDT,3573.9,3573.91,22348800.0,22348800.0
2025-07-24T06:25:47.513068,BTC-USDT,117764.7,117764.8,74999640.0,74999640.0
2025-07-24T06:25:47.513116,LTC-USDT,109.89,109.9,22955326.0,22955326.0
2025-07-24T06:25:49.774826,XRP-USDT,3.0968,3.0969,88778718.0,88778718.0
2025-07-24T06:25:49.791336,SOL-USDT,184.02,184.03,15471796.0,15471796.0
2025-07-24T06:25:49.805704,ETH-USDT,3573.94,3573.95,22350088.0,22350088.0
2025-07-24T06:25:49.866574,BTC-USDT,117764.7,117764.8,74999640.0,74999640.0
2025-07-24T06:25:49.870953,LTC-USDT,109.89,109.9,22955326.0,22955326.0
2025-07-24T06:25:52.141130,XRP-USDT,3.0975,3.0976,88779362.0,88779362.0
2025-07-24T06:25:52.168776,SOL-USDT,184.02,184.03,15473296.0,15473296.0
2025-07-24T06:25:52.192934,ETH-USDT,3574.3,3574.31,22350378.0,22350378.0
2025-07-24T06:25:52.239530,BTC-USDT,117779.3,117779.4,75000718.0,75000718.0
2025-07-24T06:25:52.246938,LTC-USDT,109.91,109.92,22955326.0,22955326.0
2025-07-24T06:25:54.483361,XRP-USDT,3.0981,3.0982,88779552.0,88779552.0
2025-07-24T06:25:54.504754,SOL-USDT,184.07,184.08,15478704.0,15478704.0
2025-07-24T06:25:54.524144,ETH-USDT,3574.54,3574.55,22351352.0,22351352.0
2025-07-24T06:25:54.578503,BTC-USDT,117786.3,117786.4,75002990.0,75002990.0
2025-07-24T06:25:54.578564,LTC-USDT,109.91,109.92,22955326.0,22955326.0
2025-07-24T06:25:56.824823,XRP-USDT,3.0974,3.0975,88802600.0,88802600.0
2025-07-24T06:25:56.843057,SOL-USDT,184.07,184.08,15482738.0,15482738.0
2025-07-24T06:25:56.863281,ETH-USDT,3574.34,3574.35,22351472.0,22351472.0
2025-07-24T06:25:56.925146,BTC-USDT,117786.3,117786.4,75003442.0,75003442.0
2025-07-24T06:25:56.936239,LTC-USDT,109.92,109.93,22955326.0,22955326.0
2025-07-24T06:25:59.199048,XRP-USDT,3.0968,3.0969,88880962.0,88880962.0
2025-07-24T06:25:59.218583,SOL-USDT,184.05,184.06,15482876.0,15482876.0
2025-07-24T06:25:59.231593,ETH-USDT,3573.95,3574.01,22353914.0,22353914.0
2025-07-24T06:25:59.289929,BTC-USDT,117786.3,117786.4,75006974.0,75006974.0
2025-07-24T06:25:59.295179,LTC-USDT,109.89,109.9,22955326.0,22955326.0
2025-07-24T06:26:01.545560,XRP-USDT,3.0965,3.0966,88885538.0,88885538.0
2025-07-24T06:26:01.564285,SOL-USDT,184.02,184.03,15485412.0,15485412.0
2025-07-24T06:26:01.593704,ETH-USDT,3573.78,3573.79,22354030.0,22354030.0
2025-07-24T06:26:01.641373,BTC-USDT,117788.3,117788.4,75009058.0,75009058.0
2025-07-24T06:26:01.641601,LTC-USDT,109.89,109.9,22955326.0,22955326.0
2025-07-24T06:26:03.900151,XRP-USDT,3.0966,3.0967,88968642.0,88968642.0
2025-07-24T06:26:03.919513,SOL-USDT,184.02,184.03,15486702.0,15486702.0
2025-07-24T06:26:03.938858,ETH-USDT,3574.01,3574.02,22363530.0,22363530.0
2025-07-24T06:26:03.999655,BTC-USDT,117799.9,117800.0,74913574.0,74913574.0
2025-07-24T06:26:04.002809,LTC-USDT,109.92,109.93,22955326.0,22955326.0
2025-07-24T06:26:06.247116,XRP-USDT,3.0964,3.0965,88968642.0,88968642.0
2025-07-24T06:26:06.266085,SOL-USDT,184.05,184.06,15489318.0,15489318.0
2025-07-24T06:26:06.285100,ETH-USDT,3574.46,3574.47,22364726.0,22364726.0
2025-07-24T06:26:06.341387,BTC-USDT,117799.9,117800.0,74913674.0,74913674.0
2025-07-24T06:26:06.344206,LTC-USDT,109.92,109.93,22955326.0,22955326.0
2025-07-24T06:26:08.587269,XRP-USDT,3.0967,3.0968,88247406.0,88247406.0
2025-07-24T06:26:08.608219,SOL-USDT,183.98,183.99,15507368.0,15507368.0
2025-07-24T06:26:08.628559,ETH-USDT,3573.6,3573.61,22367012.0,22367012.0
2025-07-24T06:26:08.689170,BTC-USDT,117799.9,117800.0,74911872.0,74911872.0
2025-07-24T06:26:08.693193,LTC-USDT,109.81,109.82,22955326.0,22955326.0
2025-07-24T06:26:10.964772,XRP-USDT,3.098,3.0981,88247608.0,88247608.0
2025-07-24T06:26:10.990381,SOL-USDT,184.04,184.05,15517466.0,15517466.0
2025-07-24T06:26:11.008290,ETH-USDT,3574.16,3574.17,22389744.0,22389744.0
2025-07-24T06:26:11.081432,BTC-USDT,117799.9,117800.0,74911872.0,74911872.0
2025-07-24T06:26:11.081559,LTC-USDT,109.9,109.91,22955326.0,22955326.0
2025-07-24T06:26:13.346180,XRP-USDT,3.0987,3.0988,88248082.0,88248082.0
2025-07-24T06:26:13.369405,SOL-USDT,184.05,184.06,15541382.0,15541382.0
2025-07-24T06:26:13.387853,ETH-USDT,3574.98,3574.99,22389842.0,22389842.0
2025-07-24T06:26:13.449024,BTC-USDT,117813.1,117813.2,74919572.0,74919572.0
2025-07-24T06:26:13.453563,LTC-USDT,109.92,109.93,22955326.0,22955326.0
2025-07-24T06:26:15.737103,XRP-USDT,3.0994,3.0995,88248216.0,88248216.0
2025-07-24T06:26:15.756449,SOL-USDT,184.02,184.03,15405622.0,15405622.0
2025-07-24T06:26:15.776036,ETH-USDT,3574.46,3574.47,22391086.0,22391086.0
2025-07-24T06:26:15.836798,BTC-USDT,117815.3,117815.4,74919734.0,74919734.0
2025-07-24T06:26:15.838733,LTC-USDT,109.92,109.93,22955326.0,22955326.0
2025-07-24T06:26:18.106726,XRP-USDT,3.097,3.0971,88257262.0,88257262.0
2025-07-24T06:26:18.122461,SOL-USDT,183.98,183.99,15407510.0,15407510.0
2025-07-24T06:26:18.153031,ETH-USDT,3574.43,3574.44,22391212.0,22391212.0
2025-07-24T06:26:18.201500,BTC-USDT,117806.9,117807.0,74920026.0,74920026.0
2025-07-24T06:26:18.204835,LTC-USDT,109.89,109.9,22955326.0,22955326.0
2025-07-24T06:26:20.439783,XRP-USDT,3.0963,3.0964,88279358.0,88279358.0
2025-07-24T06:26:20.458147,SOL-USDT,184.01,184.02,15415070.0,15415070.0
2025-07-24T06:26:20.475377,ETH-USDT,3574.73,3574.74,22393710.0,22393710.0
2025-07-24T06:26:20.530455,BTC-USDT,117810.3,117810.4,74924774.0,74924774.0
2025-07-24T06:26:20.533215,LTC-USDT,109.82,109.85,22975326.0,22975326.0
2025-07-24T06:26:22.785359,XRP-USDT,3.0971,3.0972,88293116.0,88293116.0
2025-07-24T06:26:22.802201,SOL-USDT,184.02,184.03,15415790.0,15415790.0
2025-07-24T06:26:22.819514,ETH-USDT,3574.82,3574.83,22400116.0,22400116.0
2025-07-24T06:26:22.877073,BTC-USDT,117810.3,117810.4,74924774.0,74924774.0
2025-07-24T06:26:22.881472,LTC-USDT,109.87,109.88,22975326.0,22975326.0
2025-07-24T06:26:25.141546,XRP-USDT,3.0964,3.0965,88296658.0,88296658.0
2025-07-24T06:26:25.166738,SOL-USDT,183.98,183.99,15418432.0,15418432.0
2025-07-24T06:26:25.181816,ETH-USDT,3574.64,3574.65,22400266.0,22400266.0
2025-07-24T06:26:25.241380,BTC-USDT,117810.3,117810.4,74877496.0,74877496.0
2025-07-24T06:26:25.242212,LTC-USDT,109.87,109.88,22975326.0,22975326.0
2025-07-24T06:26:27.520982,XRP-USDT,3.0964,3.0965,88296658.0,88296658.0
2025-07-24T06:26:27.542905,SOL-USDT,184.0,184.01,15420738.0,15420738.0
2025-07-24T06:26:27.555920,ETH-USDT,3574.43,3574.44,22392266.0,22392266.0
2025-07-24T06:26:27.613735,BTC-USDT,117790.7,117790.8,74886170.0,74886170.0
2025-07-24T06:26:27.615515,LTC-USDT,109.87,109.88,22976186.0,22976186.0
2025-07-24T06:26:29.877839,XRP-USDT,3.0964,3.0965,88296764.0,88296764.0
2025-07-24T06:26:29.901394,SOL-USDT,183.97,183.98,15440138.0,15440138.0
2025-07-24T06:26:29.929033,ETH-USDT,3574.52,3574.53,22392266.0,22392266.0
2025-07-24T06:26:29.974146,BTC-USDT,117798.2,117798.3,74887166.0,74887166.0
2025-07-24T06:26:29.977518,LTC-USDT,109.87,109.88,22976186.0,22976186.0
2025-07-24T06:26:32.222210,XRP-USDT,3.0976,3.0977,88301082.0,88301082.0
2025-07-24T06:26:32.241388,SOL-USDT,183.98,183.99,15442098.0,15442098.0
2025-07-24T06:26:32.258739,ETH-USDT,3574.52,3574.53,22392282.0,22392282.0
2025-07-24T06:26:32.318530,BTC-USDT,117809.8,117809.9,74892876.0,74892876.0
2025-07-24T06:26:32.322312,LTC-USDT,109.9,109.91,22976186.0,22976186.0
2025-07-24T06:26:34.579096,XRP-USDT,3.0962,3.0963,88301082.0,88301082.0
2025-07-24T06:26:34.604071,SOL-USDT,183.98,183.99,15450448.0,15450448.0
2025-07-24T06:26:34.645061,ETH-USDT,3574.02,3574.03,22392632.0,22392632.0
2025-07-24T06:26:34.683588,BTC-USDT,117809.8,117809.9,74899582.0,74899582.0
2025-07-24T06:26:34.683751,LTC-USDT,109.9,109.91,22976186.0,22976186.0
2025-07-24T06:26:36.922571,XRP-USDT,3.0962,3.0963,88301082.0,88301082.0
2025-07-24T06:26:36.931898,SOL-USDT,183.98,183.99,15451342.0,15451342.0
2025-07-24T06:26:36.948043,ETH-USDT,3574.0,3574.01,22392632.0,22392632.0
2025-07-24T06:26:37.006293,BTC-USDT,117809.8,117809.9,74911006.0,74911006.0
2025-07-24T06:26:37.008516,LTC-USDT,109.88,109.89,22976186.0,22976186.0
2025-07-24T06:26:39.295278,XRP-USDT,3.0976,3.0977,88301176.0,88301176.0
2025-07-24T06:26:39.311802,SOL-USDT,184.0,184.01,15451672.0,15451672.0
2025-07-24T06:26:39.328784,ETH-USDT,3574.31,3574.32,22393816.0,22393816.0
2025-07-24T06:26:39.383671,BTC-USDT,117809.7,117809.8,74915118.0,74915118.0
2025-07-24T06:26:39.387109,LTC-USDT,109.91,109.92,22976186.0,22976186.0
2025-07-24T06:26:41.625647,XRP-USDT,3.0976,3.0977,88305800.0,88305800.0
2025-07-24T06:26:41.644941,SOL-USDT,184.01,184.02,15455692.0,15455692.0
2025-07-24T06:26:41.660675,ETH-USDT,3574.0,3574.01,22393932.0,22393932.0
2025-07-24T06:26:41.717188,BTC-USDT,117809.8,117809.9,74915126.0,74915126.0
2025-07-24T06:26:41.721110,LTC-USDT,109.89,109.9,22976186.0,22976186.0
2025-07-24T06:26:43.979315,XRP-USDT,3.0962,3.0963,88305896.0,88305896.0
2025-07-24T06:26:44.003378,SOL-USDT,183.97,183.98,15459726.0,15459726.0
2025-07-24T06:26:44.011482,ETH-USDT,3573.0,3573.01,22394688.0,22394688.0
2025-07-24T06:26:44.076045,BTC-USDT,117809.8,117809.9,74915202.0,74915202.0
2025-07-24T06:26:44.077479,LTC-USDT,109.89,109.9,22976186.0,22976186.0
2025-07-24T06:26:46.327364,XRP-USDT,3.0942,3.0943,88305904.0,88305904.0
2025-07-24T06:26:46.350366,SOL-USDT,183.92,183.93,15410950.0,15410950.0
2025-07-24T06:26:46.372151,ETH-USDT,3571.92,3571.93,22395112.0,22395112.0
2025-07-24T06:26:46.433041,BTC-USDT,117799.4,117799.5,74919464.0,74919464.0
2025-07-24T06:26:46.435720,LTC-USDT,109.8,109.81,22976186.0,22976186.0
2025-07-24T06:26:48.693423,XRP-USDT,3.0954,3.0955,88311552.0,88311552.0
2025-07-24T06:26:48.712960,SOL-USDT,183.89,183.9,15426446.0,15426446.0
2025-07-24T06:26:48.732666,ETH-USDT,3571.79,3571.8,22395126.0,22395126.0
2025-07-24T06:26:48.791421,BTC-USDT,117767.3,117767.4,74785510.0,74785510.0
2025-07-24T06:26:48.795782,LTC-USDT,109.74,109.75,22976186.0,22976186.0
2025-07-24T06:26:51.064324,XRP-USDT,3.0956,3.0957,88311552.0,88311552.0
2025-07-24T06:26:51.088671,SOL-USDT,183.86,183.88,15627888.0,15627888.0
2025-07-24T06:26:51.110479,ETH-USDT,3571.79,3571.8,22396704.0,22396704.0
2025-07-24T06:26:51.183808,BTC-USDT,117768.2,117768.3,74786666.0,74786666.0
2025-07-24T06:26:51.183852,LTC-USDT,109.74,109.75,22976180.0,22976180.0
2025-07-24T06:26:53.459505,XRP-USDT,3.0963,3.0964,88315650.0,88315650.0
2025-07-24T06:26:53.481066,SOL-USDT,183.87,183.88,15628422.0,15628422.0
2025-07-24T06:26:53.506342,ETH-USDT,3571.78,3571.79,22400610.0,22400610.0
2025-07-24T06:26:53.559399,BTC-USDT,117777.0,117777.1,74786918.0,74786918.0
2025-07-24T06:26:53.559440,LTC-USDT,109.8,109.81,22976180.0,22976180.0
2025-07-24T06:26:55.806131,XRP-USDT,3.0971,3.0972,88315650.0,88315650.0
2025-07-24T06:26:55.827382,SOL-USDT,183.94,183.95,15697526.0,15697526.0
2025-07-24T06:26:55.848460,ETH-USDT,3572.45,3572.46,22390508.0,22390508.0
2025-07-24T06:26:55.916851,BTC-USDT,117778.2,117778.3,74786988.0,74786988.0
2025-07-24T06:26:55.917083,LTC-USDT,109.83,109.84,22976180.0,22976180.0
2025-07-24T06:26:58.197763,XRP-USDT,3.0964,3.0965,88315912.0,88315912.0
2025-07-24T06:26:58.217538,SOL-USDT,183.94,183.95,15698298.0,15698298.0
2025-07-24T06:26:58.235847,ETH-USDT,3572.45,3572.46,22390622.0,22390622.0
2025-07-24T06:26:58.293910,BTC-USDT,117778.2,117778.3,74786988.0,74786988.0
2025-07-24T06:26:58.297652,LTC-USDT,109.83,109.84,22976180.0,22976180.0
2025-07-24T06:27:00.533073,XRP-USDT,3.0971,3.0972,88317368.0,88317368.0
2025-07-24T06:27:00.552660,SOL-USDT,183.98,183.99,15700492.0,15700492.0
2025-07-24T06:27:00.570038,ETH-USDT,3572.99,3573.0,22390654.0,22390654.0
2025-07-24T06:27:00.625145,BTC-USDT,117798.4,117798.5,74787022.0,74787022.0
2025-07-24T06:27:00.626519,LTC-USDT,109.86,109.87,22976180.0,22976180.0
2025-07-24T06:27:02.906856,XRP-USDT,3.0978,3.0979,88321598.0,88321598.0
2025-07-24T06:27:02.925366,SOL-USDT,184.01,184.02,15735016.0,15735016.0
2025-07-24T06:27:02.947360,ETH-USDT,3573.16,3573.17,22390820.0,22390820.0
2025-07-24T06:27:03.006077,BTC-USDT,117798.4,117798.5,74787202.0,74787202.0
2025-07-24T06:27:03.008180,LTC-USDT,109.89,109.9,22976180.0,22976180.0
2025-07-24T06:27:05.273263,XRP-USDT,3.0964,3.0965,88321606.0,88321606.0
2025-07-24T06:27:05.291231,SOL-USDT,183.99,184.0,15738730.0,15738730.0
2025-07-24T06:27:05.309792,ETH-USDT,3572.74,3572.75,22390878.0,22390878.0
2025-07-24T06:27:05.371557,BTC-USDT,117798.4,117798.5,74791940.0,74791940.0
2025-07-24T06:27:05.374198,LTC-USDT,109.86,109.87,22976180.0,22976180.0
2025-07-24T06:27:07.637530,XRP-USDT,3.0971,3.0972,88212656.0,88212656.0
2025-07-24T06:27:07.652446,SOL-USDT,183.96,183.97,15392750.0,15392750.0
2025-07-24T06:27:07.683038,ETH-USDT,3572.28,3572.29,22390998.0,22390998.0
2025-07-24T06:27:07.726795,BTC-USDT,117798.4,117798.5,74793708.0,74793708.0
2025-07-24T06:27:07.736050,LTC-USDT,109.86,109.87,22976180.0,22976180.0
2025-07-24T06:27:09.991011,XRP-USDT,3.0971,3.0972,88212750.0,88212750.0
2025-07-24T06:27:09.998629,SOL-USDT,183.97,183.98,15393580.0,15393580.0
2025-07-24T06:27:10.018338,ETH-USDT,3572.1,3572.11,22391404.0,22391404.0
2025-07-24T06:27:10.088324,BTC-USDT,117798.4,117798.5,74793708.0,74793708.0
2025-07-24T06:27:10.088508,LTC-USDT,109.83,109.84,22976180.0,22976180.0
2025-07-24T06:27:12.349945,XRP-USDT,3.0972,3.0973,88218584.0,88218584.0
2025-07-24T06:27:12.368774,SOL-USDT,183.93,183.94,15412462.0,15412462.0
2025-07-24T06:27:12.386185,ETH-USDT,3571.21,3571.22,22391768.0,22391768.0
2025-07-24T06:27:12.445314,BTC-USDT,117786.6,117786.7,74799604.0,74799604.0
2025-07-24T06:27:12.455809,LTC-USDT,109.83,109.84,22976180.0,22976180.0
2025-07-24T06:27:14.711754,XRP-USDT,3.0972,3.0973,88218584.0,88218584.0
2025-07-24T06:27:14.720762,SOL-USDT,183.97,183.98,15420638.0,15420638.0
2025-07-24T06:27:14.737236,ETH-USDT,3571.04,3571.05,22392462.0,22392462.0
2025-07-24T06:27:14.796395,BTC-USDT,117786.4,117786.5,74799604.0,74799604.0
2025-07-24T06:27:14.798740,LTC-USDT,109.8,109.81,22979820.0,22979820.0
2025-07-24T06:27:17.054610,XRP-USDT,3.0963,3.0964,88218742.0,88218742.0
2025-07-24T06:27:17.072418,SOL-USDT,183.92,183.93,15421740.0,15421740.0
2025-07-24T06:27:17.085979,ETH-USDT,3570.59,3570.6,22392462.0,22392462.0
2025-07-24T06:27:17.145457,BTC-USDT,117786.4,117786.5,74799712.0,74799712.0
2025-07-24T06:27:17.146633,LTC-USDT,109.77,109.78,22979820.0,22979820.0
2025-07-24T06:27:19.410514,XRP-USDT,3.0943,3.0944,88218762.0,88218762.0
2025-07-24T06:27:19.437262,SOL-USDT,183.9,183.91,15423110.0,15423110.0
2025-07-24T06:27:19.444218,ETH-USDT,3570.19,3570.2,22393162.0,22393162.0
2025-07-24T06:27:19.507458,BTC-USDT,117778.2,117778.3,74800106.0,74800106.0
2025-07-24T06:27:19.511845,LTC-USDT,109.74,109.75,22979820.0,22979820.0
2025-07-24T06:27:21.778749,XRP-USDT,3.0937,3.0938,88219116.0,88219116.0
2025-07-24T06:27:21.798711,SOL-USDT,183.85,183.86,15453110.0,15453110.0
2025-07-24T06:27:21.815047,ETH-USDT,3569.4,3569.41,22399888.0,22399888.0
2025-07-24T06:27:21.876178,BTC-USDT,117764.7,117764.8,74801998.0,74801998.0
2025-07-24T06:27:21.877317,LTC-USDT,109.69,109.7,22979820.0,22979820.0
2025-07-24T06:27:24.126251,XRP-USDT,3.0972,3.0973,88219116.0,88219116.0
2025-07-24T06:27:24.145005,SOL-USDT,183.93,183.94,15481538.0,15481538.0
2025-07-24T06:27:24.161540,ETH-USDT,3570.54,3570.55,22383556.0,22383556.0
2025-07-24T06:27:24.217259,BTC-USDT,117769.6,117769.7,74802192.0,74802192.0
2025-07-24T06:27:24.220457,LTC-USDT,109.77,109.79,22979820.0,22979820.0
2025-07-24T06:27:26.473850,XRP-USDT,3.0971,3.0972,88245596.0,88245596.0
2025-07-24T06:27:26.496455,SOL-USDT,183.95,183.96,15485442.0,15485442.0
2025-07-24T06:27:26.517215,ETH-USDT,3570.99,3571.01,22384958.0,22384958.0
2025-07-24T06:27:26.587772,BTC-USDT,117771.0,117771.1,74802458.0,74802458.0
2025-07-24T06:27:26.587841,LTC-USDT,109.79,109.8,22979820.0,22979820.0
2025-07-24T06:27:28.849957,XRP-USDT,3.0971,3.0972,88248214.0,88248214.0
2025-07-24T06:27:28.866915,SOL-USDT,183.95,183.96,15357726.0,15357726.0
2025-07-24T06:27:28.883476,ETH-USDT,3571.36,3571.37,22386900.0,22386900.0
2025-07-24T06:27:28.939517,BTC-USDT,117782.6,117782.7,74802628.0,74802628.0
