timestamp,symbol,bid,ask,bid_vol,ask_vol
2025-07-24T06:13:26.586723,BTC-USDT,117691.6,117691.7,0.2573592,0.80371564
2025-07-24T06:13:26.586930,ETH-USDT,3559.89,3559.9,7.272094,5.313708
2025-07-24T06:13:26.586971,SOL-USDT,183.11,183.12,26.114285,53.0932
2025-07-24T06:13:26.587006,XRP-USDT,3.0713,3.0714,2423.2,3363.322354
2025-07-24T06:13:26.587037,LTC-USDT,109.35,109.36,0.352389,14.10737
2025-07-24T06:13:26.587077,SOL-USDT,183.11,183.12,34.305773,54.8632
2025-07-24T06:13:26.587114,ETH-USDT,3559.8,3559.81,2.232,14.864925
2025-07-24T06:13:26.587152,XRP-USDT,3.0712,3.0713,2882.98627,3368.761177
2025-07-24T06:13:26.587186,BTC-USDT,117691.6,117691.7,0.2573592,0.79771564
2025-07-24T06:13:26.587227,LTC-USDT,109.35,109.36,0.352389,16.851289
2025-07-24T06:13:26.587256,SOL-USDT,183.11,183.12,19.754543,54.8632
2025-07-24T06:13:26.587284,BTC-USDT,117691.6,117691.7,0.2573592,0.79771564
2025-07-24T06:13:26.590350,ETH-USDT,3559.8,3559.81,6.831096,10.691931
2025-07-24T06:13:26.686702,SOL-USDT,183.11,183.12,33.282603,54.8632
2025-07-24T06:13:26.691641,ETH-USDT,3559.8,3559.81,6.831096,2.2
2025-07-24T06:13:26.692846,XRP-USDT,3.0712,3.0713,2423.2,945.561177
2025-07-24T06:13:26.787346,SOL-USDT,183.11,183.12,30.344543,52.132751
2025-07-24T06:13:26.847922,XRP-USDT,3.0713,3.0714,2423.2,3326.565044
2025-07-24T06:13:26.847968,ETH-USDT,3559.8,3559.81,7.231096,2.189
2025-07-24T06:13:26.870418,LTC-USDT,109.35,109.36,0.100491,16.851289
2025-07-24T06:13:26.890280,SOL-USDT,183.11,183.12,30.344543,52.132751
2025-07-24T06:13:26.949574,BTC-USDT,117688.0,117691.7,0.0301,0.90077564
2025-07-24T06:13:26.978345,XRP-USDT,3.0709,3.071,1.0,3541.575805
2025-07-24T06:13:26.978773,ETH-USDT,3559.77,3559.78,0.0001,0.652694
2025-07-24T06:13:26.994027,LTC-USDT,109.32,109.33,0.01,6.82304
2025-07-24T06:13:27.041220,SOL-USDT,183.1,183.11,76.903467,13.24
2025-07-24T06:13:27.080310,BTC-USDT,117688.0,117688.1,0.1633,1.02350458
2025-07-24T06:13:27.090704,ETH-USDT,3559.77,3559.78,2.2321,16.405231
2025-07-24T06:13:27.090951,XRP-USDT,3.0711,3.0712,3376.761177,509.070929
2025-07-24T06:13:27.104272,LTC-USDT,109.32,109.33,0.01,0.936521
2025-07-24T06:13:27.181490,BTC-USDT,117686.0,117687.5,0.03036341,0.23602033
2025-07-24T06:13:27.182377,SOL-USDT,183.1,183.11,76.903467,30.34
2025-07-24T06:13:27.189685,XRP-USDT,3.0712,3.0713,4596.475212,2436.961177
2025-07-24T06:13:27.189751,ETH-USDT,3559.66,3559.67,0.724,7.508512
2025-07-24T06:13:27.241380,LTC-USDT,109.32,109.34,0.01,6.525
2025-07-24T06:13:27.280960,BTC-USDT,117686.0,117686.1,0.09066341,1.21578703
2025-07-24T06:13:27.340925,SOL-USDT,183.1,183.11,54.560801,54.596647
2025-07-24T06:13:27.347073,ETH-USDT,3559.66,3559.67,4.831,5.119931
2025-07-24T06:13:27.351596,XRP-USDT,3.0709,3.071,1617.878607,3379.661177
2025-07-24T06:13:27.382954,LTC-USDT,109.32,109.33,0.040121,4.95
2025-07-24T06:13:27.459481,XRP-USDT,3.0709,3.071,1341.078607,3595.134007
2025-07-24T06:13:27.459533,SOL-USDT,183.1,183.11,45.682801,54.596647
2025-07-24T06:13:27.474105,ETH-USDT,3559.56,3559.57,0.797,18.201522
2025-07-24T06:13:27.547146,BTC-USDT,117686.0,117686.1,0.064088,1.31884703
2025-07-24T06:13:27.576608,ETH-USDT,3559.56,3559.57,2.718,18.201522
2025-07-24T06:13:27.591606,SOL-USDT,183.09,183.1,11.906921,87.260877
2025-07-24T06:13:27.591648,XRP-USDT,3.0707,3.0708,2423.2,3429.522354
2025-07-24T06:13:27.678182,ETH-USDT,3559.56,3559.57,3.714,14.0258
2025-07-24T06:13:27.685198,SOL-USDT,183.09,183.1,11.906921,114.830352
2025-07-24T06:13:27.685442,XRP-USDT,3.0706,3.0707,2423.2,2146.4
2025-07-24T06:13:27.781733,BTC-USDT,117686.0,117686.1,0.026,1.31884703
2025-07-24T06:13:27.790735,SOL-USDT,183.09,183.1,30.519188,114.830352
2025-07-24T06:13:27.883898,BTC-USDT,117686.0,117686.1,0.026,1.31884703
2025-07-24T06:13:27.891796,ETH-USDT,3559.56,3559.57,5.1491,11.5138
2025-07-24T06:13:27.938934,XRP-USDT,3.0707,3.0708,2423.2,3379.522354
2025-07-24T06:13:27.939303,SOL-USDT,183.09,183.1,13.676921,116.041495
2025-07-24T06:13:27.995234,BTC-USDT,117686.0,117686.1,0.0324,1.31884703
2025-07-24T06:13:28.031402,ETH-USDT,3559.56,3559.57,5.462196,6.465359
2025-07-24T06:13:28.054902,LTC-USDT,109.32,109.34,0.040121,8.889843
2025-07-24T06:13:28.054968,SOL-USDT,183.09,183.1,17.336791,82.315901
2025-07-24T06:13:28.055666,XRP-USDT,3.0702,3.0705,714.0,3526.245017
2025-07-24T06:13:28.096205,BTC-USDT,117686.0,117686.1,0.026,1.31884703
2025-07-24T06:13:28.132038,ETH-USDT,3559.56,3559.57,5.362096,6.465359
2025-07-24T06:13:28.169437,SOL-USDT,183.09,183.1,11.557685,82.315901
2025-07-24T06:13:28.184544,XRP-USDT,3.0702,3.0703,714.0,3395.561177
2025-07-24T06:13:28.190038,LTC-USDT,109.32,109.33,0.040121,4.95
2025-07-24T06:13:28.245408,BTC-USDT,117686.0,117686.1,0.059989,1.31884703
2025-07-24T06:13:28.253637,ETH-USDT,3559.56,3559.57,5.049,6.465359
2025-07-24T06:13:28.280751,XRP-USDT,3.0702,3.0703,401.0,4694.410994
2025-07-24T06:13:28.281141,SOL-USDT,183.08,183.09,54.622606,97.95217
2025-07-24T06:13:28.385662,SOL-USDT,183.08,183.09,65.993609,55.257631
2025-07-24T06:13:28.387181,XRP-USDT,3.0702,3.0703,1.0,4694.410994
2025-07-24T06:13:28.388799,BTC-USDT,117686.0,117686.1,0.113889,1.31884703
2025-07-24T06:13:28.388843,ETH-USDT,3559.56,3559.57,5.049,6.451731
2025-07-24T06:13:28.452038,LTC-USDT,109.32,109.33,0.040121,14.533889
2025-07-24T06:13:28.484360,SOL-USDT,183.08,183.09,77.451451,0.664369
2025-07-24T06:13:28.484428,BTC-USDT,117686.0,117686.1,0.193189,0.89628703
2025-07-24T06:13:28.502549,ETH-USDT,3559.57,3559.58,24.926831,0.1772
2025-07-24T06:13:28.502639,XRP-USDT,3.0705,3.0706,2423.2,1639.766358
2025-07-24T06:13:28.591309,LTC-USDT,109.32,109.33,0.040121,19.122089
2025-07-24T06:13:28.594828,BTC-USDT,117686.0,117686.1,0.25199824,0.53574419
2025-07-24T06:13:28.641238,ETH-USDT,3559.57,3559.58,22.361831,0.1772
2025-07-24T06:13:28.644089,XRP-USDT,3.0705,3.0706,2423.2,4522.752628
2025-07-24T06:13:28.778087,ETH-USDT,3559.57,3559.82,22.361831,0.03
2025-07-24T06:13:28.792583,LTC-USDT,109.32,109.33,0.030121,9.158643
2025-07-24T06:13:28.846547,SOL-USDT,183.08,183.09,77.451451,45.79664
2025-07-24T06:13:28.852417,XRP-USDT,3.0705,3.0706,3188.2,1639.766358
2025-07-24T06:13:28.879520,ETH-USDT,3559.71,3559.72,5.909274,5.221237
2025-07-24T06:13:28.950116,BTC-USDT,117686.0,117686.1,0.25799824,0.53574419
2025-07-24T06:13:28.979082,XRP-USDT,3.0705,3.0706,2423.2,4245.938098
2025-07-24T06:13:28.996667,ETH-USDT,3559.41,3559.42,3.370096,0.651262
2025-07-24T06:13:29.062152,SOL-USDT,183.08,183.09,0.108125,68.172
2025-07-24T06:13:29.084177,XRP-USDT,3.0702,3.0703,1.0,4054.477029
2025-07-24T06:13:29.090823,BTC-USDT,117686.0,117686.1,0.151419,0.85524419
2025-07-24T06:13:29.143732,ETH-USDT,3559.41,3559.42,2.472,10.204669
2025-07-24T06:13:29.170434,LTC-USDT,109.32,109.33,0.030121,18.86139
2025-07-24T06:13:29.187270,XRP-USDT,3.0702,3.0703,277.8,3445.161177
2025-07-24T06:13:29.190524,SOL-USDT,183.08,183.09,0.108125,92.949356
2025-07-24T06:13:29.204524,BTC-USDT,117686.0,117686.1,0.157819,0.53574419
2025-07-24T06:13:29.290440,SOL-USDT,183.08,183.09,0.108125,94.041803
2025-07-24T06:13:29.290510,LTC-USDT,109.32,109.33,0.030121,17.031983
2025-07-24T06:13:29.293974,XRP-USDT,3.0703,3.0704,2423.2,972.361177
2025-07-24T06:13:29.348315,ETH-USDT,3559.41,3559.42,7.702857,4.331568
2025-07-24T06:13:29.348953,BTC-USDT,117686.0,117686.1,0.151819,0.85524419
2025-07-24T06:13:29.387718,LTC-USDT,109.32,109.33,0.030121,15.202576
2025-07-24T06:13:29.389798,SOL-USDT,183.08,183.09,0.108125,76.666987
2025-07-24T06:13:29.447300,XRP-USDT,3.0702,3.0703,1.0,5373.247447
2025-07-24T06:13:29.485943,SOL-USDT,183.08,183.09,0.108125,77.759529
2025-07-24T06:13:29.488371,BTC-USDT,117686.0,117686.1,0.151819,0.84924419
2025-07-24T06:13:29.493171,LTC-USDT,109.32,109.33,0.030121,17.031983
2025-07-24T06:13:29.585130,ETH-USDT,3559.41,3559.42,8.902857,3.451161
2025-07-24T06:13:29.631426,SOL-USDT,183.06,183.09,26.568924,77.759529
2025-07-24T06:13:29.636916,BTC-USDT,117686.0,117686.1,0.151819,0.84924419
2025-07-24T06:13:29.745675,SOL-USDT,183.07,183.08,21.223527,82.590755
2025-07-24T06:13:29.756485,LTC-USDT,109.32,109.33,0.030121,22.045429
2025-07-24T06:13:29.792109,ETH-USDT,3559.41,3559.42,9.324256,3.451161
2025-07-24T06:13:29.903928,ETH-USDT,3559.41,3559.42,2.24962,10.168698
2025-07-24T06:13:29.988471,BTC-USDT,117686.0,117686.1,0.145399,0.84924419
2025-07-24T06:13:29.988516,SOL-USDT,183.07,183.08,21.223527,83.683297
2025-07-24T06:13:30.048002,XRP-USDT,3.0702,3.0703,1.0,4608.247447
2025-07-24T06:13:30.111854,BTC-USDT,117686.0,117686.1,0.05341,0.84924419
2025-07-24T06:13:30.136776,SOL-USDT,183.07,183.08,30.150387,64.140755
2025-07-24T06:13:30.166959,ETH-USDT,3559.41,3559.42,4.24962,10.168698
2025-07-24T06:13:30.216369,BTC-USDT,117686.0,117686.1,0.05941,0.95230419
2025-07-24T06:13:30.254202,SOL-USDT,183.07,183.08,34.508348,37.277631
2025-07-24T06:13:30.280171,ETH-USDT,3559.41,3559.42,6.458716,4.716698
2025-07-24T06:13:30.376949,SOL-USDT,183.1,183.11,0.678453,69.083296
2025-07-24T06:13:30.384837,ETH-USDT,3559.41,3559.42,6.458716,3.854398
2025-07-24T06:13:30.389417,XRP-USDT,3.0698,3.0705,765.0,4609.747447
2025-07-24T06:13:30.473770,BTC-USDT,117686.0,117686.1,0.0035,1.23986664
2025-07-24T06:13:30.492074,LTC-USDT,109.27,109.3,4.57286,4.95
2025-07-24T06:13:30.494797,ETH-USDT,3558.25,3558.26,10.444096,3.000642
2025-07-24T06:13:30.494825,XRP-USDT,3.0696,3.0697,65.097647,4191.327776
2025-07-24T06:13:30.496367,SOL-USDT,183.05,183.06,18.900159,58.835445
2025-07-24T06:13:30.586860,BTC-USDT,117684.0,117686.1,0.00195811,1.60559344
2025-07-24T06:13:30.594348,LTC-USDT,109.29,109.31,4.95,3.4185
2025-07-24T06:13:30.606810,XRP-USDT,3.0695,3.0696,2424.2,3433.061177
2025-07-24T06:13:30.636564,SOL-USDT,183.05,183.06,24.91677,62.684875
2025-07-24T06:13:30.689639,BTC-USDT,117684.0,117684.1,0.00195811,2.23363126
2025-07-24T06:13:30.693855,LTC-USDT,109.28,109.3,0.01,2.51055
2025-07-24T06:13:30.701723,ETH-USDT,3558.25,3558.26,8.254,5.444738
2025-07-24T06:13:30.723240,XRP-USDT,3.0695,3.0696,1.0,4598.847447
2025-07-24T06:13:30.734363,SOL-USDT,183.05,183.06,33.057338,45.12979
2025-07-24T06:13:30.794416,LTC-USDT,109.29,109.31,4.95,3.4185
2025-07-24T06:13:30.846026,BTC-USDT,117678.0,117678.1,0.03214887,1.21501379
2025-07-24T06:13:30.849132,ETH-USDT,3558.25,3558.26,8.084,6.784237
2025-07-24T06:13:30.854206,XRP-USDT,3.0695,3.0696,277.8,3892.847447
2025-07-24T06:13:30.861890,SOL-USDT,183.05,183.06,41.053278,45.12979
2025-07-24T06:13:30.942651,BTC-USDT,117678.0,117678.1,0.03214887,0.89551379
2025-07-24T06:13:30.950533,LTC-USDT,109.29,109.31,4.95,8.3685
2025-07-24T06:13:30.958351,ETH-USDT,3558.25,3558.26,5.678,6.784237
2025-07-24T06:13:30.976469,SOL-USDT,183.05,183.06,41.053278,54.656603
2025-07-24T06:13:30.981766,XRP-USDT,3.0695,3.0696,766.0,3433.061177
2025-07-24T06:13:31.045727,LTC-USDT,109.28,109.3,9.96,1.9305
2025-07-24T06:13:31.086377,SOL-USDT,183.05,183.06,18.61394,54.656603
2025-07-24T06:13:31.087104,XRP-USDT,3.0695,3.0696,1.0,4598.847447
2025-07-24T06:13:31.087146,BTC-USDT,117676.0,117676.1,0.03041716,0.85210929
2025-07-24T06:13:31.087185,ETH-USDT,3558.25,3558.26,4.269,6.784237
2025-07-24T06:13:31.152647,LTC-USDT,109.28,109.29,0.01,4.572097
2025-07-24T06:13:31.189337,BTC-USDT,117674.0,117675.7,0.0301,0.902923
2025-07-24T06:13:31.192446,SOL-USDT,183.05,183.06,14.41044,54.656603
2025-07-24T06:13:31.197221,ETH-USDT,3558.25,3558.26,6.265188,6.784237
2025-07-24T06:13:31.298659,BTC-USDT,117674.0,117674.1,0.12856832,1.41812582
2025-07-24T06:13:31.298736,ETH-USDT,3558.25,3558.26,4.265188,6.784237
2025-07-24T06:13:31.301174,XRP-USDT,3.0695,3.0696,1.0,4681.910994
2025-07-24T06:13:31.436730,ETH-USDT,3558.25,3558.26,6.545188,4.556568
2025-07-24T06:13:31.450350,SOL-USDT,183.04,183.05,107.593218,9.305
2025-07-24T06:13:31.452251,BTC-USDT,117674.0,117674.1,0.2879268,1.31847052
2025-07-24T06:13:31.454647,XRP-USDT,3.0695,3.0696,2883.98627,4197.710623
2025-07-24T06:13:31.497447,LTC-USDT,109.28,109.29,0.01,9.160297
2025-07-24T06:13:31.549446,ETH-USDT,3558.25,3558.26,4.345188,6.756568
2025-07-24T06:13:31.555107,SOL-USDT,183.04,183.05,122.272667,9.305
2025-07-24T06:13:31.557175,BTC-USDT,117674.0,117674.1,0.2879268,1.1235792
2025-07-24T06:13:31.594972,XRP-USDT,3.0695,3.0696,1.0,3842.847447
2025-07-24T06:13:31.653839,ETH-USDT,3558.25,3558.26,5.526615,6.756568
2025-07-24T06:13:31.685625,SOL-USDT,183.06,183.07,21.817003,65.369902
2025-07-24T06:13:31.689662,XRP-USDT,3.0695,3.0696,89.252604,4881.576344
2025-07-24T06:13:31.774212,ETH-USDT,3558.25,3558.26,2.757188,6.706825
2025-07-24T06:13:31.802710,SOL-USDT,183.06,183.07,30.010795,65.369902
2025-07-24T06:13:31.816530,XRP-USDT,3.0695,3.0696,68.580553,4740.560472
2025-07-24T06:13:31.878887,ETH-USDT,3558.25,3558.26,2.757188,6.706825
2025-07-24T06:13:31.891303,BTC-USDT,117674.0,117674.1,0.32308509,1.1235792
2025-07-24T06:13:31.941405,SOL-USDT,183.06,183.07,30.578776,45.694542
2025-07-24T06:13:31.958175,XRP-USDT,3.0695,3.0696,68.58048,4598.847447
2025-07-24T06:13:31.979974,ETH-USDT,3558.25,3558.26,6.465188,2.373684
2025-07-24T06:13:31.996726,LTC-USDT,109.28,109.29,4.96,4.572097
2025-07-24T06:13:32.077311,XRP-USDT,3.0695,3.0696,67.178317,4681.910994
2025-07-24T06:13:32.080193,ETH-USDT,3558.25,3558.26,6.465188,6.645602
2025-07-24T06:13:32.151826,SOL-USDT,183.06,183.07,30.578776,46.224432
2025-07-24T06:13:32.184315,XRP-USDT,3.0695,3.0696,1.0,4881.576344
2025-07-24T06:13:32.184362,ETH-USDT,3558.25,3558.26,10.312872,5.218639
2025-07-24T06:13:32.255953,BTC-USDT,117674.0,117674.1,0.32208509,1.1235792
2025-07-24T06:13:32.359250,BTC-USDT,117674.0,117674.1,0.4438577,0.61657174
2025-07-24T06:13:32.390458,XRP-USDT,3.0692,3.0693,1675.842506,961.861177
2025-07-24T06:13:32.402740,ETH-USDT,3558.26,3558.27,23.972588,0.14878
2025-07-24T06:13:32.489684,SOL-USDT,183.07,183.08,21.77794,53.273362
2025-07-24T06:13:32.489743,BTC-USDT,117674.0,117674.1,0.4438577,0.61657174
2025-07-24T06:13:32.519389,XRP-USDT,3.0694,3.0695,4518.283216,1.0
2025-07-24T06:13:32.543334,ETH-USDT,3558.26,3558.27,23.972588,0.14878
2025-07-24T06:13:32.591532,SOL-USDT,183.09,183.1,61.98562,54.066721
2025-07-24T06:13:32.606283,BTC-USDT,117674.0,117675.2,0.9324177,0.04956508
2025-07-24T06:13:32.633082,XRP-USDT,3.0694,3.0696,4568.283216,1.5
2025-07-24T06:13:32.671466,LTC-USDT,109.29,109.3,4.95,0.01
2025-07-24T06:13:32.676731,ETH-USDT,3558.26,3558.27,25.908918,0.14878
2025-07-24T06:13:32.701170,SOL-USDT,183.09,183.1,45.488615,65.292081
2025-07-24T06:13:32.747175,XRP-USDT,3.0697,3.0698,2423.2,1696.534822
2025-07-24T06:13:32.749798,BTC-USDT,117675.1,117675.2,1.63417201,0.04998997
2025-07-24T06:13:32.847118,SOL-USDT,183.08,183.09,49.724731,57.267271
2025-07-24T06:13:32.856091,XRP-USDT,3.0697,3.0698,3647.98627,987.773645
2025-07-24T06:13:32.875897,ETH-USDT,3558.26,3558.27,23.972588,0.14878
2025-07-24T06:13:32.891015,LTC-USDT,109.3,109.32,4.95,1.495
2025-07-24T06:13:32.984903,SOL-USDT,183.08,183.09,96.157147,14.54
2025-07-24T06:13:32.984947,XRP-USDT,3.0699,3.0702,4760.408587,2.5
2025-07-24T06:13:32.989863,LTC-USDT,109.31,109.32,4.95,0.025
2025-07-24T06:13:32.999490,ETH-USDT,3558.26,3558.27,26.575948,0.14878
2025-07-24T06:13:33.084986,XRP-USDT,3.0701,3.0702,2709.061395,954.061177
2025-07-24T06:13:33.094006,SOL-USDT,183.09,183.1,74.831754,24.826721
2025-07-24T06:13:33.107053,ETH-USDT,3558.27,3558.35,30.034642,0.025
2025-07-24T06:13:33.163708,BTC-USDT,117675.1,117675.2,1.55360918,0.04998997
2025-07-24T06:13:33.187897,XRP-USDT,3.0701,3.0702,3474.061395,1.0
2025-07-24T06:13:33.208505,SOL-USDT,183.09,183.1,87.205281,0.16445
2025-07-24T06:13:33.236643,LTC-USDT,109.31,109.32,4.95,0.01
2025-07-24T06:13:33.236750,ETH-USDT,3558.37,3558.51,10.231964,0.400642
2025-07-24T06:13:33.293485,BTC-USDT,117675.1,117675.2,1.543797,0.04998997
2025-07-24T06:13:33.346517,ETH-USDT,3558.57,3558.58,16.178682,5.460825
2025-07-24T06:13:33.351237,SOL-USDT,183.09,183.1,91.23301,36.026721
2025-07-24T06:13:33.416889,XRP-USDT,3.0702,3.0703,2423.2,3837.647447
2025-07-24T06:13:33.474080,LTC-USDT,109.31,109.32,4.95,2.754949
2025-07-24T06:13:33.496069,SOL-USDT,183.09,183.1,81.23301,36.026721
2025-07-24T06:13:33.523450,XRP-USDT,3.0695,3.0696,231.0,5602.655601
2025-07-24T06:13:33.581103,ETH-USDT,3558.57,3558.58,5.131618,11.001435
2025-07-24T06:13:33.587940,LTC-USDT,109.3,109.32,0.01,7.704949
2025-07-24T06:13:33.601652,BTC-USDT,117675.1,117675.2,1.41618952,0.02555706
2025-07-24T06:13:33.604206,SOL-USDT,183.09,183.1,1.22536,63.483365
2025-07-24T06:13:33.645965,XRP-USDT,3.0688,3.0689,1986.657259,133.063547
2025-07-24T06:13:33.698586,ETH-USDT,3558.2,3558.42,12.972684,3.337165
2025-07-24T06:13:33.744391,BTC-USDT,117682.1,117682.2,0.93318229,0.40331398
2025-07-24T06:13:33.744431,SOL-USDT,183.09,183.1,88.165129,0.70445
2025-07-24T06:13:33.751531,XRP-USDT,3.0691,3.0692,2473.2,2386.4
2025-07-24T06:13:33.797640,LTC-USDT,109.3,109.32,0.01,4.96
2025-07-24T06:13:33.845393,ETH-USDT,3558.55,3558.56,5.772387,6.996368
2025-07-24T06:13:33.877180,XRP-USDT,3.0691,3.0692,2703.423268,2386.4
2025-07-24T06:13:33.881898,SOL-USDT,183.09,183.1,88.165129,13.56445
2025-07-24T06:13:33.881935,BTC-USDT,117682.1,117682.2,0.8186134,0.40331398
2025-07-24T06:13:33.956285,LTC-USDT,109.29,109.31,4.95,4.95
2025-07-24T06:13:33.986817,SOL-USDT,183.09,183.1,87.947094,13.56445
2025-07-24T06:13:33.988208,XRP-USDT,3.0691,3.0692,2473.2,2386.4
2025-07-24T06:13:34.078267,LTC-USDT,109.29,109.32,4.95,7.340948
2025-07-24T06:13:34.081844,ETH-USDT,3558.55,3558.56,5.289387,6.996368
2025-07-24T06:13:34.081908,SOL-USDT,183.09,183.1,96.139493,32.00445
2025-07-24T06:13:34.093186,XRP-USDT,3.0693,3.0694,2473.2,3448.278631
2025-07-24T06:13:34.138264,BTC-USDT,117682.1,117682.2,0.14441489,0.92721276
2025-07-24T06:13:34.189583,ETH-USDT,3558.55,3558.56,1.565693,14.376028
2025-07-24T06:13:34.195721,XRP-USDT,3.0693,3.0694,2473.2,2956.849596
2025-07-24T06:13:34.244672,SOL-USDT,183.09,183.1,16.241607,47.364352
2025-07-24T06:13:34.280932,BTC-USDT,117682.1,117682.2,0.07972489,0.49481005
2025-07-24T06:13:34.337224,SOL-USDT,183.09,183.1,26.935167,47.364352
2025-07-24T06:13:34.341660,XRP-USDT,3.069,3.0691,2016.381912,3378.761177
2025-07-24T06:13:34.389431,BTC-USDT,117682.1,117682.2,0.15262489,0.48881005
2025-07-24T06:13:34.441815,ETH-USDT,3558.55,3558.56,1.565693,12.597562
2025-07-24T06:13:34.447544,LTC-USDT,109.29,109.31,5.649812,4.95
2025-07-24T06:13:34.447598,SOL-USDT,183.09,183.1,39.907487,44.907321
2025-07-24T06:13:34.494239,XRP-USDT,3.0692,3.0693,3840.847447,3377.561177
2025-07-24T06:13:34.558369,SOL-USDT,183.09,183.1,39.907215,33.526721
2025-07-24T06:13:34.580275,ETH-USDT,3558.55,3558.56,1.565693,8.925902
2025-07-24T06:13:34.591644,XRP-USDT,3.0693,3.0694,3188.2,297.919782
2025-07-24T06:13:34.615075,BTC-USDT,117682.1,117682.2,0.00025493,0.69881005
2025-07-24T06:13:34.688305,ETH-USDT,3556.7,3557.2,0.000476,30.736322
2025-07-24T06:13:34.688370,SOL-USDT,183.07,183.09,10.42,104.268915
2025-07-24T06:13:34.688406,XRP-USDT,3.0691,3.0693,359.348029,963.161177
2025-07-24T06:13:34.696957,LTC-USDT,109.27,109.3,24.454509,1.4
2025-07-24T06:13:34.736258,BTC-USDT,117672.0,117672.1,0.00210379,0.84394073
2025-07-24T06:13:34.784290,ETH-USDT,3556.42,3556.54,10.081159,2.2
2025-07-24T06:13:34.790729,SOL-USDT,183.07,183.08,25.11464,59.600728
2025-07-24T06:13:34.793326,XRP-USDT,3.0688,3.0689,1.0,5434.710994
2025-07-24T06:13:34.803824,LTC-USDT,109.26,109.29,4.97,6.5007
2025-07-24T06:13:34.847591,BTC-USDT,117666.8,117666.9,0.05433906,1.32734398
2025-07-24T06:13:34.898780,ETH-USDT,3556.68,3556.69,8.587779,2.098
2025-07-24T06:13:34.901984,XRP-USDT,3.0686,3.0687,267.704523,4688.477925
2025-07-24T06:13:34.945898,SOL-USDT,183.06,183.07,18.48814,65.330805
2025-07-24T06:13:34.954605,LTC-USDT,109.26,109.29,4.96,6.863594
2025-07-24T06:13:34.979022,BTC-USDT,117664.0,117664.1,0.05452841,1.10828668
2025-07-24T06:13:35.019489,ETH-USDT,3556.68,3556.69,5.069779,11.241736
2025-07-24T06:13:35.044407,XRP-USDT,3.0685,3.0686,4.330897,6349.133626
2025-07-24T06:13:35.051849,SOL-USDT,183.06,183.07,31.219018,23.313992
2025-07-24T06:13:35.076361,LTC-USDT,109.27,109.29,4.980104,6.863594
2025-07-24T06:13:35.079831,BTC-USDT,117664.0,117664.1,0.00062841,1.09474899
2025-07-24T06:13:35.166535,XRP-USDT,3.0685,3.0686,404.330897,5830.120277
2025-07-24T06:13:35.168828,ETH-USDT,3556.68,3556.69,6.577779,7.118736
2025-07-24T06:13:35.189253,SOL-USDT,183.06,183.07,37.262938,22.47
2025-07-24T06:13:35.198388,BTC-USDT,117664.0,117664.1,0.00062841,1.38347376
2025-07-24T06:13:35.290613,SOL-USDT,183.06,183.07,75.491477,25.08
2025-07-24T06:13:35.290891,XRP-USDT,3.0685,3.0686,404.330897,5913.183824
2025-07-24T06:13:35.343363,BTC-USDT,117664.0,117664.1,0.00062841,1.3621875
2025-07-24T06:13:35.343416,LTC-USDT,109.27,109.29,4.980104,9.609338
2025-07-24T06:13:35.384007,ETH-USDT,3556.68,3556.69,6.572092,7.118266
2025-07-24T06:13:35.390385,SOL-USDT,183.06,183.07,75.491477,15.08
2025-07-24T06:13:35.396442,XRP-USDT,3.0685,3.0686,404.330897,5830.120277
2025-07-24T06:13:35.439288,BTC-USDT,117664.0,117664.1,0.00062841,1.20461699
2025-07-24T06:13:35.518641,ETH-USDT,3556.68,3556.69,6.570662,7.111266
2025-07-24T06:13:35.564320,BTC-USDT,117664.0,117664.1,0.09145334,1.19225544
2025-07-24T06:13:35.641958,XRP-USDT,3.0685,3.0686,404.330897,5913.183824
2025-07-24T06:13:35.642969,ETH-USDT,3556.68,3556.69,9.174022,1.82553
2025-07-24T06:13:35.647927,SOL-USDT,183.08,183.09,49.490901,48.772271
2025-07-24T06:13:35.676136,BTC-USDT,117664.0,117664.1,0.09145334,1.11351068
2025-07-24T06:13:35.780894,ETH-USDT,3556.68,3556.69,8.145863,1.82553
2025-07-24T06:13:35.785284,BTC-USDT,117664.0,117664.1,0.09145334,1.01564268
2025-07-24T06:13:35.881741,SOL-USDT,183.08,183.09,48.265541,50.118946
2025-07-24T06:13:35.884308,ETH-USDT,3556.68,3556.69,5.542503,7.663796
2025-07-24T06:13:35.885626,BTC-USDT,117664.0,117664.1,0.08505334,1.02672268
2025-07-24T06:13:35.952548,LTC-USDT,109.27,109.29,4.980104,14.181478
2025-07-24T06:13:35.988856,BTC-USDT,117664.0,117664.1,0.08505334,1.04800894
2025-07-24T06:13:36.091049,ETH-USDT,3556.68,3556.69,3.90146,7.663796
2025-07-24T06:13:36.092317,XRP-USDT,3.0685,3.0686,404.330897,5743.098681
2025-07-24T06:13:36.092790,SOL-USDT,183.08,183.09,45.655541,50.118946
2025-07-24T06:13:36.191817,ETH-USDT,3556.68,3556.69,0.30407,10.240096
2025-07-24T06:13:36.194294,XRP-USDT,3.0681,3.0686,1.0,6488.712265
2025-07-24T06:13:36.254511,SOL-USDT,183.06,183.07,18.785664,111.582377
2025-07-24T06:13:36.306383,LTC-USDT,109.27,109.29,0.030104,14.181478
2025-07-24T06:13:36.317566,XRP-USDT,3.0681,3.0682,400.0,3722.049817
2025-07-24T06:13:36.382479,BTC-USDT,117663.9,117664.1,0.00094705,1.02672268
2025-07-24T06:13:36.391394,SOL-USDT,183.05,183.06,41.187292,77.058457
2025-07-24T06:13:36.450561,LTC-USDT,109.26,109.27,0.02,3.36563
2025-07-24T06:13:36.455010,XRP-USDT,3.0682,3.0683,2823.2,3369.553129
2025-07-24T06:13:36.541345,BTC-USDT,117663.9,117664.0,0.05484705,1.91713468
2025-07-24T06:13:36.542317,SOL-USDT,183.05,183.06,50.677292,77.058457
2025-07-24T06:13:36.553955,XRP-USDT,3.0682,3.0683,2823.2,2882.98627
2025-07-24T06:13:36.565399,ETH-USDT,3556.68,3556.69,1.81207,10.231711
2025-07-24T06:13:36.584838,LTC-USDT,109.26,109.27,4.97,3.36563
2025-07-24T06:13:36.654051,XRP-USDT,3.0681,3.0683,1.0,3672.049817
2025-07-24T06:13:36.662703,BTC-USDT,117663.9,117664.0,0.05584705,1.90445868
2025-07-24T06:13:36.672209,ETH-USDT,3556.54,3556.69,0.0028,12.655373
2025-07-24T06:13:36.681179,SOL-USDT,183.05,183.06,49.380838,77.058457
2025-07-24T06:13:36.782966,XRP-USDT,3.0681,3.0682,1.0,5806.039132
2025-07-24T06:13:36.783039,BTC-USDT,117663.9,117664.0,0.00194705,1.95294294
2025-07-24T06:13:36.784630,SOL-USDT,183.02,183.03,16.729459,70.784298
2025-07-24T06:13:36.787499,ETH-USDT,3556.12,3556.34,0.03,19.052021
2025-07-24T06:13:36.846264,LTC-USDT,109.26,109.27,0.050104,17.917276
2025-07-24T06:13:36.882967,ETH-USDT,3556.12,3556.13,7.252472,6.408536
2025-07-24T06:13:36.884931,XRP-USDT,3.0675,3.068,1.5,6529.945359
2025-07-24T06:13:36.891100,BTC-USDT,117662.4,117662.5,0.0641498,0.91175216
2025-07-24T06:13:36.893046,SOL-USDT,183.02,183.03,0.254542,55.33498
2025-07-24T06:13:36.985214,LTC-USDT,109.26,109.27,0.050104,12.967276
2025-07-24T06:13:36.988787,ETH-USDT,3556.12,3556.13,7.252472,1.5097
2025-07-24T06:13:36.992789,XRP-USDT,3.0674,3.0675,2495.269961,3857.147447
2025-07-24T06:13:36.998119,BTC-USDT,117662.4,117662.5,0.0641498,0.83301757
2025-07-24T06:13:37.000484,SOL-USDT,183.02,183.03,10.674542,55.33498
2025-07-24T06:13:37.088581,LTC-USDT,109.26,109.27,0.050104,15.713601
2025-07-24T06:13:37.097536,SOL-USDT,183.0,183.01,0.16445,100.895402
2025-07-24T06:13:37.097632,ETH-USDT,3556.06,3556.07,4.207736,14.874939
2025-07-24T06:13:37.101214,BTC-USDT,117644.2,117652.8,0.02329487,0.019
2025-07-24T06:13:37.101413,XRP-USDT,3.0674,3.0675,3760.269961,1025.308524
2025-07-24T06:13:37.195353,LTC-USDT,109.26,109.27,0.050104,19.374425
2025-07-24T06:13:37.202098,BTC-USDT,117644.0,117644.1,0.08431716,1.02695963
2025-07-24T06:13:37.247424,XRP-USDT,3.0674,3.0675,3991.353761,1518.2309
2025-07-24T06:13:37.247535,ETH-USDT,3556.13,3556.14,11.374434,0.2
2025-07-24T06:13:37.343856,SOL-USDT,183.01,183.02,12.5833,43.717336
2025-07-24T06:13:37.343921,LTC-USDT,109.26,109.27,0.050104,4.95
2025-07-24T06:13:37.346222,BTC-USDT,117644.0,117644.1,0.01971345,1.17468072
2025-07-24T06:13:37.370930,XRP-USDT,3.0677,3.0678,765.0,2423.2
2025-07-24T06:13:37.378767,ETH-USDT,3556.13,3556.14,9.374434,0.2
2025-07-24T06:13:37.439195,LTC-USDT,109.26,109.28,5.000104,4.975
2025-07-24T06:13:37.448974,BTC-USDT,117640.2,117642.1,0.00045663,1.31106589
2025-07-24T06:13:37.483425,XRP-USDT,3.0677,3.0678,3647.98627,2709.06886
2025-07-24T06:13:37.556771,LTC-USDT,109.26,109.27,0.050104,4.95
2025-07-24T06:13:37.580342,SOL-USDT,183.01,183.02,44.766926,20.165458
2025-07-24T06:13:37.583997,BTC-USDT,117640.2,117640.3,0.05435663,1.11872631
2025-07-24T06:13:37.591175,XRP-USDT,3.0678,3.0679,3188.2,2327.124724
2025-07-24T06:13:37.681062,LTC-USDT,109.26,109.28,0.050104,5.457814
2025-07-24T06:13:37.684138,SOL-USDT,183.01,183.02,44.755085,20.165458
2025-07-24T06:13:37.688319,BTC-USDT,117640.0,117640.3,0.04111446,1.11872631
2025-07-24T06:13:37.691132,XRP-USDT,3.0678,3.0679,3188.2,343.724724
2025-07-24T06:13:37.795389,XRP-USDT,3.0678,3.0679,3188.2,1983.4
2025-07-24T06:13:37.802017,LTC-USDT,109.26,109.27,0.050104,4.95
2025-07-24T06:13:37.839687,SOL-USDT,183.01,183.02,44.775822,10.165458
2025-07-24T06:13:37.842256,BTC-USDT,117640.0,117640.1,0.04407072,1.09100769
2025-07-24T06:13:37.942851,XRP-USDT,3.0679,3.068,3429.961177,1.0
2025-07-24T06:13:37.961808,LTC-USDT,109.26,109.27,0.040104,4.95
2025-07-24T06:13:37.970069,BTC-USDT,117640.0,117640.1,0.04485532,1.09525554
2025-07-24T06:13:38.050289,XRP-USDT,3.0679,3.068,3829.961177,1.0
2025-07-24T06:13:38.064466,LTC-USDT,109.26,109.27,0.040104,12.284488
2025-07-24T06:13:38.096804,SOL-USDT,183.01,183.02,44.840083,42.572271
2025-07-24T06:13:38.103435,BTC-USDT,117640.0,117640.1,0.04485532,1.14071612
2025-07-24T06:13:38.181558,ETH-USDT,3556.13,3556.14,9.374434,0.186494
2025-07-24T06:13:38.193315,XRP-USDT,3.0679,3.068,1654.8,2424.2
2025-07-24T06:13:38.244644,BTC-USDT,117640.0,117640.1,0.04506679,1.26678064
2025-07-24T06:13:38.251585,SOL-USDT,183.01,183.03,48.209082,12.61
2025-07-24T06:13:38.280626,ETH-USDT,3556.21,3556.36,26.732121,0.0028
2025-07-24T06:13:38.288677,XRP-USDT,3.0679,3.068,1935.961177,1.0
2025-07-24T06:13:38.388745,ETH-USDT,3556.49,3556.5,11.792195,3.609
2025-07-24T06:13:38.389189,BTC-USDT,117634.0,117636.1,0.0301,1.54729635
2025-07-24T06:13:38.394352,XRP-USDT,3.0679,3.068,2395.747447,1.0
2025-07-24T06:13:38.396345,SOL-USDT,183.02,183.03,43.459321,12.61
2025-07-24T06:13:38.491717,SOL-USDT,183.02,183.03,49.957866,55.494741
2025-07-24T06:13:38.497525,BTC-USDT,117632.0,117632.1,0.08465476,1.13548386
2025-07-24T06:13:38.542022,XRP-USDT,3.0679,3.068,3101.747447,1.0
2025-07-24T06:13:38.595576,ETH-USDT,3556.49,3556.5,5.414269,5.221736
2025-07-24T06:13:38.638621,SOL-USDT,183.02,183.03,30.390466,55.494741
2025-07-24T06:13:38.642639,BTC-USDT,117632.0,117632.1,0.08465476,1.14748386
2025-07-24T06:13:38.650191,XRP-USDT,3.0679,3.068,3601.747447,1.0
2025-07-24T06:13:38.741146,BTC-USDT,117632.0,117632.1,0.08465476,1.17468786
2025-07-24T06:13:38.741195,ETH-USDT,3556.49,3556.5,0.28643,7.408181
2025-07-24T06:13:38.742656,SOL-USDT,183.02,183.03,22.881258,55.494741
2025-07-24T06:13:38.780554,XRP-USDT,3.068,3.0681,6388.296936,1.0
2025-07-24T06:13:38.838798,BTC-USDT,117632.0,117632.1,0.08465476,1.19712786
2025-07-24T06:13:38.845343,SOL-USDT,183.02,183.03,8.735358,55.494741
2025-07-24T06:13:38.847035,ETH-USDT,3556.49,3556.5,0.28643,7.396934
2025-07-24T06:13:38.896434,XRP-USDT,3.068,3.0681,6888.296936,1.0
2025-07-24T06:13:38.979434,ETH-USDT,3556.49,3556.5,0.28643,7.200112
2025-07-24T06:13:38.988311,SOL-USDT,183.02,183.03,0.54,55.494741
2025-07-24T06:13:38.992104,XRP-USDT,3.068,3.0684,6888.296936,795.719107
2025-07-24T06:13:39.068815,BTC-USDT,117632.0,117632.1,0.25117324,0.90118027
2025-07-24T06:13:39.087767,LTC-USDT,109.26,109.27,0.040104,2.746288
2025-07-24T06:13:39.094623,ETH-USDT,3556.5,3556.64,23.89601,0.0028
2025-07-24T06:13:39.094664,SOL-USDT,183.03,183.04,51.09346,10.68
2025-07-24T06:13:39.100038,XRP-USDT,3.0687,3.069,4952.247447,1.5
2025-07-24T06:13:39.187179,BTC-USDT,117632.0,117632.1,0.63598237,0.45227553
2025-07-24T06:13:39.193153,ETH-USDT,3556.66,3556.78,9.468456,0.0028
2025-07-24T06:13:39.207187,LTC-USDT,109.26,109.28,4.990104,0.01
2025-07-24T06:13:39.236556,SOL-USDT,183.05,183.06,100.931709,0.330794
2025-07-24T06:13:39.246729,XRP-USDT,3.0695,3.0697,4460.274146,1.5
2025-07-24T06:13:39.284330,BTC-USDT,117632.0,117632.1,0.63573478,0.35808927
2025-07-24T06:13:39.295311,LTC-USDT,109.27,109.3,13.06513,0.025
2025-07-24T06:13:39.344442,ETH-USDT,3557.25,3557.26,8.150744,3.861145
2025-07-24T06:13:39.376466,SOL-USDT,183.05,183.08,230.983397,30.083035
2025-07-24T06:13:39.379529,XRP-USDT,3.0699,3.07,2423.2,3649.562404
2025-07-24T06:13:39.396086,BTC-USDT,117632.0,117632.1,0.63573478,0.35808927
2025-07-24T06:13:39.451125,LTC-USDT,109.29,109.3,6.809952,0.01
2025-07-24T06:13:39.458519,ETH-USDT,3557.25,3557.26,6.522744,3.169145
2025-07-24T06:13:39.485506,SOL-USDT,183.06,183.08,43.369834,52.258395
2025-07-24T06:13:39.485683,XRP-USDT,3.07,3.0702,822.007548,4268.622674
2025-07-24T06:13:39.565341,ETH-USDT,3557.25,3557.26,0.28643,14.362181
2025-07-24T06:13:39.593165,SOL-USDT,183.05,183.06,17.139723,116.064446
2025-07-24T06:13:39.598016,XRP-USDT,3.0695,3.0696,437.8,686.123326
2025-07-24T06:13:39.638737,BTC-USDT,117632.0,117632.1,0.63573478,0.35808927
2025-07-24T06:13:39.678027,ETH-USDT,3556.78,3556.79,2.51243,7.347886
2025-07-24T06:13:39.696385,LTC-USDT,109.28,109.3,4.96,0.01
2025-07-24T06:13:39.696439,SOL-USDT,183.04,183.05,74.137126,65.252377
2025-07-24T06:13:39.706039,XRP-USDT,3.069,3.0696,1241.999168,4699.265967
2025-07-24T06:13:39.748525,BTC-USDT,117632.0,117632.1,0.66973978,0.35808927
2025-07-24T06:13:39.785313,ETH-USDT,3556.78,3556.79,0.43643,12.383927
2025-07-24T06:13:39.841241,SOL-USDT,183.04,183.05,51.607292,73.64919
2025-07-24T06:13:39.852444,XRP-USDT,3.069,3.0691,400.0,932.252268
2025-07-24T06:13:39.881903,BTC-USDT,117632.0,117632.1,0.68573978,0.35808927
2025-07-24T06:13:39.945621,LTC-USDT,109.27,109.3,9.59625,4.96
2025-07-24T06:13:39.987201,XRP-USDT,3.069,3.0691,1000.0,932.252268
2025-07-24T06:13:40.048158,LTC-USDT,109.27,109.3,11.193333,4.96
2025-07-24T06:13:40.086905,XRP-USDT,3.069,3.0691,4188.2,932.252268
2025-07-24T06:13:40.086947,SOL-USDT,183.04,183.05,55.787306,73.64919
2025-07-24T06:13:40.096320,ETH-USDT,3556.78,3556.79,0.43643,12.805632
2025-07-24T06:13:40.187833,XRP-USDT,3.069,3.0691,3423.2,656.80521
2025-07-24T06:13:40.191555,LTC-USDT,109.27,109.3,11.193333,0.01
2025-07-24T06:13:40.235341,SOL-USDT,183.04,183.05,53.561646,64.34419
2025-07-24T06:13:40.238270,BTC-USDT,117632.0,117632.1,0.68573978,0.60870673
2025-07-24T06:13:40.341626,XRP-USDT,3.0691,3.0692,400.0,3773.363761
2025-07-24T06:13:40.343090,SOL-USDT,183.04,183.05,45.367306,64.34419
2025-07-24T06:13:40.349376,BTC-USDT,117632.0,117632.1,0.36623978,0.60870673
2025-07-24T06:13:40.443253,LTC-USDT,109.27,109.3,10.80995,4.96
2025-07-24T06:13:40.445043,SOL-USDT,183.04,183.05,45.367306,65.010592
2025-07-24T06:13:40.481435,XRP-USDT,3.0693,3.0694,2823.2,4297.471994
2025-07-24T06:13:40.484640,ETH-USDT,3556.78,3556.79,0.15,14.536162
2025-07-24T06:13:40.549975,LTC-USDT,109.27,109.3,15.382656,0.01
2025-07-24T06:13:40.550023,SOL-USDT,183.04,183.05,73.914632,0.666402
2025-07-24T06:13:40.582247,BTC-USDT,117632.0,117632.1,0.89573978,0.60870673
2025-07-24T06:13:40.593266,ETH-USDT,3556.78,3556.79,2.02443,3.852917
2025-07-24T06:13:40.594070,XRP-USDT,3.0694,3.0698,6909.569065,1937.442479
2025-07-24T06:13:40.662186,SOL-USDT,183.04,183.08,134.568166,26.654938
2025-07-24T06:13:40.662230,LTC-USDT,109.29,109.32,1.52693,1.425
2025-07-24T06:13:40.696965,ETH-USDT,3557.15,3557.27,1.0798,0.25303
2025-07-24T06:13:40.697015,XRP-USDT,3.0698,3.07,2873.2,940.676134
2025-07-24T06:13:40.784075,SOL-USDT,183.07,183.08,112.79356,1.448125
2025-07-24T06:13:40.784127,LTC-USDT,109.3,109.32,8.810036,0.025
2025-07-24T06:13:40.785376,BTC-USDT,117632.0,117632.1,0.89573978,0.26626927
2025-07-24T06:13:40.799147,XRP-USDT,3.0708,3.0709,2469.19998,66.096587
2025-07-24T06:13:40.886670,LTC-USDT,109.31,109.32,6.294747,0.01
2025-07-24T06:13:40.894563,SOL-USDT,183.07,183.08,145.635497,0.108125
2025-07-24T06:13:40.894614,BTC-USDT,117632.0,117632.1,1.00379978,0.14171727
2025-07-24T06:13:40.941652,ETH-USDT,3557.26,3557.27,8.801602,0.25303
2025-07-24T06:13:40.946946,XRP-USDT,3.0708,3.0709,2469.19998,1315.769542
2025-07-24T06:13:40.994308,LTC-USDT,109.31,109.32,6.294747,0.01
2025-07-24T06:13:41.056974,XRP-USDT,3.0706,3.0707,2423.2,3822.059225
2025-07-24T06:13:41.057017,BTC-USDT,117632.0,117632.1,0.90073978,0.14171727
2025-07-24T06:13:41.057053,SOL-USDT,183.07,183.08,141.455483,0.108125
2025-07-24T06:13:41.174313,SOL-USDT,183.07,183.08,88.753917,46.298564
2025-07-24T06:13:41.181143,BTC-USDT,117632.0,117632.1,0.69073978,0.14171727
2025-07-24T06:13:41.184146,ETH-USDT,3557.26,3557.27,8.801602,0.25303
2025-07-24T06:13:41.281925,SOL-USDT,183.07,183.08,86.300417,0.108125
2025-07-24T06:13:41.293221,XRP-USDT,3.0708,3.0709,4539.759225,1.0
2025-07-24T06:13:41.399161,SOL-USDT,183.07,183.08,90.480431,0.108125
2025-07-24T06:13:41.399204,LTC-USDT,109.31,109.32,10.882947,0.01
2025-07-24T06:13:41.448159,XRP-USDT,3.0708,3.0709,5645.759225,1.0
2025-07-24T06:13:41.490088,LTC-USDT,109.33,109.34,16.1785,0.02
2025-07-24T06:13:41.490135,SOL-USDT,183.07,183.08,90.480431,11.908125
2025-07-24T06:13:41.565781,ETH-USDT,3557.73,3557.79,8.52133,0.253011
2025-07-24T06:13:41.585495,XRP-USDT,3.0712,3.0713,5744.659225,66.589168
2025-07-24T06:13:41.613543,LTC-USDT,109.33,109.34,41.733516,0.02
2025-07-24T06:13:41.645064,BTC-USDT,117632.0,117632.1,1.00379978,0.14171727
2025-07-24T06:13:41.645116,SOL-USDT,183.11,183.12,43.40727,11.38
2025-07-24T06:13:41.682905,ETH-USDT,3557.99,3558.0,13.28312,1.607245
2025-07-24T06:13:41.713095,LTC-USDT,109.33,109.34,45.372101,0.02
2025-07-24T06:13:41.722378,XRP-USDT,3.0715,3.0716,4753.98627,1.0
2025-07-24T06:13:41.748444,BTC-USDT,117632.0,117632.1,1.05379978,0.12971727
2025-07-24T06:13:41.753303,SOL-USDT,183.12,183.13,53.100894,42.939131
2025-07-24T06:13:41.791713,ETH-USDT,3557.99,3558.0,14.715494,1.607245
2025-07-24T06:13:41.816254,XRP-USDT,3.0719,3.072,3208.73218,3.0
2025-07-24T06:13:41.824491,LTC-USDT,109.33,109.34,49.487891,0.02
2025-07-24T06:13:41.853093,SOL-USDT,183.12,183.14,53.100894,0.126189
2025-07-24T06:13:41.903954,ETH-USDT,3558.32,3558.33,20.055586,0.00015
2025-07-24T06:13:41.932244,LTC-USDT,109.36,109.37,11.919509,0.01
2025-07-24T06:13:41.954380,BTC-USDT,117632.0,117632.1,1.13880078,0.12971727
2025-07-24T06:13:41.958670,XRP-USDT,3.0722,3.0723,4358.496157,1.0
2025-07-24T06:13:41.984919,SOL-USDT,183.13,183.15,143.52046,0.16445
2025-07-24T06:13:42.053406,ETH-USDT,3558.57,3558.58,3.948471,8.181191
2025-07-24T06:13:42.054990,LTC-USDT,109.36,109.37,13.05229,0.01
2025-07-24T06:13:42.081904,XRP-USDT,3.0722,3.0723,4019.441097,2725.172955
2025-07-24T06:13:42.089502,SOL-USDT,183.14,183.15,90.938026,2.88445
2025-07-24T06:13:42.089546,BTC-USDT,117634.1,117635.1,1.07525114,0.02712875
2025-07-24T06:13:42.162520,ETH-USDT,3558.57,3558.58,4.852417,3.77239
2025-07-24T06:13:42.189707,SOL-USDT,183.14,183.16,90.938026,0.007174
2025-07-24T06:13:42.195362,BTC-USDT,117639.9,117640.1,1.58124771,0.0077
2025-07-24T06:13:42.214899,XRP-USDT,3.0722,3.0723,6.509887,2922.157019
2025-07-24T06:13:42.269310,LTC-USDT,109.36,109.37,12.967473,0.01
2025-07-24T06:13:42.270045,ETH-USDT,3558.57,3558.58,4.852417,1.57239
2025-07-24T06:13:42.310079,BTC-USDT,117640.7,117640.8,1.74034266,0.0237952
2025-07-24T06:13:42.328480,SOL-USDT,183.13,183.14,2.31745,105.697143
2025-07-24T06:13:42.370290,LTC-USDT,109.36,109.37,15.473972,6e-06
2025-07-24T06:13:42.371270,XRP-USDT,3.0722,3.0723,334.806187,2138.745929
2025-07-24T06:13:42.384123,ETH-USDT,3558.57,3558.58,1.872471,6.775562
2025-07-24T06:13:42.444497,SOL-USDT,183.12,183.13,96.683844,48.693097
2025-07-24T06:13:42.484202,XRP-USDT,3.0722,3.0723,1558.592457,1481.872955
2025-07-24T06:13:42.491390,LTC-USDT,109.36,109.37,20.045609,6e-06
2025-07-24T06:13:42.494803,ETH-USDT,3558.57,3558.58,2.951262,1.208665
2025-07-24T06:13:42.578759,SOL-USDT,183.12,183.13,101.182848,9.305
2025-07-24T06:13:42.581672,BTC-USDT,117641.9,117643.6,0.99848762,0.00629976
2025-07-24T06:13:42.586903,XRP-USDT,3.0722,3.0723,3020.106187,1.0
2025-07-24T06:13:42.599939,LTC-USDT,109.36,109.37,24.045609,6e-06
2025-07-24T06:13:42.647916,ETH-USDT,3558.57,3558.58,6.537208,1.583616
2025-07-24T06:13:42.691255,BTC-USDT,117643.5,117644.8,1.47367457,0.0237944
2025-07-24T06:13:42.691323,SOL-USDT,183.12,183.13,100.863858,9.305
2025-07-24T06:13:42.691354,XRP-USDT,3.0722,3.0723,4189.642783,1479.272955
2025-07-24T06:13:42.741715,ETH-USDT,3558.57,3558.58,6.457208,3.091616
2025-07-24T06:13:42.746539,LTC-USDT,109.36,109.37,27.094601,6e-06
2025-07-24T06:13:42.787738,BTC-USDT,117644.7,117644.8,1.61839102,0.0237944
2025-07-24T06:13:42.787783,SOL-USDT,183.13,183.14,58.649605,65.889381
2025-07-24T06:13:42.793335,XRP-USDT,3.0722,3.0723,2333.342783,1479.272955
2025-07-24T06:13:42.850295,ETH-USDT,3558.57,3558.58,3.716208,3.038616
2025-07-24T06:13:42.851635,LTC-USDT,109.36,109.37,47.611234,6e-06
2025-07-24T06:13:42.891461,SOL-USDT,183.13,183.14,61.259605,6.971284
2025-07-24T06:13:42.944639,XRP-USDT,3.0722,3.0723,3535.756513,1.0
2025-07-24T06:13:42.985838,LTC-USDT,109.36,109.37,49.897157,6e-06
2025-07-24T06:13:42.985914,ETH-USDT,3558.57,3558.58,4.090154,3.038616
2025-07-24T06:13:43.043251,BTC-USDT,117644.7,117644.8,1.28562535,0.0475888
2025-07-24T06:13:43.043667,SOL-USDT,183.14,183.15,57.563314,4.49
2025-07-24T06:13:43.062372,XRP-USDT,3.0722,3.0723,3995.542783,1.0
2025-07-24T06:13:43.085022,LTC-USDT,109.36,109.37,59.955219,6e-06
2025-07-24T06:13:43.089029,ETH-USDT,3558.57,3558.58,1.430041,12.478862
2025-07-24T06:13:43.156282,BTC-USDT,117644.7,117644.8,1.49562533,0.04309562
2025-07-24T06:13:43.181035,XRP-USDT,3.0722,3.0723,4192.642783,3333.672955
2025-07-24T06:13:43.181952,SOL-USDT,183.14,183.15,45.520014,89.103998
2025-07-24T06:13:43.199452,ETH-USDT,3558.57,3558.58,1.430041,10.278862
2025-07-24T06:13:43.203730,LTC-USDT,109.36,109.37,57.669296,6e-06
2025-07-24T06:13:43.279988,BTC-USDT,117644.7,117644.8,1.44858263,0.04309562
2025-07-24T06:13:43.285203,XRP-USDT,3.0722,3.0723,4192.642783,1.0
2025-07-24T06:13:43.290334,SOL-USDT,183.14,183.15,45.520014,81.641297
2025-07-24T06:13:43.296574,LTC-USDT,109.36,109.37,65.297577,6e-06
2025-07-24T06:13:43.382984,BTC-USDT,117644.7,117644.8,1.44806199,0.04309562
2025-07-24T06:13:43.386443,SOL-USDT,183.15,183.16,142.035905,0.007174
2025-07-24T06:13:43.394082,XRP-USDT,3.0726,3.0728,713.0,308.693542
2025-07-24T06:13:43.427623,LTC-USDT,109.36,109.45,66.213457,18.77215
2025-07-24T06:13:43.427667,ETH-USDT,3558.57,3558.59,10.171347,0.0001
2025-07-24T06:13:43.518140,BTC-USDT,117644.7,117644.8,1.42293739,0.00050682
2025-07-24T06:13:43.541030,LTC-USDT,109.42,109.46,6.47693,4.965
2025-07-24T06:13:43.546989,XRP-USDT,3.0729,3.073,2882.98627,776.638976
2025-07-24T06:13:43.547044,ETH-USDT,3558.77,3558.78,10.580908,1.583417
2025-07-24T06:13:43.669983,XRP-USDT,3.0729,3.073,3647.98627,17.066021
2025-07-24T06:13:43.670035,LTC-USDT,109.43,109.46,5.862616,0.015
2025-07-24T06:13:43.670106,SOL-USDT,183.16,183.17,234.760567,0.002193
2025-07-24T06:13:43.670158,BTC-USDT,117644.7,117644.8,1.51793839,0.00050682
2025-07-24T06:13:43.755090,LTC-USDT,109.43,109.46,5.862616,1.485
2025-07-24T06:13:43.771078,ETH-USDT,3558.77,3558.78,10.580908,0.015
2025-07-24T06:13:43.781411,BTC-USDT,117645.7,117648.0,1.55147724,0.00195811
2025-07-24T06:13:43.783122,SOL-USDT,183.16,183.18,263.605106,0.002382
2025-07-24T06:13:43.877559,XRP-USDT,3.0729,3.073,4294.2,1e-06
2025-07-24T06:13:43.880250,ETH-USDT,3558.82,3558.83,12.359942,0.15
2025-07-24T06:13:43.889951,BTC-USDT,117651.5,117654.0,1.68571233,0.00164095
2025-07-24T06:13:43.899109,SOL-USDT,183.17,183.2,219.764854,0.410763
2025-07-24T06:13:43.981587,XRP-USDT,3.0729,3.073,4344.2,1e-06
2025-07-24T06:13:43.985480,ETH-USDT,3558.99,3559.22,14.142323,0.2907
2025-07-24T06:13:43.997325,BTC-USDT,117653.9,117654.0,1.71768735,0.00214842
2025-07-24T06:13:44.018621,SOL-USDT,183.21,183.25,93.142761,45.976583
2025-07-24T06:13:44.092762,XRP-USDT,3.0729,3.0737,6038.415728,53.749331
2025-07-24T06:13:44.092808,BTC-USDT,117662.4,117666.0,1.05181196,0.00284131
2025-07-24T06:13:44.092842,ETH-USDT,3559.35,3559.36,7.090569,1.685417
2025-07-24T06:13:44.107038,SOL-USDT,183.23,183.24,40.967961,4.49
2025-07-24T06:13:44.197803,LTC-USDT,109.45,109.47,8.03236,1.272963
2025-07-24T06:13:44.197889,BTC-USDT,117665.9,117666.0,1.38830666,0.0035879
2025-07-24T06:13:44.206726,ETH-USDT,3559.35,3559.36,9.909266,0.15
2025-07-24T06:13:44.206794,XRP-USDT,3.0736,3.0737,6011.075555,53.749331
2025-07-24T06:13:44.228190,SOL-USDT,183.23,183.25,86.987436,1.166087
2025-07-24T06:13:44.298988,LTC-USDT,109.46,109.48,8.944727,5.484643
2025-07-24T06:13:44.348743,XRP-USDT,3.0736,3.0737,5305.075555,943.022286
2025-07-24T06:13:44.356306,SOL-USDT,183.23,183.24,69.125914,1.39
2025-07-24T06:13:44.464855,LTC-USDT,109.47,109.48,8.03236,0.025
2025-07-24T06:13:44.464927,BTC-USDT,117665.9,117666.0,1.60829664,0.0035879
2025-07-24T06:13:44.464963,XRP-USDT,3.0736,3.0737,4751.98627,3.1e-05
2025-07-24T06:13:44.471900,ETH-USDT,3559.41,3559.63,1.322642,0.2907
2025-07-24T06:13:44.511121,SOL-USDT,183.23,183.24,64.858709,13.32
2025-07-24T06:13:44.566700,XRP-USDT,3.0736,3.0737,4045.98627,3.1e-05
2025-07-24T06:13:44.583948,ETH-USDT,3559.84,3559.85,2.214362,8.903973
2025-07-24T06:13:44.597614,BTC-USDT,117665.9,117666.0,1.63302511,0.0035879
2025-07-24T06:13:44.682466,ETH-USDT,3559.84,3559.85,1.927932,8.779763
2025-07-24T06:13:44.690164,LTC-USDT,109.47,109.48,8.944643,2.765998
2025-07-24T06:13:44.741229,SOL-USDT,183.23,183.24,63.633349,23.74
2025-07-24T06:13:44.791246,ETH-USDT,3559.84,3559.85,1.926718,8.779763
2025-07-24T06:13:44.859968,BTC-USDT,117665.9,117666.0,1.65431137,0.00499218
2025-07-24T06:13:44.888162,SOL-USDT,183.23,183.24,63.970629,0.694
2025-07-24T06:13:44.908893,LTC-USDT,109.47,109.48,8.944643,3.467238
2025-07-24T06:13:44.949481,ETH-USDT,3559.84,3559.85,1.926718,8.769325
2025-07-24T06:13:44.991117,SOL-USDT,183.24,183.25,134.489582,6.896087
2025-07-24T06:13:45.050221,ETH-USDT,3559.84,3559.85,5.370094,4.2584
2025-07-24T06:13:45.050271,LTC-USDT,109.47,109.48,8.944643,0.71124
2025-07-24T06:13:45.099165,BTC-USDT,117665.9,117666.0,1.44507637,0.00499218
2025-07-24T06:13:45.146372,SOL-USDT,183.24,183.25,176.854384,1.166087
2025-07-24T06:13:45.175541,LTC-USDT,109.47,109.5,24.832311,343.820677
2025-07-24T06:13:45.191138,ETH-USDT,3559.84,3559.85,7.935094,1.528505
2025-07-24T06:13:45.211422,BTC-USDT,117665.9,117666.0,1.44431137,0.00499218
2025-07-24T06:13:45.274516,SOL-USDT,183.24,183.25,177.945818,1.166087
2025-07-24T06:13:45.284326,LTC-USDT,109.49,109.5,6.791287,343.805677
2025-07-24T06:13:45.305268,ETH-USDT,3559.84,3559.85,7.935094,0.017653
2025-07-24T06:13:45.307195,XRP-USDT,3.0736,3.0737,5151.98627,3.1e-05
2025-07-24T06:13:45.383067,SOL-USDT,183.24,183.25,182.125832,1.166087
2025-07-24T06:13:45.447521,XRP-USDT,3.0736,3.0737,5434.675192,3.1e-05
2025-07-24T06:13:45.487135,BTC-USDT,117667.9,117671.7,2.21543719,0.002
2025-07-24T06:13:45.488972,LTC-USDT,109.49,109.5,15.863658,343.805677
2025-07-24T06:13:45.532202,ETH-USDT,3559.84,3559.85,7.42506,0.017653
2025-07-24T06:13:45.586446,XRP-USDT,3.0736,3.0737,5463.010291,3.1e-05
2025-07-24T06:13:45.590177,LTC-USDT,109.49,109.5,15.863658,343.805677
2025-07-24T06:13:45.594841,BTC-USDT,117671.6,117671.7,1.62096534,0.00297837
2025-07-24T06:13:45.653709,ETH-USDT,3559.84,3559.85,7.42506,0.017653
2025-07-24T06:13:45.693193,XRP-USDT,3.0736,3.0737,5464.335638,3.1e-05
2025-07-24T06:13:45.717011,BTC-USDT,117671.6,117671.7,1.73997134,0.00297837
2025-07-24T06:13:45.737484,LTC-USDT,109.48,109.5,12.01367,343.805677
2025-07-24T06:13:45.778891,ETH-USDT,3559.84,3559.97,7.50506,0.17
2025-07-24T06:13:45.786431,SOL-USDT,183.25,183.27,198.744826,1.579938
2025-07-24T06:13:45.795663,XRP-USDT,3.0743,3.0744,7180.606665,1.0
2025-07-24T06:13:45.852518,BTC-USDT,117671.6,117671.7,1.73977134,0.00297837
2025-07-24T06:13:45.874195,LTC-USDT,109.48,109.49,5.862117,1.51659
2025-07-24T06:13:45.880708,ETH-USDT,3559.99,3560.0,21.070605,0.0001
2025-07-24T06:13:45.945997,SOL-USDT,183.26,183.27,229.315322,1.579938
2025-07-24T06:13:45.954683,XRP-USDT,3.0743,3.0744,4038.98627,1.0
2025-07-24T06:13:45.977374,ETH-USDT,3559.99,3560.0,5.410588,1.286124
2025-07-24T06:13:45.989226,BTC-USDT,117671.6,117671.7,1.65477034,0.00297837
2025-07-24T06:13:45.993216,LTC-USDT,109.48,109.5,5.862117,343.805677
2025-07-24T06:13:46.088143,ETH-USDT,3560.09,3560.1,13.885835,1.491274
2025-07-24T06:13:46.184060,XRP-USDT,3.0743,3.0744,3988.98627,570.9
2025-07-24T06:13:46.190893,ETH-USDT,3560.09,3560.1,11.320835,1.491274
2025-07-24T06:13:46.248512,LTC-USDT,109.48,109.5,10.428327,343.805677
2025-07-24T06:13:46.267701,BTC-USDT,117671.6,117671.7,1.65477034,0.00097837
2025-07-24T06:13:46.289925,XRP-USDT,3.0743,3.0744,3282.98627,570.9
2025-07-24T06:13:46.343765,SOL-USDT,183.26,183.27,233.495336,1.579938
2025-07-24T06:13:46.384275,BTC-USDT,117671.6,117671.7,1.65477034,0.00097837
2025-07-24T06:13:46.391386,XRP-USDT,3.074,3.0744,1.0,2078.272363
2025-07-24T06:13:46.395964,LTC-USDT,109.48,109.5,19.873666,329.304677
2025-07-24T06:13:46.455493,ETH-USDT,3560.09,3560.1,5.960499,3.075274
2025-07-24T06:13:46.455564,SOL-USDT,183.26,183.27,180.168692,16.355298
2025-07-24T06:13:46.486123,BTC-USDT,117671.6,117671.7,1.1094305,0.15856927
2025-07-24T06:13:46.507173,XRP-USDT,3.074,3.0741,1.0,3644.737067
2025-07-24T06:13:46.546001,LTC-USDT,109.48,109.5,15.307456,329.304677
2025-07-24T06:13:46.561942,ETH-USDT,3560.09,3560.1,1.337375,5.71452
2025-07-24T06:13:46.586322,SOL-USDT,183.26,183.27,181.261602,15.129938
2025-07-24T06:13:46.608224,BTC-USDT,117671.6,117671.7,0.71245449,0.28144969
2025-07-24T06:13:46.644946,XRP-USDT,3.074,3.0741,3283.98627,3829.400034
2025-07-24T06:13:46.689444,SOL-USDT,183.26,183.27,176.611638,15.129938
2025-07-24T06:13:46.743026,BTC-USDT,117671.6,117671.7,0.76245449,0.13067045
2025-07-24T06:13:46.751116,XRP-USDT,3.074,3.0741,3282.98627,927.172955
2025-07-24T06:13:46.754669,LTC-USDT,109.48,109.5,15.307456,321.879677
2025-07-24T06:13:46.778303,ETH-USDT,3560.09,3560.1,6.212321,3.06222
2025-07-24T06:13:46.796908,SOL-USDT,183.26,183.27,186.611638,1.579938
2025-07-24T06:13:46.859729,XRP-USDT,3.074,3.0741,3282.98627,50.0
2025-07-24T06:13:46.886453,LTC-USDT,109.49,109.5,17.438959,247.566189
2025-07-24T06:13:46.893439,ETH-USDT,3560.09,3560.1,6.212321,1.491274
2025-07-24T06:13:46.978487,XRP-USDT,3.074,3.0741,3282.98627,3355.672955
2025-07-24T06:13:46.989208,ETH-USDT,3560.09,3560.1,4.414375,2.999274
2025-07-24T06:13:46.991166,LTC-USDT,109.49,109.5,23.111534,155.084666
2025-07-24T06:13:47.052480,SOL-USDT,183.26,183.27,190.791652,1.579938
2025-07-24T06:13:47.084411,BTC-USDT,117671.6,117671.7,0.76445449,0.26744969
2025-07-24T06:13:47.085389,XRP-USDT,3.074,3.0741,400.0,3815.459225
2025-07-24T06:13:47.143596,ETH-USDT,3560.09,3560.1,1.337375,12.08388
2025-07-24T06:13:47.143649,LTC-USDT,109.49,109.5,5.861867,155.084666
2025-07-24T06:13:47.188136,SOL-USDT,183.26,183.27,186.541638,14.609938
2025-07-24T06:13:47.267356,ETH-USDT,3560.09,3560.1,1.228253,12.08388
2025-07-24T06:13:47.303042,SOL-USDT,183.26,183.27,180.721652,15.129938
2025-07-24T06:13:47.304820,BTC-USDT,117671.6,117671.7,0.76445449,0.32026988
2025-07-24T06:13:47.383937,ETH-USDT,3560.09,3560.1,1.228253,12.08388
2025-07-24T06:13:47.439015,XRP-USDT,3.074,3.0741,400.0,3355.672955
2025-07-24T06:13:47.454551,BTC-USDT,117671.6,117671.7,0.76245449,0.32026988
2025-07-24T06:13:47.545283,XRP-USDT,3.074,3.0741,1165.0,3355.672955
2025-07-24T06:13:47.578677,BTC-USDT,117671.6,117671.7,0.76245449,0.31978081
2025-07-24T06:13:47.656489,XRP-USDT,3.074,3.0741,859.78627,3355.672955
2025-07-24T06:13:47.682414,BTC-USDT,117671.6,117671.7,0.76245449,0.31829131
2025-07-24T06:13:47.682457,SOL-USDT,183.26,183.27,190.721652,8.479938
2025-07-24T06:13:47.746643,ETH-USDT,3560.09,3560.1,2.816253,1.491274
2025-07-24T06:13:47.780793,XRP-USDT,3.0743,3.0744,5166.759225,1.0
2025-07-24T06:13:47.786296,BTC-USDT,117671.6,117671.7,0.76245449,0.00581146
2025-07-24T06:13:47.788776,LTC-USDT,109.49,109.5,14.465598,154.645336
2025-07-24T06:13:47.788816,SOL-USDT,183.26,183.27,186.541638,11.999938
2025-07-24T06:13:47.879977,ETH-USDT,3560.09,3560.1,10.065923,1.491274
2025-07-24T06:13:47.880687,XRP-USDT,3.0743,3.0744,4922.759225,1.0
2025-07-24T06:13:47.891395,LTC-USDT,109.49,109.5,5.861867,154.645336
2025-07-24T06:13:47.987222,SOL-USDT,183.26,183.27,186.541638,11.609938
2025-07-24T06:13:48.098561,XRP-USDT,3.0743,3.0744,700.0,3902.875187
2025-07-24T06:13:48.144021,SOL-USDT,183.26,183.27,190.721652,2.099938
2025-07-24T06:13:48.249355,ETH-USDT,3560.09,3560.1,1.228253,5.402998
2025-07-24T06:13:48.256525,SOL-USDT,183.26,183.27,55.198291,58.293395
2025-07-24T06:13:48.256622,XRP-USDT,3.0743,3.0744,400.0,4608.875187
2025-07-24T06:13:48.346965,SOL-USDT,183.26,183.27,77.918291,2.805298
2025-07-24T06:13:48.378634,XRP-USDT,3.0743,3.0744,2713.08627,3349.218865
2025-07-24T06:13:48.380779,ETH-USDT,3560.09,3560.1,2.736253,3.738998
2025-07-24T06:13:48.481956,BTC-USDT,117671.6,117671.7,1.22907195,0.00581146
2025-07-24T06:13:48.482013,ETH-USDT,3560.09,3560.1,6.870305,3.944998
2025-07-24T06:13:48.485755,XRP-USDT,3.0743,3.0744,2713.08627,51.0
2025-07-24T06:13:48.489696,SOL-USDT,183.26,183.27,83.323665,1.579938
2025-07-24T06:13:48.585077,SOL-USDT,183.26,183.27,83.323665,2.429938
2025-07-24T06:13:48.597937,ETH-USDT,3560.09,3560.1,4.639251,3.944998
2025-07-24T06:13:48.685438,SOL-USDT,183.26,183.27,82.098305,9.329938
2025-07-24T06:13:48.685476,BTC-USDT,117671.6,117671.7,1.22907195,2.143e-05
2025-07-24T06:13:48.742762,XRP-USDT,3.0743,3.0744,3478.08627,620.9
2025-07-24T06:13:48.743382,ETH-USDT,3560.09,3560.1,4.225305,5.452998
2025-07-24T06:13:48.793584,BTC-USDT,117671.6,117671.7,1.19260771,2.143e-05
2025-07-24T06:13:48.847335,XRP-USDT,3.0749,3.075,1624.78627,3305.362955
2025-07-24T06:13:48.847989,ETH-USDT,3560.09,3560.1,13.047797,1.421052
2025-07-24T06:13:48.881179,LTC-USDT,109.49,109.5,29.349805,66.986764
2025-07-24T06:13:48.945680,SOL-USDT,183.26,183.27,99.398572,1.579938
2025-07-24T06:13:48.980069,XRP-USDT,3.0749,3.075,859.78627,3355.362955
2025-07-24T06:13:48.991155,LTC-USDT,109.49,109.5,31.633014,66.986764
2025-07-24T06:13:49.060734,SOL-USDT,183.26,183.27,99.398572,12.849938
2025-07-24T06:13:49.078772,BTC-USDT,117671.6,117671.8,1.19260771,0.010947
2025-07-24T06:13:49.082689,ETH-USDT,3560.09,3560.1,12.841797,1.421052
2025-07-24T06:13:49.096716,LTC-USDT,109.49,109.5,31.633014,64.031609
2025-07-24T06:13:49.099741,XRP-USDT,3.0749,3.075,400.0,3355.362955
2025-07-24T06:13:49.185760,BTC-USDT,117671.7,117671.8,1.91292041,0.01097866
2025-07-24T06:13:49.186859,SOL-USDT,183.26,183.27,99.398572,1.579938
2025-07-24T06:13:49.204150,XRP-USDT,3.0749,3.075,4047.98627,4171.32185
2025-07-24T06:13:49.212810,ETH-USDT,3560.23,3560.24,0.922,0.0028
2025-07-24T06:13:49.251005,LTC-USDT,109.51,109.53,15.270681,1.896591
2025-07-24T06:13:49.292690,SOL-USDT,183.26,183.27,95.218558,1.579938
2025-07-24T06:13:49.350105,ETH-USDT,3560.27,3560.28,22.475433,0.0001
2025-07-24T06:13:49.353563,LTC-USDT,109.53,109.54,5.861784,0.040927
2025-07-24T06:13:49.353614,XRP-USDT,3.0749,3.075,400.0,4171.32185
2025-07-24T06:13:49.410530,SOL-USDT,183.26,183.27,99.398572,1.579938
2025-07-24T06:13:49.452100,XRP-USDT,3.0749,3.075,859.78627,3610.248895
2025-07-24T06:13:49.539256,BTC-USDT,117671.7,117671.8,1.90770684,0.01119025
2025-07-24T06:13:49.544124,SOL-USDT,183.26,183.27,95.218558,1.579938
2025-07-24T06:13:49.582590,XRP-USDT,3.0749,3.075,400.0,3547.484157
2025-07-24T06:13:49.693946,XRP-USDT,3.0749,3.075,400.0,3351.045835
2025-07-24T06:13:49.694717,ETH-USDT,3560.27,3560.28,21.171974,0.0001
2025-07-24T06:13:49.761853,BTC-USDT,117671.7,117671.8,1.90770684,0.0060541
2025-07-24T06:13:49.790154,ETH-USDT,3560.27,3560.28,9.792652,1.866696
2025-07-24T06:13:49.800283,XRP-USDT,3.0749,3.075,400.0,2891.259565
2025-07-24T06:13:49.889759,BTC-USDT,117671.7,117671.8,1.90770684,0.0060541
2025-07-24T06:13:49.889833,SOL-USDT,183.26,183.27,95.431748,1.579938
2025-07-24T06:13:49.915823,ETH-USDT,3560.32,3560.33,18.305537,0.000718
2025-07-24T06:13:49.926225,XRP-USDT,3.0749,3.075,459.78627,2679.628322
2025-07-24T06:13:49.960806,LTC-USDT,109.53,109.54,15.235689,0.040927
2025-07-24T06:13:49.991044,SOL-USDT,183.26,183.27,99.611762,1.579938
2025-07-24T06:13:50.036336,XRP-USDT,3.0744,3.0745,1.0,3129.424592
2025-07-24T06:13:50.059163,ETH-USDT,3560.32,3560.33,10.889215,2.30665
2025-07-24T06:13:50.083551,LTC-USDT,109.52,109.54,10.508967,1.051987
2025-07-24T06:13:50.090051,BTC-USDT,117674.3,117674.4,1.42064194,0.01258685
2025-07-24T06:13:50.144936,XRP-USDT,3.0747,3.0748,2423.2,3302.44591
2025-07-24T06:13:50.145078,SOL-USDT,183.26,183.27,99.611762,11.999938
2025-07-24T06:13:50.191447,ETH-USDT,3560.32,3560.33,9.435082,3.776702
2025-07-24T06:13:50.206593,LTC-USDT,109.52,109.54,6.806094,0.040927
2025-07-24T06:13:50.249924,SOL-USDT,183.26,183.27,95.431748,1.579938
2025-07-24T06:13:50.254725,XRP-USDT,3.0748,3.0749,3521.759225,2905.561224
2025-07-24T06:13:50.295923,ETH-USDT,3560.32,3560.33,6.656082,3.776702
2025-07-24T06:13:50.307368,LTC-USDT,109.53,109.54,5.861784,0.040927
2025-07-24T06:13:50.341455,BTC-USDT,117674.3,117674.4,1.61135692,0.01301538
2025-07-24T06:13:50.388806,XRP-USDT,3.0748,3.0749,2712.08627,2803.689477
2025-07-24T06:13:50.389100,SOL-USDT,183.26,183.27,94.393208,11.089938
2025-07-24T06:13:50.457081,LTC-USDT,109.52,109.54,6.806094,0.040927
2025-07-24T06:13:50.491398,XRP-USDT,3.0748,3.0749,400.0,3079.57293
2025-07-24T06:13:50.535077,SOL-USDT,183.26,183.27,99.503972,1.579938
2025-07-24T06:13:50.565339,ETH-USDT,3560.32,3560.33,6.656082,3.925702
2025-07-24T06:13:50.594514,BTC-USDT,117674.3,117674.4,1.61535692,0.01301538
2025-07-24T06:13:50.636227,XRP-USDT,3.0748,3.0749,2252.3,3170.684962
2025-07-24T06:13:50.669464,SOL-USDT,183.26,183.27,89.503972,1.579938
2025-07-24T06:13:50.689864,ETH-USDT,3560.32,3560.33,6.656182,3.925702
2025-07-24T06:13:50.693483,LTC-USDT,109.53,109.54,5.861743,0.040927
2025-07-24T06:13:50.742331,XRP-USDT,3.0748,3.0749,400.0,3079.57293
2025-07-24T06:13:50.803447,SOL-USDT,183.26,183.27,85.323958,1.579938
2025-07-24T06:13:50.803493,LTC-USDT,109.53,109.54,0.911743,0.040927
2025-07-24T06:13:50.843945,ETH-USDT,3560.32,3560.33,6.656182,2.45565
2025-07-24T06:13:50.893814,XRP-USDT,3.0748,3.0749,400.0,2932.98627
2025-07-24T06:13:50.900938,LTC-USDT,109.53,109.54,5.861743,0.040927
2025-07-24T06:13:50.944535,SOL-USDT,183.26,183.27,85.323958,1.579938
2025-07-24T06:13:50.945904,ETH-USDT,3560.32,3560.33,8.656182,2.30665
2025-07-24T06:13:50.991279,BTC-USDT,117674.3,117674.4,1.61135692,0.01301538
2025-07-24T06:13:51.002426,XRP-USDT,3.0748,3.0749,2252.3,3013.202431
2025-07-24T06:13:51.051382,ETH-USDT,3560.32,3560.33,6.656182,2.30665
2025-07-24T06:13:51.053724,SOL-USDT,183.26,183.27,88.573222,11.999938
2025-07-24T06:13:51.105507,XRP-USDT,3.0748,3.0749,400.0,2875.05732
2025-07-24T06:13:51.144202,BTC-USDT,117674.3,117674.4,1.53463818,0.00042853
2025-07-24T06:13:51.179799,SOL-USDT,183.26,183.27,89.867442,11.999938
2025-07-24T06:13:51.188051,ETH-USDT,3560.32,3560.33,6.507182,3.790634
2025-07-24T06:13:51.244554,XRP-USDT,3.0748,3.0749,859.78627,3159.339714
2025-07-24T06:13:51.350820,BTC-USDT,117674.3,117674.4,1.53463818,0.0002254
2025-07-24T06:13:51.374830,XRP-USDT,3.0744,3.0749,2618.3,2932.98627
2025-07-24T06:13:51.456833,BTC-USDT,117675.8,117675.9,1.03300297,0.21678329
2025-07-24T06:13:51.489392,XRP-USDT,3.0741,3.0745,1.5,3554.869758
2025-07-24T06:13:51.501742,LTC-USDT,109.5,109.52,4.96,9.414822
2025-07-24T06:13:51.551231,ETH-USDT,3559.86,3559.87,0.15,19.763642
2025-07-24T06:13:51.579928,BTC-USDT,117675.8,117675.9,0.16108342,0.39989347
2025-07-24T06:13:51.587461,XRP-USDT,3.074,3.0741,1.0,4798.981053
2025-07-24T06:13:51.596275,SOL-USDT,183.26,183.27,27.647368,68.937315
2025-07-24T06:13:51.639402,LTC-USDT,109.49,109.51,0.911867,8.2
2025-07-24T06:13:51.657824,ETH-USDT,3559.86,3559.87,0.15,15.695605
2025-07-24T06:13:51.689918,XRP-USDT,3.074,3.0741,1.0,3837.359225
2025-07-24T06:13:51.716535,SOL-USDT,183.26,183.27,32.17776,14.383946
2025-07-24T06:13:51.751535,LTC-USDT,109.47,109.49,4.96,12.388751
2025-07-24T06:13:51.785285,ETH-USDT,3559.86,3559.87,1.457196,21.467945
2025-07-24T06:13:51.795137,BTC-USDT,117675.8,117675.9,0.08178342,0.71939347
2025-07-24T06:13:51.827296,XRP-USDT,3.0737,3.0738,1853.3,3322.94591
2025-07-24T06:13:51.839303,SOL-USDT,183.26,183.27,39.625238,14.383946
2025-07-24T06:13:51.852809,LTC-USDT,109.47,109.49,4.96,5.922161
2025-07-24T06:13:51.885938,ETH-USDT,3559.86,3559.87,1.174196,22.341055
2025-07-24T06:13:51.943249,SOL-USDT,183.26,183.27,1.00776,48.685556
2025-07-24T06:13:51.974624,XRP-USDT,3.073,3.0732,2703.972955,2423.2
2025-07-24T06:13:51.990717,ETH-USDT,3559.72,3559.87,0.0028,22.621964
2025-07-24T06:13:51.998661,LTC-USDT,109.46,109.48,4.96,4.455613
2025-07-24T06:13:52.050062,BTC-USDT,117675.8,117675.9,0.00830239,0.82245347
2025-07-24T06:13:52.081370,XRP-USDT,3.0732,3.0733,2423.2,3473.252998
2025-07-24T06:13:52.101678,ETH-USDT,3559.47,3559.48,3.390399,3.64583
2025-07-24T06:13:52.144581,LTC-USDT,109.47,109.49,4.980134,3.199541
2025-07-24T06:13:52.161571,BTC-USDT,117674.0,117675.9,0.0301,0.50295347
2025-07-24T06:13:52.182423,XRP-USDT,3.0732,3.0733,2882.98627,330.766151
2025-07-24T06:13:52.192318,SOL-USDT,183.26,183.27,53.098175,9.638586
2025-07-24T06:13:52.246189,LTC-USDT,109.48,109.5,4.95,11.524412
2025-07-24T06:13:52.250535,ETH-USDT,3559.86,3559.87,3.751,7.360036
2025-07-24T06:13:52.286125,BTC-USDT,117674.0,117674.1,0.1823,0.99445892
2025-07-24T06:13:52.286189,XRP-USDT,3.0733,3.0734,2882.98627,768.856748
2025-07-24T06:13:52.373392,ETH-USDT,3559.86,3559.87,4.344,7.360036
2025-07-24T06:13:52.385981,LTC-USDT,109.48,109.5,4.95,9.391423
2025-07-24T06:13:52.391505,XRP-USDT,3.0733,3.0734,2423.2,3192.056748
2025-07-24T06:13:52.443394,SOL-USDT,183.26,183.27,54.11208,20.919109
2025-07-24T06:13:52.443437,BTC-USDT,117672.0,117672.1,0.0904,0.8747982
2025-07-24T06:13:52.491814,XRP-USDT,3.0731,3.0732,2882.98627,3342.272955
2025-07-24T06:13:52.549784,BTC-USDT,117672.0,117672.1,0.1823,0.80712649
2025-07-24T06:13:52.549860,SOL-USDT,183.26,183.27,64.53208,20.919109
2025-07-24T06:13:52.585859,LTC-USDT,109.48,109.49,4.96,1.51659
2025-07-24T06:13:52.586719,ETH-USDT,3559.86,3559.87,4.344,6.792036
2025-07-24T06:13:52.649504,XRP-USDT,3.0733,3.0734,2423.2,2811.098529
2025-07-24T06:13:52.660697,BTC-USDT,117672.0,117672.1,0.1633,0.80712649
2025-07-24T06:13:52.780745,XRP-USDT,3.0732,3.0733,2423.2,600.312955
2025-07-24T06:13:52.780932,SOL-USDT,183.26,183.27,46.664145,23.619109
2025-07-24T06:13:52.787840,BTC-USDT,117670.0,117670.1,0.084,1.12497721
2025-07-24T06:13:52.845501,ETH-USDT,3559.86,3559.87,2.36243,6.792036
2025-07-24T06:13:52.845541,LTC-USDT,109.48,109.49,0.01,1.51659
2025-07-24T06:13:52.878223,SOL-USDT,183.26,183.27,47.155813,28.204272
2025-07-24T06:13:52.884030,BTC-USDT,117670.0,117670.1,0.0539,1.15681454
2025-07-24T06:13:52.888614,XRP-USDT,3.0731,3.0732,2423.2,2513.872955
2025-07-24T06:13:52.951700,ETH-USDT,3559.58,3559.59,0.0028,1.578494
2025-07-24T06:13:52.987548,SOL-USDT,183.26,183.27,4.063611,66.90684
2025-07-24T06:13:52.997809,XRP-USDT,3.073,3.0731,3139.216048,3347.872955
2025-07-24T06:13:53.048949,ETH-USDT,3559.5,3559.51,3.044104,2.34965
2025-07-24T06:13:53.055715,LTC-USDT,109.47,109.48,0.030134,6.235225
2025-07-24T06:13:53.090173,SOL-USDT,183.24,183.25,113.390349,30.195396
2025-07-24T06:13:53.093007,BTC-USDT,117668.3,117668.4,0.15762492,1.21450907
2025-07-24T06:13:53.098352,XRP-USDT,3.073,3.0731,301.0,3852.201875
2025-07-24T06:13:53.188188,LTC-USDT,109.47,109.48,0.942459,6.235225
2025-07-24T06:13:53.231181,XRP-USDT,3.073,3.0731,2324.359225,50.0
2025-07-24T06:13:53.239933,SOL-USDT,183.24,183.25,66.402447,42.174443
2025-07-24T06:13:53.240573,BTC-USDT,117668.3,117668.4,0.06572492,1.21450907
2025-07-24T06:13:53.287261,LTC-USDT,109.47,109.48,5.892459,0.906213
2025-07-24T06:13:53.291386,ETH-USDT,3559.5,3559.51,2.964104,7.836606
2025-07-24T06:13:53.360863,XRP-USDT,3.073,3.0731,1853.3,3491.82988
2025-07-24T06:13:53.371944,SOL-USDT,183.24,183.25,70.582461,42.158808
2025-07-24T06:13:53.391418,LTC-USDT,109.47,109.48,0.942459,1.917273
2025-07-24T06:13:53.438418,ETH-USDT,3559.5,3559.51,3.044104,4.350606
2025-07-24T06:13:53.481694,SOL-USDT,183.24,183.25,66.942447,25.574888
2025-07-24T06:13:53.484108,LTC-USDT,109.47,109.48,5.892459,0.906213
2025-07-24T06:13:53.485498,XRP-USDT,3.0731,3.0732,3816.659225,1634.013887
2025-07-24T06:13:53.492239,BTC-USDT,117668.3,117668.4,0.08472492,1.21450907
2025-07-24T06:13:53.543249,ETH-USDT,3559.47,3559.48,2.110268,12.492136
2025-07-24T06:13:53.581542,BTC-USDT,117668.3,117668.4,0.05932492,1.21450907
2025-07-24T06:13:53.586555,SOL-USDT,183.24,183.25,66.402447,54.161335
2025-07-24T06:13:53.586603,LTC-USDT,109.47,109.48,0.942459,1.917273
2025-07-24T06:13:53.590276,XRP-USDT,3.073,3.0732,1853.3,3315.994089
2025-07-24T06:13:53.648188,ETH-USDT,3559.47,3559.48,1.885587,12.492136
2025-07-24T06:13:53.694177,SOL-USDT,183.22,183.23,33.073329,51.615523
2025-07-24T06:13:53.708633,XRP-USDT,3.073,3.0731,460.78627,3358.172955
2025-07-24T06:13:53.748834,ETH-USDT,3559.33,3559.34,0.718,9.314524
2025-07-24T06:13:53.832840,SOL-USDT,183.22,183.23,52.079292,36.80036
2025-07-24T06:13:53.840811,BTC-USDT,117668.3,117668.4,0.16362492,1.33776907
2025-07-24T06:13:53.840856,LTC-USDT,109.46,109.47,0.01,2.42301
2025-07-24T06:13:53.845999,XRP-USDT,3.073,3.0731,1.0,4573.959225
2025-07-24T06:13:53.857052,ETH-USDT,3559.33,3559.34,4.340132,3.880592
2025-07-24T06:13:53.948129,XRP-USDT,3.073,3.0731,2883.98627,3408.172955
2025-07-24T06:13:53.957858,BTC-USDT,117668.3,117668.4,0.16362492,1.02470907
2025-07-24T06:13:53.962093,SOL-USDT,183.22,183.23,39.844871,13.66
2025-07-24T06:13:53.980063,ETH-USDT,3559.47,3559.48,14.372376,0.207
2025-07-24T06:13:53.992968,LTC-USDT,109.46,109.48,4.96,8.055
2025-07-24T06:13:54.064463,SOL-USDT,183.22,183.23,71.116551,14.1
2025-07-24T06:13:54.080255,XRP-USDT,3.0731,3.0732,3824.159225,1657.794089
2025-07-24T06:13:54.090350,LTC-USDT,109.46,109.48,0.01,8.055
2025-07-24T06:13:54.179653,SOL-USDT,183.22,183.23,72.341911,14.1
2025-07-24T06:13:54.195590,LTC-USDT,109.46,109.47,0.01,4.95
2025-07-24T06:13:54.201957,XRP-USDT,3.0731,3.0732,2423.2,3315.994089
2025-07-24T06:13:54.238444,BTC-USDT,117668.3,117668.4,0.19161792,1.02470907
2025-07-24T06:13:54.284094,SOL-USDT,183.22,183.23,79.790998,14.1
2025-07-24T06:13:54.309971,ETH-USDT,3559.48,3559.6,17.427904,0.19
2025-07-24T06:13:54.337088,XRP-USDT,3.0731,3.0732,2923.2,3677.949306
2025-07-24T06:13:54.347947,LTC-USDT,109.46,109.48,0.71124,8.055
2025-07-24T06:13:54.392153,SOL-USDT,183.23,183.24,77.31359,13.57
2025-07-24T06:13:54.420498,ETH-USDT,3559.59,3559.72,12.333857,0.05
2025-07-24T06:13:54.458409,XRP-USDT,3.073,3.0731,1.0,6047.615774
2025-07-24T06:13:54.460676,BTC-USDT,117668.3,117668.4,0.22339716,1.01870907
2025-07-24T06:13:54.524464,ETH-USDT,3559.91,3559.92,3.73879,6.538036
2025-07-24T06:13:54.554418,LTC-USDT,109.46,109.48,5.66124,0.025
2025-07-24T06:13:54.562031,BTC-USDT,117668.3,117668.4,0.29658145,0.77694124
2025-07-24T06:13:54.569950,XRP-USDT,3.073,3.0731,4082.84591,1247.737018
2025-07-24T06:13:54.641600,SOL-USDT,183.26,183.27,108.022687,11.728916
2025-07-24T06:13:54.645782,ETH-USDT,3559.91,3559.92,5.508826,1.446104
2025-07-24T06:13:54.684582,BTC-USDT,117668.3,117668.4,0.39355639,0.21406386
2025-07-24T06:13:54.684650,XRP-USDT,3.0733,3.0734,3371.04591,2423.2
2025-07-24T06:13:54.738597,SOL-USDT,183.26,183.27,57.543675,27.392689
2025-07-24T06:13:54.757663,ETH-USDT,3559.92,3559.93,12.102698,3.7896
2025-07-24T06:13:54.787276,LTC-USDT,109.46,109.48,6.573565,0.025
2025-07-24T06:13:54.787330,XRP-USDT,3.0732,3.0733,2423.2,3188.2
2025-07-24T06:13:54.869833,SOL-USDT,183.26,183.27,28.746988,40.092689
2025-07-24T06:13:54.889350,ETH-USDT,3559.92,3559.93,12.102698,5.234808
2025-07-24T06:13:54.889401,XRP-USDT,3.073,3.0731,3127.013975,3188.2
2025-07-24T06:13:54.896676,BTC-USDT,117668.3,117668.4,0.39355639,0.28839386
2025-07-24T06:13:54.983843,SOL-USDT,183.25,183.26,26.722344,41.328773
2025-07-24T06:13:54.987392,XRP-USDT,3.073,3.0731,3586.800245,2423.2
2025-07-24T06:13:54.988824,ETH-USDT,3559.92,3559.93,12.055089,3.034808
2025-07-24T06:13:55.043068,BTC-USDT,117668.3,117668.4,0.49661639,0.04105492
2025-07-24T06:13:55.086003,SOL-USDT,183.25,183.26,48.64383,12.455
2025-07-24T06:13:55.094530,ETH-USDT,3559.92,3559.93,8.760767,5.682808
2025-07-24T06:13:55.141607,XRP-USDT,3.0727,3.0728,1.325442,4145.14591
2025-07-24T06:13:55.190686,SOL-USDT,183.25,183.26,19.498722,33.828773
2025-07-24T06:13:55.242295,LTC-USDT,109.46,109.48,6.573565,4.975
2025-07-24T06:13:55.251667,ETH-USDT,3559.63,3559.64,5.6438,4.742312
2025-07-24T06:13:55.286063,XRP-USDT,3.0724,3.0725,686.0,2296.399487
2025-07-24T06:13:55.286103,BTC-USDT,117668.3,117668.4,0.50256639,0.09843734
2025-07-24T06:13:55.338799,SOL-USDT,183.25,183.26,22.461071,67.491341
2025-07-24T06:13:55.349977,ETH-USDT,3559.76,3559.77,5.28443,5.917036
2025-07-24T06:13:55.385285,XRP-USDT,3.0724,3.0725,686.0,2752.424
2025-07-24T06:13:55.441812,BTC-USDT,117668.3,117668.4,0.45950639,0.15233734
2025-07-24T06:13:55.448771,LTC-USDT,109.46,109.48,6.573565,0.025
2025-07-24T06:13:55.480683,ETH-USDT,3559.76,3559.77,5.28443,3.717036
2025-07-24T06:13:55.482265,SOL-USDT,183.25,183.26,32.881071,49.041341
2025-07-24T06:13:55.496125,XRP-USDT,3.0724,3.0725,386.0,2292.63773
2025-07-24T06:13:55.552863,LTC-USDT,109.46,109.48,1.623565,4.975
2025-07-24T06:13:55.590381,ETH-USDT,3559.76,3559.77,5.28763,5.917036
2025-07-24T06:13:55.590450,SOL-USDT,183.25,183.26,22.461071,49.041341
2025-07-24T06:13:55.646231,BTC-USDT,117668.3,117668.4,0.40350639,0.09843734
2025-07-24T06:13:55.647201,XRP-USDT,3.0723,3.0724,1.0,4652.83218
2025-07-24T06:13:55.681694,LTC-USDT,109.46,109.47,1.623565,4.95
2025-07-24T06:13:55.737957,SOL-USDT,183.25,183.26,7.447347,49.041341
2025-07-24T06:13:55.749707,BTC-USDT,117668.3,117668.4,0.39855639,0.15233734
2025-07-24T06:13:55.788016,XRP-USDT,3.0723,3.0724,1.0,5358.83218
2025-07-24T06:13:55.790480,ETH-USDT,3559.76,3559.77,3.77963,5.917036
2025-07-24T06:13:55.819804,LTC-USDT,109.46,109.48,1.623565,6.975
2025-07-24T06:13:55.843401,SOL-USDT,183.25,183.26,23.530616,49.041341
2025-07-24T06:13:55.873530,BTC-USDT,117668.3,117668.4,0.32740246,0.22636902
2025-07-24T06:13:55.889671,ETH-USDT,3559.76,3559.77,0.85763,7.422036
2025-07-24T06:13:55.951791,SOL-USDT,183.25,183.29,76.129571,86.604958
2025-07-24T06:13:55.988513,BTC-USDT,117668.3,117668.4,0.31182738,0.22679394
2025-07-24T06:13:56.013318,ETH-USDT,3560.18,3560.19,1.718742,0.2906
2025-07-24T06:13:56.014124,XRP-USDT,3.0724,3.0726,2423.2,3236.66494
2025-07-24T06:13:56.056633,LTC-USDT,109.47,109.48,8.03236,0.01
2025-07-24T06:13:56.076933,SOL-USDT,183.35,183.37,46.679201,40.467145
2025-07-24T06:13:56.093405,BTC-USDT,117668.3,117668.4,0.73438738,0.03547984
2025-07-24T06:13:56.118776,XRP-USDT,3.0727,3.0728,4267.87809,2423.2
2025-07-24T06:13:56.120230,ETH-USDT,3560.25,3560.26,1.26459,5.912832
2025-07-24T06:13:56.163427,LTC-USDT,109.47,109.48,14.844014,0.01
2025-07-24T06:13:56.180557,SOL-USDT,183.33,183.35,96.994366,102.778801
2025-07-24T06:13:56.245335,BTC-USDT,117668.3,117668.4,0.84712225,0.03547984
2025-07-24T06:13:56.245387,ETH-USDT,3560.25,3560.26,0.28643,8.489132
2025-07-24T06:13:56.246686,XRP-USDT,3.0726,3.0727,3995.98627,570.9
2025-07-24T06:13:56.340345,SOL-USDT,183.32,183.33,15.000975,55.19657
2025-07-24T06:13:56.348980,ETH-USDT,3560.25,3560.26,2.917,7.420832
2025-07-24T06:13:56.356650,BTC-USDT,117668.3,117668.4,1.05712225,0.03547984
2025-07-24T06:13:56.472233,ETH-USDT,3560.0,3560.01,4.933204,7.983224
2025-07-24T06:13:56.481169,SOL-USDT,183.28,183.31,47.761709,99.474529
2025-07-24T06:13:56.481214,XRP-USDT,3.0725,3.0727,400.0,2545.920684
2025-07-24T06:13:56.485161,BTC-USDT,117668.3,117668.4,0.73762225,0.03547984
2025-07-24T06:13:56.518242,LTC-USDT,109.47,109.48,0.912242,4.96
2025-07-24T06:13:56.580415,ETH-USDT,3560.0,3560.01,0.0001,10.05783
2025-07-24T06:13:56.580646,SOL-USDT,183.26,183.27,54.95141,22.875
2025-07-24T06:13:56.582592,BTC-USDT,117668.3,117668.4,0.62488738,0.24589076
2025-07-24T06:13:56.593043,XRP-USDT,3.072,3.0724,1.0,6146.768195
2025-07-24T06:13:56.637943,LTC-USDT,109.46,109.48,15.81124,6.96
2025-07-24T06:13:56.680953,SOL-USDT,183.26,183.27,94.532502,17.14536
2025-07-24T06:13:56.682059,ETH-USDT,3560.0,3560.01,0.0001,10.26383
2025-07-24T06:13:56.687711,BTC-USDT,117668.3,117668.4,0.29415021,0.24589076
2025-07-24T06:13:56.743086,XRP-USDT,3.0716,3.0717,1.0,3625.253462
2025-07-24T06:13:56.746414,LTC-USDT,109.45,109.46,0.912533,16.62659
2025-07-24T06:13:56.782128,SOL-USDT,183.2,183.22,18.722575,15.417452
2025-07-24T06:13:56.784135,ETH-USDT,3559.5,3559.51,7.25234,1.678336
2025-07-24T06:13:56.793553,BTC-USDT,117668.3,117668.4,0.05339986,0.58377076
2025-07-24T06:13:56.848321,LTC-USDT,109.42,109.45,2.294669,15.845373
2025-07-24T06:13:56.865315,XRP-USDT,3.071,3.0711,1853.3,3367.64591
2025-07-24T06:13:56.886227,SOL-USDT,183.2,183.21,1.36335,108.03674
2025-07-24T06:13:56.888342,ETH-USDT,3559.33,3559.34,7.153132,0.200176
2025-07-24T06:13:56.988450,LTC-USDT,109.42,109.45,4.96,15.845373
2025-07-24T06:13:56.988508,XRP-USDT,3.0706,3.071,713.0,4729.879378
2025-07-24T06:13:57.013429,ETH-USDT,3559.5,3559.51,4.464132,6.218948
2025-07-24T06:13:57.044062,SOL-USDT,183.16,183.17,31.78,15.05437
2025-07-24T06:13:57.044853,BTC-USDT,117662.0,117662.1,0.1569,0.61406428
2025-07-24T06:13:57.082714,LTC-USDT,109.42,109.43,0.01,4.95
2025-07-24T06:13:57.089361,XRP-USDT,3.0704,3.0705,1574.292311,3988.638471
2025-07-24T06:13:57.128538,ETH-USDT,3559.49,3559.5,3.740932,4.364336
2025-07-24T06:13:57.148117,SOL-USDT,183.18,183.19,9.305,36.219844
2025-07-24T06:13:57.194181,BTC-USDT,117662.0,117662.1,0.20843788,0.60005064
2025-07-24T06:13:57.194235,XRP-USDT,3.0702,3.0703,3793.08627,2423.2
2025-07-24T06:13:57.194274,LTC-USDT,109.42,109.44,5.872783,5.631786
2025-07-24T06:13:57.245394,ETH-USDT,3559.64,3559.65,4.556678,1.505
2025-07-24T06:13:57.285183,SOL-USDT,183.18,183.19,100.853943,1.22536
2025-07-24T06:13:57.291840,BTC-USDT,117662.0,117662.6,0.95100992,0.04796911
2025-07-24T06:13:57.292175,XRP-USDT,3.0708,3.071,3238.2,5701.668515
2025-07-24T06:13:57.347515,LTC-USDT,109.42,109.46,13.121459,9.703855
2025-07-24T06:13:57.353891,ETH-USDT,3559.64,3559.65,4.138746,3.932036
2025-07-24T06:13:57.388195,SOL-USDT,183.2,183.21,49.53294,15.97
2025-07-24T06:13:57.448538,LTC-USDT,109.44,109.46,7.125897,0.015
2025-07-24T06:13:57.455050,XRP-USDT,3.0706,3.0708,3863.16,935.34591
2025-07-24T06:13:57.485340,ETH-USDT,3559.64,3559.65,4.464678,3.932036
2025-07-24T06:13:57.499121,SOL-USDT,183.2,183.21,41.325,47.551587
2025-07-24T06:13:57.534011,BTC-USDT,117665.1,117665.2,0.98711456,0.02495648
2025-07-24T06:13:57.561959,XRP-USDT,3.0707,3.0708,3188.2,1297.301126
2025-07-24T06:13:57.581940,ETH-USDT,3559.76,3559.77,0.9188,0.02
2025-07-24T06:13:57.693903,SOL-USDT,183.2,183.21,41.325,27.875251
2025-07-24T06:13:57.693957,XRP-USDT,3.0706,3.0707,3901.2,935.84591
2025-07-24T06:13:57.693992,ETH-USDT,3559.76,3559.77,4.840892,0.02
2025-07-24T06:13:57.694028,LTC-USDT,109.44,109.47,7.125897,11.655129
2025-07-24T06:13:57.795835,BTC-USDT,117665.1,117665.2,0.98711456,0.02468368
2025-07-24T06:13:57.795895,XRP-USDT,3.0707,3.0708,3188.2,336.955216
2025-07-24T06:13:57.854075,LTC-USDT,109.47,109.48,3.08236,1.360471
2025-07-24T06:13:57.888376,BTC-USDT,117665.9,117666.1,2.11986749,0.00849432
2025-07-24T06:13:57.889689,SOL-USDT,183.22,183.23,51.02691,50.296504
2025-07-24T06:13:57.899122,ETH-USDT,3559.99,3560.0,11.514344,0.0001
2025-07-24T06:13:57.899164,XRP-USDT,3.0707,3.0709,3188.2,1.0
2025-07-24T06:13:57.949501,LTC-USDT,109.47,109.48,8.03236,1.360471
2025-07-24T06:13:58.041649,BTC-USDT,117668.6,117668.7,1.7394681,0.02423742
2025-07-24T06:13:58.042407,SOL-USDT,183.24,183.25,70.021364,23.19445
2025-07-24T06:13:58.049068,XRP-USDT,3.0712,3.0713,2423.2,3380.24591
2025-07-24T06:13:58.049112,ETH-USDT,3560.25,3560.26,8.16386,0.058834
2025-07-24T06:13:58.051773,LTC-USDT,109.49,109.5,4.531659,0.025
2025-07-24T06:13:58.158127,BTC-USDT,117671.7,117671.8,1.25481492,0.0003302
2025-07-24T06:13:58.158174,SOL-USDT,183.24,183.25,39.47319,13.43445
2025-07-24T06:13:58.218243,XRP-USDT,3.0712,3.0713,2423.2,2423.2
2025-07-24T06:13:58.218272,LTC-USDT,109.49,109.5,1.816666,0.01
2025-07-24T06:13:58.263438,ETH-USDT,3560.25,3560.26,6.65586,2.134834
2025-07-24T06:13:58.293192,XRP-USDT,3.0709,3.0714,1.0,3497.61801
2025-07-24T06:13:58.293229,BTC-USDT,117671.9,117672.0,1.337463,0.03205811
2025-07-24T06:13:58.293266,LTC-USDT,109.49,109.5,3.08236,4.96
2025-07-24T06:13:58.293305,SOL-USDT,183.24,183.25,39.47319,23.73445
2025-07-24T06:13:58.396787,ETH-USDT,3560.25,3560.26,6.255218,6.533766
2025-07-24T06:13:58.396828,SOL-USDT,183.24,183.25,30.57,24.95981
2025-07-24T06:13:58.461271,XRP-USDT,3.0704,3.071,65.08175,5511.301802
2025-07-24T06:13:58.461311,LTC-USDT,109.48,109.49,0.01,6.95
2025-07-24T06:13:58.511016,ETH-USDT,3560.0,3560.01,3.840404,4.239882
2025-07-24T06:13:58.572795,BTC-USDT,117671.9,117672.0,1.25123726,0.0731955
2025-07-24T06:13:58.577548,SOL-USDT,183.23,183.24,58.175978,87.072415
2025-07-24T06:13:58.577605,XRP-USDT,3.0702,3.0703,1.0,5485.629155
2025-07-24T06:13:58.647775,SOL-USDT,183.23,183.24,58.150969,67.347415
2025-07-24T06:13:58.650159,XRP-USDT,3.0702,3.0703,1.0,5788.584372
2025-07-24T06:13:58.650974,BTC-USDT,117671.9,117672.0,0.73257591,0.32410642
2025-07-24T06:13:58.687230,LTC-USDT,109.46,109.47,0.01,1.51659
2025-07-24T06:13:58.694417,ETH-USDT,3560.0,3560.01,0.0001,6.670726
2025-07-24T06:13:58.778088,BTC-USDT,117671.9,117672.0,0.68257591,0.32410642
2025-07-24T06:13:58.781232,SOL-USDT,183.23,183.24,57.830969,66.213095
2025-07-24T06:13:58.796168,LTC-USDT,109.46,109.47,0.01,6.95
2025-07-24T06:13:58.881900,XRP-USDT,3.0702,3.0703,1.0,5835.584372
2025-07-24T06:13:58.884371,SOL-USDT,183.23,183.24,57.830969,76.213095
2025-07-24T06:13:58.957632,LTC-USDT,109.46,109.47,0.01,11.5382
2025-07-24T06:13:58.972367,ETH-USDT,3559.86,3560.01,0.0028,7.416246
2025-07-24T06:13:58.985558,BTC-USDT,117671.9,117672.0,0.57951591,0.32410642
2025-07-24T06:13:59.088341,ETH-USDT,3559.7,3559.71,10.258236,2.418082
2025-07-24T06:13:59.141195,BTC-USDT,117671.9,117672.0,0.68257591,0.21010642
2025-07-24T06:13:59.141235,SOL-USDT,183.23,183.24,39.700969,76.213095
2025-07-24T06:13:59.287053,SOL-USDT,183.23,183.24,58.150969,76.213095
2025-07-24T06:13:59.297853,ETH-USDT,3559.71,3559.74,20.276263,0.2
2025-07-24T06:13:59.310156,LTC-USDT,109.46,109.47,0.040013,11.5382
2025-07-24T06:13:59.385535,SOL-USDT,183.23,183.24,62.076329,15.08
2025-07-24T06:13:59.387444,LTC-USDT,109.46,109.48,4.990013,2.711786
2025-07-24T06:13:59.397073,ETH-USDT,3559.99,3560.0,5.973676,1.394204
2025-07-24T06:13:59.397105,XRP-USDT,3.0702,3.0703,3648.98627,1290.352192
2025-07-24T06:13:59.493850,BTC-USDT,117671.9,117672.0,0.68257591,0.11212718
2025-07-24T06:13:59.506995,SOL-USDT,183.24,183.26,274.73776,0.108125
2025-07-24T06:13:59.507056,ETH-USDT,3559.99,3560.04,5.973676,0.2
2025-07-24T06:13:59.508388,LTC-USDT,109.46,109.48,9.55629,0.01
2025-07-24T06:13:59.508427,XRP-USDT,3.0704,3.0705,4360.98627,567.9
2025-07-24T06:13:59.589250,BTC-USDT,117671.9,117672.0,0.73257591,0.11212718
2025-07-24T06:13:59.589615,SOL-USDT,183.25,183.26,153.015175,0.108125
2025-07-24T06:13:59.611257,XRP-USDT,3.0708,3.0709,5804.83218,1.0
2025-07-24T06:13:59.611331,ETH-USDT,3560.25,3560.26,2.029408,10.170274
2025-07-24T06:13:59.751693,BTC-USDT,117671.9,117672.0,0.94257591,0.11167606
2025-07-24T06:13:59.751774,ETH-USDT,3560.25,3560.26,4.38325,2.153974
2025-07-24T06:13:59.751809,LTC-USDT,109.46,109.48,9.55629,0.01
2025-07-24T06:13:59.762308,XRP-USDT,3.0708,3.0709,5717.642756,1.0
2025-07-24T06:13:59.874412,LTC-USDT,109.46,109.48,9.55629,4.96
2025-07-24T06:13:59.880612,SOL-USDT,183.26,183.29,221.895835,13.03
2025-07-24T06:13:59.958042,BTC-USDT,117671.9,117672.0,0.89857591,0.0019955
2025-07-24T06:13:59.989748,ETH-USDT,3560.87,3560.88,1.749534,7e-06
2025-07-24T06:13:59.994302,SOL-USDT,183.31,183.32,17.018376,2.638125
2025-07-24T06:13:59.994355,LTC-USDT,109.46,109.48,9.54629,0.01
2025-07-24T06:13:59.995460,XRP-USDT,3.0708,3.0714,6117.045054,1.5
2025-07-24T06:14:00.064252,BTC-USDT,117677.9,117678.0,1.24242976,0.00164095
2025-07-24T06:14:00.088052,ETH-USDT,3561.13,3561.2,5.029846,0.000283
2025-07-24T06:14:00.095429,LTC-USDT,109.47,109.48,8.252025,0.01
2025-07-24T06:14:00.095485,SOL-USDT,183.31,183.33,103.62502,10.0
2025-07-24T06:14:00.095522,XRP-USDT,3.0715,3.0716,5936.43218,1.0
2025-07-24T06:14:00.180478,BTC-USDT,117677.9,117678.0,1.99474669,0.00225012
2025-07-24T06:14:00.193906,ETH-USDT,3561.39,3561.4,1.251583,5.688144
2025-07-24T06:14:00.193965,LTC-USDT,109.47,109.48,14.498702,0.01
2025-07-24T06:14:00.232464,SOL-USDT,183.32,183.34,38.242651,65.101831
2025-07-24T06:14:00.288607,BTC-USDT,117677.9,117680.0,1.78474669,0.03067805
2025-07-24T06:14:00.295470,LTC-USDT,109.47,109.48,8.252025,0.01
2025-07-24T06:14:00.325758,XRP-USDT,3.0711,3.0712,1000.0,4894.54591
2025-07-24T06:14:00.356974,ETH-USDT,3560.84,3560.85,7.146154,2.984186
2025-07-24T06:14:00.359973,SOL-USDT,183.3,183.31,19.156594,120.770132
2025-07-24T06:14:00.395283,LTC-USDT,109.46,109.48,2.830013,4.95
2025-07-24T06:14:00.396437,BTC-USDT,117680.2,117680.3,1.8963802,0.03509559
2025-07-24T06:14:00.433472,XRP-USDT,3.0709,3.071,2423.2,4596.089039
2025-07-24T06:14:00.474772,SOL-USDT,183.29,183.3,35.67005,94.107415
2025-07-24T06:14:00.485179,ETH-USDT,3560.84,3560.85,7.984725,1.488104
2025-07-24T06:14:00.549714,LTC-USDT,109.46,109.47,0.030013,4.95
2025-07-24T06:14:00.557178,XRP-USDT,3.0702,3.0704,1454.1,4177.68364
2025-07-24T06:14:00.558037,BTC-USDT,117680.2,117680.3,1.74568796,0.01005126
2025-07-24T06:14:00.589247,SOL-USDT,183.29,183.3,35.67005,93.438744
2025-07-24T06:14:00.598480,ETH-USDT,3560.84,3560.85,0.669237,5.364336
2025-07-24T06:14:00.661175,BTC-USDT,117680.2,117680.3,1.73301196,0.1167305
2025-07-24T06:14:00.661214,XRP-USDT,3.0702,3.0703,1.0,3361.267957
2025-07-24T06:14:00.705117,ETH-USDT,3560.7,3560.71,4.159932,6.043898
2025-07-24T06:14:00.788940,XRP-USDT,3.0702,3.0703,701.0,3361.267957
2025-07-24T06:14:00.788990,BTC-USDT,117680.2,117680.3,1.66641623,0.1167305
2025-07-24T06:14:00.803400,SOL-USDT,183.29,183.3,35.67005,93.535927
2025-07-24T06:14:00.817299,ETH-USDT,3560.45,3560.46,12.895619,1.2358
2025-07-24T06:14:00.904260,XRP-USDT,3.0707,3.071,644.158496,2514.904094
2025-07-24T06:14:00.904299,LTC-USDT,109.46,109.47,0.030013,7.59
2025-07-24T06:14:00.931963,ETH-USDT,3560.85,3560.86,10.497676,0.0002
2025-07-24T06:14:00.961592,SOL-USDT,183.29,183.3,67.45005,53.111607
2025-07-24T06:14:00.961616,BTC-USDT,117680.2,117680.3,1.66641623,0.01005126
2025-07-24T06:14:01.008732,XRP-USDT,3.071,3.0714,713.0,765.0
2025-07-24T06:14:01.008786,LTC-USDT,109.46,109.48,4.980013,9.04745
2025-07-24T06:14:01.050129,ETH-USDT,3560.85,3560.86,10.27304,0.0002
2025-07-24T06:14:01.063485,SOL-USDT,183.29,183.3,33.315507,59.011607
2025-07-24T06:14:01.124410,XRP-USDT,3.0709,3.071,1.0,1736.903871
2025-07-24T06:14:01.148378,LTC-USDT,109.46,109.48,0.030013,9.066639
2025-07-24T06:14:01.148777,ETH-USDT,3560.85,3560.86,3.053686,6.962304
2025-07-24T06:14:01.178780,BTC-USDT,117681.9,117682.0,1.32346872,0.02404652
2025-07-24T06:14:01.181355,SOL-USDT,183.29,183.3,33.315507,69.011607
2025-07-24T06:14:01.265520,XRP-USDT,3.0708,3.071,3411.567957,3430.200387
2025-07-24T06:14:01.276959,ETH-USDT,3560.85,3560.86,0.568,4.397304
2025-07-24T06:14:01.277269,LTC-USDT,109.46,109.48,0.030013,0.015
2025-07-24T06:14:01.298476,SOL-USDT,183.29,183.3,43.735507,56.823608
2025-07-24T06:14:01.299221,BTC-USDT,117681.9,117684.0,1.32346872,0.03205811
2025-07-24T06:14:01.378575,ETH-USDT,3560.71,3560.72,2.076,9.410136
2025-07-24T06:14:01.380467,XRP-USDT,3.071,3.0711,1000.0,3299.867957
2025-07-24T06:14:01.387045,SOL-USDT,183.29,183.32,65.095507,2.6115
2025-07-24T06:14:01.387347,BTC-USDT,117683.9,117684.0,1.58469867,0.03239703
2025-07-24T06:14:01.397139,LTC-USDT,109.46,109.48,7.04923,0.015
2025-07-24T06:14:01.486413,BTC-USDT,117683.9,117684.0,1.58469867,0.00229703
2025-07-24T06:14:01.489492,XRP-USDT,3.0715,3.0716,932.667957,709.80495
2025-07-24T06:14:01.489571,ETH-USDT,3560.71,3560.72,6.714932,1.324104
2025-07-24T06:14:01.490273,SOL-USDT,183.31,183.32,42.164828,2.8515
2025-07-24T06:14:01.509181,LTC-USDT,109.48,109.5,4.95,0.025
2025-07-24T06:14:01.603302,ETH-USDT,3560.79,3560.8,8.99698,0.025
2025-07-24T06:14:01.603337,SOL-USDT,183.33,183.34,51.890291,14.631115
2025-07-24T06:14:01.603371,XRP-USDT,3.0715,3.0716,4536.29398,1.0
2025-07-24T06:14:01.603402,BTC-USDT,117687.9,117688.0,1.59091228,0.03041716
2025-07-24T06:14:01.704376,ETH-USDT,3560.83,3560.84,0.922,0.05
2025-07-24T06:14:01.704620,BTC-USDT,117687.9,117688.0,1.43025582,0.03041716
2025-07-24T06:14:01.706011,SOL-USDT,183.33,183.34,46.338931,57.088062
2025-07-24T06:14:01.726573,LTC-USDT,109.49,109.5,4.95,0.01
2025-07-24T06:14:01.801919,BTC-USDT,117689.8,117689.9,1.61993268,0.01
2025-07-24T06:14:01.802779,SOL-USDT,183.35,183.37,111.051471,34.908534
2025-07-24T06:14:01.847705,ETH-USDT,3561.1,3561.11,8.505238,0.15
2025-07-24T06:14:01.851936,LTC-USDT,109.5,109.51,20.082382,0.01
2025-07-24T06:14:01.851987,XRP-USDT,3.0721,3.0723,3364.36,3189.2
2025-07-24T06:14:01.947298,SOL-USDT,183.35,183.36,52.783795,46.908652
2025-07-24T06:14:01.948518,BTC-USDT,117689.8,117689.9,1.66660168,0.01
2025-07-24T06:14:01.954525,XRP-USDT,3.0721,3.0722,1452.1,2423.2
2025-07-24T06:14:01.969382,ETH-USDT,3561.1,3561.11,9.82788,0.15
2025-07-24T06:14:01.982431,LTC-USDT,109.5,109.51,20.302047,0.01
2025-07-24T06:14:02.063927,SOL-USDT,183.35,183.36,64.066818,15.08
2025-07-24T06:14:02.078489,XRP-USDT,3.0722,3.0723,3810.654227,1.0
2025-07-24T06:14:02.087383,LTC-USDT,109.5,109.51,19.39359,0.01
2025-07-24T06:14:02.180970,ETH-USDT,3561.1,3561.11,7.467227,3.595932
2025-07-24T06:14:02.181810,XRP-USDT,3.072,3.0721,3137.2,395.53226
2025-07-24T06:14:02.184247,SOL-USDT,183.35,183.36,64.066818,25.5
2025-07-24T06:14:02.194031,LTC-USDT,109.5,109.51,20.933875,0.01
2025-07-24T06:14:02.194060,BTC-USDT,117689.8,117689.9,1.67660168,0.01100678
2025-07-24T06:14:02.284497,SOL-USDT,183.35,183.36,71.276766,25.5
2025-07-24T06:14:02.284545,XRP-USDT,3.072,3.0721,1.0,3080.7524
2025-07-24T06:14:02.286701,ETH-USDT,3561.1,3561.11,2.677,6.066932
2025-07-24T06:14:02.290596,LTC-USDT,109.5,109.51,20.025418,0.01
2025-07-24T06:14:02.343038,BTC-USDT,117689.8,117689.9,1.66392568,0.2535177
2025-07-24T06:14:02.391048,SOL-USDT,183.37,183.38,50.197967,56.428157
2025-07-24T06:14:02.403238,ETH-USDT,3561.1,3561.11,7.69162,0.15
2025-07-24T06:14:02.404926,XRP-USDT,3.0723,3.0726,7082.627407,1.5
2025-07-24T06:14:02.442767,LTC-USDT,109.5,109.51,20.245083,0.01
2025-07-24T06:14:02.493200,SOL-USDT,183.37,183.38,46.226889,75.117253
2025-07-24T06:14:02.500471,BTC-USDT,117689.8,117689.9,1.66373469,0.09103846
2025-07-24T06:14:02.541959,ETH-USDT,3561.1,3561.11,7.69162,0.15
2025-07-24T06:14:02.553531,XRP-USDT,3.0726,3.0727,3188.2,1572.319914
2025-07-24T06:14:02.622152,SOL-USDT,183.37,183.38,40.611228,28.762024
2025-07-24T06:14:02.651332,XRP-USDT,3.0728,3.0729,3695.154227,1.5
2025-07-24T06:14:02.663746,ETH-USDT,3561.37,3561.38,14.362692,0.2897
2025-07-24T06:14:02.695375,LTC-USDT,109.5,109.51,26.577276,0.01
2025-07-24T06:14:02.736014,SOL-USDT,183.37,183.38,40.611228,27.816201
2025-07-24T06:14:02.740298,BTC-USDT,117689.8,117689.9,1.66373469,0.08503846
2025-07-24T06:14:02.754193,XRP-USDT,3.0728,3.0729,2423.2,2138.727589
2025-07-24T06:14:02.778075,ETH-USDT,3561.56,3561.69,8.048756,0.156
2025-07-24T06:14:02.841496,SOL-USDT,183.37,183.38,49.243821,29.041561
2025-07-24T06:14:02.845956,BTC-USDT,117689.8,117689.9,1.66373469,0.11074782
2025-07-24T06:14:02.887121,XRP-USDT,3.0728,3.0729,3188.2,1893.467957
2025-07-24T06:14:02.887943,ETH-USDT,3561.68,3561.69,7.295349,3.315036
2025-07-24T06:14:02.945486,SOL-USDT,183.37,183.38,55.919504,39.161561
2025-07-24T06:14:03.045152,ETH-USDT,3561.68,3561.69,0.922,5.786036
2025-07-24T06:14:03.047958,XRP-USDT,3.0724,3.0725,2235.169526,2910.067957
2025-07-24T06:14:03.055072,SOL-USDT,183.37,183.38,50.071522,39.161561
2025-07-24T06:14:03.055155,BTC-USDT,117689.8,117689.9,1.66373469,0.20502706
2025-07-24T06:14:03.144936,LTC-USDT,109.5,109.51,26.574817,0.701277
2025-07-24T06:14:03.144999,XRP-USDT,3.0724,3.0725,3136.2,2910.067957
2025-07-24T06:14:03.150733,SOL-USDT,183.37,183.38,50.387532,27.936201
2025-07-24T06:14:03.154715,BTC-USDT,117689.8,117689.9,1.66373469,0.24612706
2025-07-24T06:14:03.172216,ETH-USDT,3561.61,3561.62,2.185046,8.384338
2025-07-24T06:14:03.274464,LTC-USDT,109.51,109.52,4.95,0.01
2025-07-24T06:14:03.277979,ETH-USDT,3561.61,3561.62,2.076,6.396338
2025-07-24T06:14:03.278600,XRP-USDT,3.0725,3.0726,2423.2,1628.439418
2025-07-24T06:14:03.280556,SOL-USDT,183.37,183.38,50.387532,27.816201
2025-07-24T06:14:03.287039,BTC-USDT,117689.8,117689.9,1.66373469,0.20502706
2025-07-24T06:14:03.380785,BTC-USDT,117689.8,117689.9,1.66973469,0.11074782
2025-07-24T06:14:03.382027,XRP-USDT,3.0726,3.0727,664.006095,3349.367957
2025-07-24T06:14:03.388936,ETH-USDT,3561.61,3561.62,7.365437,6.30873
2025-07-24T06:14:03.395361,LTC-USDT,109.51,109.52,16.594721,0.01
2025-07-24T06:14:03.482945,ETH-USDT,3561.42,3561.48,0.109024,6.672542
2025-07-24T06:14:03.484224,XRP-USDT,3.0727,3.0729,2423.2,1876.765341
2025-07-24T06:14:03.487583,SOL-USDT,183.37,183.38,48.740861,45.42452
2025-07-24T06:14:03.507537,LTC-USDT,109.51,109.52,21.157638,0.01
2025-07-24T06:14:03.588439,BTC-USDT,117689.8,117689.9,1.31204931,0.45212227
2025-07-24T06:14:03.588706,ETH-USDT,3561.42,3561.43,1.508,7.889887
2025-07-24T06:14:03.589087,XRP-USDT,3.0727,3.0728,2423.2,4074.867957
2025-07-24T06:14:03.593300,SOL-USDT,183.38,183.4,148.544489,1.870986
2025-07-24T06:14:03.642502,LTC-USDT,109.51,109.52,23.797316,0.01
2025-07-24T06:14:03.688556,ETH-USDT,3561.42,3561.43,2.597454,5.806796
2025-07-24T06:14:03.692141,SOL-USDT,183.39,183.4,99.922494,1.870986
2025-07-24T06:14:03.742379,BTC-USDT,117689.8,117689.9,1.31204931,0.11074782
2025-07-24T06:14:03.789431,ETH-USDT,3561.42,3561.43,4.597454,5.60662
2025-07-24T06:14:03.791983,XRP-USDT,3.0728,3.0729,4513.84,946.135914
2025-07-24T06:14:03.797596,SOL-USDT,183.4,183.41,40.403642,2.437843
2025-07-24T06:14:03.880409,LTC-USDT,109.51,109.54,23.577651,0.040927
2025-07-24T06:14:03.893496,ETH-USDT,3561.62,3561.63,15.089987,1.306204
2025-07-24T06:14:03.907497,SOL-USDT,183.46,183.47,101.940876,15.703278
2025-07-24T06:14:03.976677,BTC-USDT,117689.8,117689.9,1.31454099,0.00500678
2025-07-24T06:14:03.989166,LTC-USDT,109.53,109.54,16.084744,0.040927
2025-07-24T06:14:04.013526,ETH-USDT,3561.62,3561.63,15.089987,1.08224
2025-07-24T06:14:04.018969,XRP-USDT,3.0729,3.073,5722.853728,1.0
2025-07-24T06:14:04.048827,SOL-USDT,183.46,183.47,113.635711,15.398774
2025-07-24T06:14:04.087441,BTC-USDT,117689.8,117690.0,1.39950499,0.00364095
2025-07-24T06:14:04.091664,LTC-USDT,109.53,109.54,18.474744,0.040927
2025-07-24T06:14:04.156117,ETH-USDT,3561.62,3561.63,14.883987,1.08224
2025-07-24T06:14:04.190967,BTC-USDT,117689.9,117690.0,2.9670049,0.00367786
2025-07-24T06:14:04.191021,SOL-USDT,183.46,183.47,102.037071,5.398774
2025-07-24T06:14:04.275979,ETH-USDT,3561.86,3561.87,14.43773,1.36624
2025-07-24T06:14:04.313585,LTC-USDT,109.53,109.54,29.56938,0.040927
2025-07-24T06:14:04.347030,BTC-USDT,117689.9,117690.0,3.0369149,0.00367786
2025-07-24T06:14:04.378294,ETH-USDT,3561.86,3561.87,14.43773,1.44224
2025-07-24T06:14:04.392362,SOL-USDT,183.46,183.47,65.383899,14.787919
2025-07-24T06:14:04.445638,LTC-USDT,109.53,109.54,29.349715,0.040927
2025-07-24T06:14:04.485611,ETH-USDT,3561.86,3561.87,14.43773,1.36624
2025-07-24T06:14:04.542693,SOL-USDT,183.46,183.47,65.383899,13.856011
2025-07-24T06:14:04.590104,BTC-USDT,117689.9,117690.0,3.03592168,0.00367786
2025-07-24T06:14:04.591247,ETH-USDT,3561.86,3561.87,8.814905,5.579172
2025-07-24T06:14:04.654326,SOL-USDT,183.46,183.47,57.175959,30.547241
2025-07-24T06:14:04.703659,LTC-USDT,109.53,109.54,26.959715,0.040927
2025-07-24T06:14:04.727052,ETH-USDT,3561.4,3561.64,0.294784,1.654841
2025-07-24T06:14:04.748607,BTC-USDT,117689.9,117694.0,2.71285169,0.0301
2025-07-24T06:14:04.763275,XRP-USDT,3.0729,3.073,300.0,3349.41299
2025-07-24T06:14:04.832795,SOL-USDT,183.45,183.46,81.833061,61.938126
2025-07-24T06:14:04.832907,LTC-USDT,109.53,109.54,26.051607,0.040927
2025-07-24T06:14:04.851199,ETH-USDT,3561.41,3561.42,2.076,10.498785
2025-07-24T06:14:04.868419,BTC-USDT,117693.9,117694.0,1.11804012,0.30575111
2025-07-24T06:14:04.870919,XRP-USDT,3.0724,3.0725,714.325463,2509.967957
2025-07-24T06:14:04.907201,SOL-USDT,183.41,183.42,17.020241,56.659874
2025-07-24T06:14:04.912697,LTC-USDT,109.52,109.54,4.96,10.723734
2025-07-24T06:14:04.914030,ETH-USDT,3560.98,3560.99,5.433505,8.181129
2025-07-24T06:14:04.965586,BTC-USDT,117693.9,117694.0,0.13844457,0.86979111
2025-07-24T06:14:04.976731,XRP-USDT,3.0723,3.0724,1.0,4531.654227
2025-07-24T06:14:05.058636,ETH-USDT,3560.98,3560.99,5.433505,7.112829
2025-07-24T06:14:05.058703,SOL-USDT,183.41,183.42,11.262231,34.10036
2025-07-24T06:14:05.064859,LTC-USDT,109.52,109.54,0.01,10.723734
2025-07-24T06:14:05.082462,BTC-USDT,117693.9,117694.0,0.05554457,0.87828331
2025-07-24T06:14:05.087420,XRP-USDT,3.0723,3.0724,2424.2,7055.319167
2025-07-24T06:14:05.153860,ETH-USDT,3561.26,3561.27,12.285712,1.393097
2025-07-24T06:14:05.186665,BTC-USDT,117693.9,117694.0,0.14744457,0.87828331
2025-07-24T06:14:05.193109,SOL-USDT,183.42,183.43,41.325,16.53536
2025-07-24T06:14:05.193178,LTC-USDT,109.52,109.54,4.96,10.723734
2025-07-24T06:14:05.193620,XRP-USDT,3.0723,3.0724,2883.98627,3919.603002
2025-07-24T06:14:05.282211,ETH-USDT,3561.26,3561.27,10.972615,1.393097
2025-07-24T06:14:05.282560,LTC-USDT,109.52,109.54,0.01,8.511987
2025-07-24T06:14:05.338310,BTC-USDT,117693.9,117694.0,0.15384457,0.87828331
2025-07-24T06:14:05.342973,SOL-USDT,183.42,183.43,23.26466,20.212223
2025-07-24T06:14:05.344774,XRP-USDT,3.0724,3.0725,2423.2,4011.092351
2025-07-24T06:14:05.439020,LTC-USDT,109.52,109.54,0.01,16.187913
2025-07-24T06:14:05.451695,XRP-USDT,3.0723,3.0724,2424.2,4158.671887
2025-07-24T06:14:05.452968,SOL-USDT,183.42,183.43,20.746918,21.596863
2025-07-24T06:14:05.479125,BTC-USDT,117693.9,117694.0,0.18783757,0.87729009
2025-07-24T06:14:05.556282,XRP-USDT,3.0725,3.0726,2882.98627,710.349719
2025-07-24T06:14:05.558560,SOL-USDT,183.43,183.44,29.662258,62.011126
2025-07-24T06:14:05.585046,BTC-USDT,117693.9,117694.0,0.21936757,0.55779009
2025-07-24T06:14:05.585433,LTC-USDT,109.52,109.54,4.96,12.928922
2025-07-24T06:14:05.619982,ETH-USDT,3562.24,3562.56,7.144,0.442069
2025-07-24T06:14:05.670862,SOL-USDT,183.43,183.44,6.787258,148.942355
2025-07-24T06:14:05.685193,BTC-USDT,117693.9,117694.0,0.51889522,0.03759898
2025-07-24T06:14:05.688523,LTC-USDT,109.52,109.54,4.96,0.040927
2025-07-24T06:14:05.688594,XRP-USDT,3.0726,3.0727,956.46,298.485513
2025-07-24T06:14:05.729809,ETH-USDT,3562.85,3562.86,10.718693,0.0001
2025-07-24T06:14:05.785585,SOL-USDT,183.43,183.45,97.883494,2.61
2025-07-24T06:14:05.786484,XRP-USDT,3.0729,3.073,3944.2,1.0
2025-07-24T06:14:05.795970,LTC-USDT,109.53,109.54,16.581166,0.040927
2025-07-24T06:14:05.830260,BTC-USDT,117695.3,117696.0,1.33746334,0.00195811
2025-07-24T06:14:05.880262,ETH-USDT,3562.99,3563.0,5.925786,1.879656
2025-07-24T06:14:05.894201,XRP-USDT,3.0729,3.073,4476.479063,1.0
2025-07-24T06:14:05.897065,SOL-USDT,183.44,183.45,66.964293,11.93
2025-07-24T06:14:05.946172,LTC-USDT,109.53,109.54,18.971166,0.040927
2025-07-24T06:14:05.946496,BTC-USDT,117697.9,117698.0,1.43490562,0.03028237
2025-07-24T06:14:05.984392,ETH-USDT,3562.99,3563.0,8.162791,1.879656
2025-07-24T06:14:05.994322,XRP-USDT,3.0729,3.073,4776.479063,1.0
2025-07-24T06:14:05.997011,SOL-USDT,183.44,183.45,50.924578,34.717978
2025-07-24T06:14:06.091259,BTC-USDT,117697.9,117698.0,1.35978061,0.03028237
2025-07-24T06:14:06.142695,XRP-USDT,3.0729,3.0737,4776.479063,1.0
2025-07-24T06:14:06.150652,SOL-USDT,183.44,183.45,50.229688,1.228989
2025-07-24T06:14:06.241139,SOL-USDT,183.45,183.46,56.611667,59.894901
2025-07-24T06:14:06.247324,XRP-USDT,3.0736,3.0737,2423.2,163.235914
2025-07-24T06:14:06.288460,ETH-USDT,3562.99,3563.0,8.162791,2.103295
2025-07-24T06:14:06.341261,SOL-USDT,183.45,183.46,18.715918,69.894901
2025-07-24T06:14:06.341900,BTC-USDT,117697.9,117698.0,1.36578061,0.03028237
2025-07-24T06:14:06.346479,XRP-USDT,3.0736,3.0737,2423.2,3357.003871
2025-07-24T06:14:06.395107,ETH-USDT,3562.99,3563.0,5.559431,2.406295
2025-07-24T06:14:06.438973,LTC-USDT,109.53,109.54,9.514542,0.040927
2025-07-24T06:14:06.442494,BTC-USDT,117697.9,117698.0,1.38377361,0.03028237
2025-07-24T06:14:06.486290,XRP-USDT,3.0735,3.0736,2423.2,2802.167957
2025-07-24T06:14:06.551293,ETH-USDT,3562.99,3563.0,7.258401,4.982295
2025-07-24T06:14:06.591011,BTC-USDT,117697.9,117698.0,1.29596258,0.03028237
2025-07-24T06:14:06.592379,SOL-USDT,183.43,183.44,86.470201,13.57
2025-07-24T06:14:06.592438,XRP-USDT,3.0734,3.0735,3136.2,936.367957
2025-07-24T06:14:06.719474,ETH-USDT,3562.99,3563.0,7.258401,3.380295
2025-07-24T06:14:06.730043,XRP-USDT,3.0735,3.0736,2423.2,4123.767957
2025-07-24T06:14:06.763669,SOL-USDT,183.43,183.44,17.746209,51.856887
2025-07-24T06:14:06.763755,BTC-USDT,117697.9,117698.0,1.28996258,0.03028237
2025-07-24T06:14:06.778771,ETH-USDT,3562.99,3563.0,7.258401,3.174295
2025-07-24T06:14:06.842157,XRP-USDT,3.0735,3.0736,2423.2,3358.767957
2025-07-24T06:14:06.885080,ETH-USDT,3562.99,3563.0,7.329496,3.477295
2025-07-24T06:14:06.887795,LTC-USDT,109.53,109.54,4.564542,0.040927
2025-07-24T06:14:06.983662,BTC-USDT,117697.9,117698.0,1.28996258,0.02428237
2025-07-24T06:14:06.986232,LTC-USDT,109.53,109.54,4.95,0.040927
2025-07-24T06:14:06.994608,ETH-USDT,3562.99,3563.0,2.088007,4.019295
2025-07-24T06:14:07.086616,SOL-USDT,183.42,183.43,25.256318,56.513855
2025-07-24T06:14:07.091669,ETH-USDT,3562.99,3563.0,5.225007,4.019295
2025-07-24T06:14:07.185508,BTC-USDT,117697.9,117698.0,1.28946258,0.02428237
2025-07-24T06:14:07.190072,SOL-USDT,183.42,183.43,10.96,33.936719
2025-07-24T06:14:07.213986,XRP-USDT,3.0736,3.0737,3682.090141,933.803871
2025-07-24T06:14:07.343604,BTC-USDT,117697.9,117698.0,1.28946258,0.02428237
2025-07-24T06:14:07.345094,ETH-USDT,3562.99,3563.0,9.271648,1.897295
2025-07-24T06:14:07.349323,XRP-USDT,3.0735,3.0737,2423.2,4005.916981
2025-07-24T06:14:07.353666,SOL-USDT,183.43,183.44,66.131278,17.410497
2025-07-24T06:14:07.479324,XRP-USDT,3.0736,3.0737,3363.8357,1.0
2025-07-24T06:14:07.585611,LTC-USDT,109.53,109.54,9.514542,0.040927
2025-07-24T06:14:07.585635,ETH-USDT,3562.99,3563.0,11.875008,1.897295
2025-07-24T06:14:07.585658,BTC-USDT,117697.9,117698.0,1.28946258,0.02487185
2025-07-24T06:14:07.585679,XRP-USDT,3.0736,3.0737,1824.061224,2351.984608
2025-07-24T06:14:07.585698,SOL-USDT,183.43,183.44,72.918748,17.410497
2025-07-24T06:14:07.739910,ETH-USDT,3562.99,3563.0,12.437544,1.897295
2025-07-24T06:14:07.754723,BTC-USDT,117697.9,117698.0,1.28937891,0.02487185
2025-07-24T06:14:07.754954,SOL-USDT,183.43,183.44,72.918748,4.040497
2025-07-24T06:14:07.792314,XRP-USDT,3.0736,3.0737,1738.179864,3473.164648
2025-07-24T06:14:07.838298,ETH-USDT,3562.99,3563.0,9.834184,1.897295
2025-07-24T06:14:07.853214,BTC-USDT,117697.9,117698.0,1.29537891,0.02487185
2025-07-24T06:14:07.870236,SOL-USDT,183.41,183.42,72.282787,31.647978
2025-07-24T06:14:07.871080,XRP-USDT,3.0736,3.0737,1216.962386,3523.164648
2025-07-24T06:14:07.891448,LTC-USDT,109.52,109.54,2.696786,1.051987
2025-07-24T06:14:07.903207,ETH-USDT,3562.99,3563.0,7.264919,2.103295
2025-07-24T06:14:07.948014,SOL-USDT,183.41,183.42,78.579394,19.234349
2025-07-24T06:14:07.989928,XRP-USDT,3.0736,3.0737,1216.962386,3979.38113
2025-07-24T06:14:07.996581,LTC-USDT,109.53,109.54,8.03236,0.040927
2025-07-24T06:14:08.046004,ETH-USDT,3562.99,3563.0,11.500358,2.103295
2025-07-24T06:14:08.084241,SOL-USDT,183.41,183.42,78.195359,2.61
2025-07-24T06:14:08.084653,BTC-USDT,117705.1,117705.2,0.266665,0.64835472
2025-07-24T06:14:08.090817,XRP-USDT,3.0736,3.0737,1216.962386,2558.858098
2025-07-24T06:14:08.113687,LTC-USDT,109.53,109.54,12.596902,0.040927
2025-07-24T06:14:08.186192,BTC-USDT,117705.1,117705.2,0.266665,0.64835472
2025-07-24T06:14:08.186758,XRP-USDT,3.0736,3.0737,2538.562386,3118.350613
2025-07-24T06:14:08.289257,SOL-USDT,183.42,183.43,50.252547,39.454315
2025-07-24T06:14:08.292190,BTC-USDT,117705.1,117705.2,0.266665,0.64879371
2025-07-24T06:14:08.292232,ETH-USDT,3562.99,3563.0,8.935358,1.897295
2025-07-24T06:14:08.387359,LTC-USDT,109.53,109.54,8.03236,0.040927
2025-07-24T06:14:08.452296,BTC-USDT,117705.1,117705.2,0.266665,0.66789241
2025-07-24T06:14:08.452384,ETH-USDT,3562.99,3563.0,7.652746,1.897295
2025-07-24T06:14:08.452421,XRP-USDT,3.0736,3.0737,3640.162386,2359.420175
2025-07-24T06:14:08.452458,SOL-USDT,183.42,183.43,50.004547,25.184393
2025-07-24T06:14:08.543542,ETH-USDT,3562.99,3563.0,5.087746,1.897901
2025-07-24T06:14:08.577544,SOL-USDT,183.42,183.43,110.700569,2.61
2025-07-24T06:14:08.593963,LTC-USDT,109.53,109.54,14.285327,0.040927
2025-07-24T06:14:08.662158,XRP-USDT,3.0738,3.0739,3882.98627,1303.837316
2025-07-24T06:14:08.688306,BTC-USDT,117705.1,117705.2,0.300648,0.66789241
2025-07-24T06:14:08.688356,SOL-USDT,183.43,183.44,107.59312,4.062202
2025-07-24T06:14:08.688395,ETH-USDT,3563.25,3563.35,9.890339,3.723441
2025-07-24T06:14:08.784476,BTC-USDT,117705.1,117705.2,0.35260061,0.34839241
2025-07-24T06:14:08.786063,XRP-USDT,3.0743,3.0744,2932.98627,1512.436194
2025-07-24T06:14:08.791112,ETH-USDT,3563.34,3563.35,8.077902,3.723586
2025-07-24T06:14:08.795075,LTC-USDT,109.53,109.54,29.599122,0.040927
2025-07-24T06:14:08.795222,SOL-USDT,183.43,183.44,113.889765,0.476363
2025-07-24T06:14:08.897123,ETH-USDT,3563.34,3563.35,10.908762,3.723586
2025-07-24T06:14:08.897178,XRP-USDT,3.0743,3.0744,2932.98627,617.148561
