timestamp,symbol,bid,ask,bid_vol,ask_vol
2025-07-24T15:28:38.965303,ETH-USDT,3741.68,3741.69,7.03526,2.29765
2025-07-24T15:28:38.965472,BTC-USDT,119012.1,119012.2,0.23442605,0.58265363
2025-07-24T15:28:38.965515,XRP-USDT,3.2372,3.2373,2377.2,3573.043057
2025-07-24T15:28:38.965580,LTC-USDT,114.44,114.45,0.217833,13.408855
2025-07-24T15:28:38.965638,SOL-USDT,189.33,189.34,35.521328,50.412528
2025-07-24T15:28:38.965671,XRP-USDT,3.2372,3.2373,2523.70208,2644.538606
2025-07-24T15:28:38.965694,SOL-USDT,189.34,189.35,126.025149,49.920088
2025-07-24T15:28:38.965718,ETH-USDT,3741.68,3741.69,5.546009,5.702327
2025-07-24T15:28:38.965739,BTC-USDT,119012.1,119012.2,0.29919554,0.31872363
2025-07-24T15:28:39.018105,XRP-USDT,3.2372,3.2373,2377.2,3511.729988
2025-07-24T15:28:39.028197,ETH-USDT,3741.68,3741.69,2.05939,7.450327
2025-07-24T15:28:39.029471,BTC-USDT,119012.1,119012.2,0.29919554,0.28546763
2025-07-24T15:28:39.090163,SOL-USDT,189.34,189.35,141.065646,49.920088
2025-07-24T15:28:39.123031,XRP-USDT,3.237,3.2371,2330.2,5537.340486
2025-07-24T15:28:39.138151,ETH-USDT,3741.68,3741.69,1.605073,7.393165
2025-07-24T15:28:39.218987,SOL-USDT,189.34,189.35,75.575561,49.920088
2025-07-24T15:28:39.236968,XRP-USDT,3.2368,3.2369,1557.0,4569.0
2025-07-24T15:28:39.245075,ETH-USDT,3741.68,3741.69,1.566332,7.393165
2025-07-24T15:28:39.319867,BTC-USDT,119012.1,119012.2,0.33561109,0.45546763
2025-07-24T15:28:39.342339,SOL-USDT,189.34,189.35,15.040497,48.388697
2025-07-24T15:28:39.359992,LTC-USDT,114.44,114.45,0.217833,13.408855
2025-07-24T15:28:39.368147,ETH-USDT,3741.67,3741.68,0.069899,19.822812
2025-07-24T15:28:39.384188,XRP-USDT,3.2368,3.2369,1.0,3334.70208
2025-07-24T15:28:39.424378,BTC-USDT,119012.1,119012.2,0.31961109,0.45546763
2025-07-24T15:28:39.486360,ETH-USDT,3741.67,3741.68,0.069899,19.822812
2025-07-24T15:28:39.501312,SOL-USDT,189.33,189.34,1.790315,167.319381
2025-07-24T15:28:39.519789,XRP-USDT,3.2364,3.2365,3334.70208,2102.060439
2025-07-24T15:28:39.541821,BTC-USDT,119012.1,119012.2,0.24157709,0.45546763
2025-07-24T15:28:39.593248,SOL-USDT,189.33,189.34,8.610315,167.319381
2025-07-24T15:28:39.610835,ETH-USDT,3741.51,3741.52,1.706177,15.803514
2025-07-24T15:28:39.619765,XRP-USDT,3.2364,3.2365,2793.040439,2439.747416
2025-07-24T15:28:39.681178,BTC-USDT,119012.1,119012.2,0.24157709,0.45546763
2025-07-24T15:28:39.715291,SOL-USDT,189.3,189.33,53.57073,201.302852
2025-07-24T15:28:39.715334,ETH-USDT,3741.51,3741.52,1.936177,15.803514
2025-07-24T15:28:39.778035,XRP-USDT,3.2364,3.2365,2569.70208,3584.347416
2025-07-24T15:28:39.818579,BTC-USDT,119012.1,119012.2,0.20768254,0.43023373
2025-07-24T15:28:39.818645,ETH-USDT,3741.46,3741.47,0.093591,13.187552
2025-07-24T15:28:39.825266,SOL-USDT,189.3,189.31,61.41953,57.28375
2025-07-24T15:28:39.919816,BTC-USDT,119012.1,119012.2,0.23008254,0.33786763
2025-07-24T15:28:39.919864,XRP-USDT,3.2362,3.2363,3126.968905,1000.0
2025-07-24T15:28:39.925459,ETH-USDT,3741.46,3741.47,3.109591,14.051211
2025-07-24T15:28:39.930412,SOL-USDT,189.3,189.31,53.57073,63.499255
2025-07-24T15:28:39.973391,LTC-USDT,114.44,114.45,0.207833,26.816789
2025-07-24T15:28:40.037126,BTC-USDT,119012.1,119012.2,0.24958254,0.33786763
2025-07-24T15:28:40.037206,XRP-USDT,3.2362,3.2363,1877.1,1842.435634
2025-07-24T15:28:40.037250,ETH-USDT,3741.46,3741.47,0.093591,13.513289
2025-07-24T15:28:40.079069,SOL-USDT,189.3,189.31,53.57073,93.54615
2025-07-24T15:28:40.097846,LTC-USDT,114.42,114.43,0.04,17.276454
2025-07-24T15:28:40.128078,BTC-USDT,119012.1,119012.2,0.17270573,0.36842263
2025-07-24T15:28:40.138237,XRP-USDT,3.2362,3.2363,2294.4,721.578855
2025-07-24T15:28:40.192277,SOL-USDT,189.3,189.31,53.57073,89.753554
2025-07-24T15:28:40.277675,XRP-USDT,3.2361,3.2362,1878.1,2423.2
2025-07-24T15:28:40.278485,BTC-USDT,119012.1,119012.2,0.23570745,0.3681552
2025-07-24T15:28:40.309930,ETH-USDT,3741.46,3741.47,0.093591,13.567619
2025-07-24T15:28:40.385580,BTC-USDT,119012.1,119012.2,0.23570745,0.3376002
2025-07-24T15:28:40.417546,SOL-USDT,189.3,189.31,74.33491,15.63
2025-07-24T15:28:40.422294,XRP-USDT,3.2361,3.2362,2295.5,2423.2
2025-07-24T15:28:40.479199,LTC-USDT,114.42,114.43,0.733377,17.276454
2025-07-24T15:28:40.517083,ETH-USDT,3741.46,3741.47,0.093591,13.513289
2025-07-24T15:28:40.526668,XRP-USDT,3.2362,3.2363,3527.70208,1175.990379
2025-07-24T15:28:40.532100,BTC-USDT,119012.1,119012.2,0.29133107,0.3376002
2025-07-24T15:28:40.534199,SOL-USDT,189.3,189.31,74.441208,19.31
2025-07-24T15:28:40.623434,XRP-USDT,3.2361,3.2363,78.1,4510.692459
2025-07-24T15:28:40.679700,BTC-USDT,119012.1,119012.2,0.34761254,0.3376002
2025-07-24T15:28:40.679748,SOL-USDT,189.3,189.31,74.441208,19.31
2025-07-24T15:28:40.726763,XRP-USDT,3.236,3.2361,3132.044222,1385.692199
2025-07-24T15:28:40.731299,ETH-USDT,3741.46,3741.47,0.093591,16.765349
2025-07-24T15:28:40.791280,SOL-USDT,189.3,189.31,74.441208,15.63
2025-07-24T15:28:40.841116,XRP-USDT,3.2361,3.2362,3180.4908,2423.2
2025-07-24T15:28:40.935355,SOL-USDT,189.3,189.31,85.175388,17.69
2025-07-24T15:28:40.935464,BTC-USDT,119012.1,119012.2,0.34761254,0.33758557
2025-07-24T15:28:40.962388,XRP-USDT,3.2361,3.2362,3180.4908,2469.191471
2025-07-24T15:28:41.023115,ETH-USDT,3741.09,3741.24,5.613663,7.224022
2025-07-24T15:28:41.028193,BTC-USDT,119012.1,119012.2,0.29301254,0.33086946
2025-07-24T15:28:41.028236,SOL-USDT,189.3,189.31,84.861208,45.903794
2025-07-24T15:28:41.092121,XRP-USDT,3.2355,3.2358,1880.6,3570.9
2025-07-24T15:28:41.123889,ETH-USDT,3740.92,3740.93,5.266,8.047392
2025-07-24T15:28:41.175836,BTC-USDT,119012.1,119012.2,0.36874838,0.33086946
2025-07-24T15:28:41.176723,SOL-USDT,189.3,189.31,62.411208,83.6124
2025-07-24T15:28:41.194375,XRP-USDT,3.2358,3.2359,2569.70208,3123.083155
2025-07-24T15:28:41.284267,BTC-USDT,119012.1,119012.2,0.33417159,0.16086946
2025-07-24T15:28:41.312176,XRP-USDT,3.2358,3.2359,2423.2,3216.074533
2025-07-24T15:28:41.358849,ETH-USDT,3740.92,3740.93,3.066,6.794211
2025-07-24T15:28:41.389159,BTC-USDT,119012.1,119012.2,0.33417159,0.11700373
2025-07-24T15:28:41.427283,XRP-USDT,3.2353,3.2356,3309.2,569.2
2025-07-24T15:28:41.491103,SOL-USDT,189.3,189.31,62.411208,74.329383
2025-07-24T15:28:41.505932,ETH-USDT,3740.92,3740.93,4.953723,2.297689
2025-07-24T15:28:41.571271,XRP-USDT,3.2355,3.2356,2569.70208,2423.2
2025-07-24T15:28:41.609707,BTC-USDT,119012.1,119012.2,0.27957159,0.11700373
2025-07-24T15:28:41.612450,ETH-USDT,3740.92,3740.93,4.85433,5.926019
2025-07-24T15:28:41.625823,LTC-USDT,114.42,114.43,0.703377,17.276454
2025-07-24T15:28:41.675100,XRP-USDT,3.2353,3.2355,2423.2,3727.50208
2025-07-24T15:28:41.720142,ETH-USDT,3740.92,3740.93,4.46333,5.926019
2025-07-24T15:28:41.734247,BTC-USDT,119012.1,119012.2,0.27957159,0.11720373
2025-07-24T15:28:41.743834,SOL-USDT,189.27,189.31,58.533354,126.648181
2025-07-24T15:28:41.784492,XRP-USDT,3.2348,3.2349,61.806607,3188.2
2025-07-24T15:28:41.853898,ETH-USDT,3740.92,3740.93,0.05,10.239019
2025-07-24T15:28:41.884157,BTC-USDT,119012.1,119012.2,0.26334867,0.37351654
2025-07-24T15:28:41.884211,SOL-USDT,189.26,189.27,48.613189,67.341805
2025-07-24T15:28:41.918631,XRP-USDT,3.2348,3.2349,786.543174,1706.662069
2025-07-24T15:28:41.993764,ETH-USDT,3740.92,3740.93,2.270557,5.926019
2025-07-24T15:28:41.995772,BTC-USDT,119012.1,119012.2,0.26337951,0.37351654
2025-07-24T15:28:42.015322,SOL-USDT,189.26,189.27,48.808834,34.404181
2025-07-24T15:28:42.024256,XRP-USDT,3.2351,3.2352,4846.6212,1798.6
2025-07-24T15:28:42.112167,SOL-USDT,189.26,189.27,48.808834,46.464056
2025-07-24T15:28:42.115468,BTC-USDT,119012.1,119012.2,0.22508143,0.37351654
2025-07-24T15:28:42.115512,ETH-USDT,3740.89,3740.9,0.0001,20.251391
2025-07-24T15:28:42.172743,XRP-USDT,3.2348,3.2349,2423.2,3423.2
2025-07-24T15:28:42.214205,SOL-USDT,189.26,189.27,48.808834,18.944181
2025-07-24T15:28:42.214263,BTC-USDT,119012.1,119012.2,0.2244712,0.37351654
2025-07-24T15:28:42.220777,ETH-USDT,3740.89,3740.9,0.0001,14.209894
2025-07-24T15:28:42.293207,XRP-USDT,3.2348,3.2349,615.026598,4373.352571
2025-07-24T15:28:42.319277,SOL-USDT,189.26,189.27,48.808834,1.62
2025-07-24T15:28:42.322482,BTC-USDT,119012.1,119012.2,0.29200274,0.54351654
2025-07-24T15:28:42.341714,ETH-USDT,3740.89,3740.9,0.0001,15.419972
2025-07-24T15:28:42.395875,XRP-USDT,3.2348,3.2349,2057.241424,2516.191375
2025-07-24T15:28:42.419498,BTC-USDT,119010.0,119012.1,0.00164095,1.01020688
2025-07-24T15:28:42.444674,LTC-USDT,114.42,114.43,0.693377,17.276454
2025-07-24T15:28:42.460635,ETH-USDT,3740.84,3740.9,0.391,15.893192
2025-07-24T15:28:42.520941,XRP-USDT,3.2348,3.2349,615.026598,2516.191375
2025-07-24T15:28:42.520976,BTC-USDT,119010.0,119010.1,0.00199856,1.08282623
2025-07-24T15:28:42.549515,LTC-USDT,114.4,114.41,0.04,9.66386
2025-07-24T15:28:42.568515,SOL-USDT,189.26,189.27,9.368125,156.510378
2025-07-24T15:28:42.588203,ETH-USDT,3740.73,3740.74,0.994,15.693505
2025-07-24T15:28:42.620057,XRP-USDT,3.2347,3.2348,117.77711,2423.2
2025-07-24T15:28:42.660096,BTC-USDT,119010.0,119010.1,0.00199856,1.02265866
2025-07-24T15:28:42.693028,ETH-USDT,3740.73,3740.74,0.994,13.845242
2025-07-24T15:28:42.705318,SOL-USDT,189.26,189.27,0.108125,156.510378
2025-07-24T15:28:42.752166,XRP-USDT,3.2347,3.2348,17.77711,3615.693548
2025-07-24T15:28:42.794078,ETH-USDT,3740.73,3740.74,2.262,11.445242
2025-07-24T15:28:42.821890,SOL-USDT,189.26,189.27,34.814389,141.622464
2025-07-24T15:28:42.891159,BTC-USDT,119010.0,119010.1,0.04169856,1.02265866
2025-07-24T15:28:42.891207,XRP-USDT,3.2344,3.2348,1228.0,3764.866956
2025-07-24T15:28:42.912972,ETH-USDT,3740.73,3740.74,2.58882,11.445242
2025-07-24T15:28:42.932823,SOL-USDT,189.26,189.27,35.724992,61.546819
2025-07-24T15:28:43.017486,ETH-USDT,3741.18,3741.19,1.64082,13.889791
2025-07-24T15:28:43.019639,BTC-USDT,119010.0,119010.1,0.06579856,1.02265866
2025-07-24T15:28:43.019881,LTC-USDT,114.4,114.41,0.04,10.56774
2025-07-24T15:28:43.020375,XRP-USDT,3.2342,3.2343,1843.1,2972.63552
2025-07-24T15:28:43.086328,SOL-USDT,189.27,189.28,57.880709,33.261521
2025-07-24T15:28:43.119827,ETH-USDT,3740.75,3740.76,0.32682,19.698293
2025-07-24T15:28:43.121026,XRP-USDT,3.2346,3.2347,5397.32328,4.0
2025-07-24T15:28:43.121067,LTC-USDT,114.4,114.41,0.04,7.66386
2025-07-24T15:28:43.129152,BTC-USDT,119010.0,119010.1,0.31660261,0.75956604
2025-07-24T15:28:43.178432,SOL-USDT,189.26,189.27,14.1462,112.423241
2025-07-24T15:28:43.242282,XRP-USDT,3.2344,3.2346,3651.2,6109.122577
2025-07-24T15:28:43.243206,BTC-USDT,119010.0,119010.1,0.25560261,0.92956604
2025-07-24T15:28:43.313507,SOL-USDT,189.25,189.27,53.79721,112.423241
2025-07-24T15:28:43.322255,ETH-USDT,3740.6,3740.61,12.0,13.991991
2025-07-24T15:28:43.329190,XRP-USDT,3.2342,3.2343,2423.2,2423.2
2025-07-24T15:28:43.339903,LTC-USDT,114.4,114.41,0.04,9.66386
2025-07-24T15:28:43.414310,SOL-USDT,189.25,189.26,53.79721,85.61609
2025-07-24T15:28:43.439085,BTC-USDT,119010.0,119010.1,0.24600261,0.92956604
2025-07-24T15:28:43.451210,XRP-USDT,3.2346,3.2347,1888.78872,7.999969
2025-07-24T15:28:43.479911,ETH-USDT,3740.6,3740.61,12.0,15.24665
2025-07-24T15:28:43.573669,BTC-USDT,119010.0,119010.1,0.23960261,0.92956604
2025-07-24T15:28:43.580682,ETH-USDT,3740.6,3740.61,12.0,12.68165
2025-07-24T15:28:43.580730,XRP-USDT,3.2352,3.2353,3571.426876,2776.3
2025-07-24T15:28:43.588087,LTC-USDT,114.4,114.41,0.01,7.66386
2025-07-24T15:28:43.692061,ETH-USDT,3740.6,3740.61,12.06028,10.93365
2025-07-24T15:28:43.718142,XRP-USDT,3.2352,3.2353,2423.2,2874.09234
2025-07-24T15:28:43.722664,BTC-USDT,119010.0,119010.1,0.24600261,0.92956604
2025-07-24T15:28:43.733860,SOL-USDT,189.25,189.26,53.79721,111.870389
2025-07-24T15:28:43.821243,BTC-USDT,119010.0,119010.1,0.24711323,0.92956604
2025-07-24T15:28:43.829885,XRP-USDT,3.2352,3.2353,2437.9376,3015.793456
2025-07-24T15:28:43.832120,ETH-USDT,3740.6,3740.61,9.631902,15.062513
2025-07-24T15:28:43.881167,SOL-USDT,189.25,189.26,53.79721,111.870389
2025-07-24T15:28:43.961451,XRP-USDT,3.2352,3.2353,2330.2,3015.793456
2025-07-24T15:28:43.976189,ETH-USDT,3740.6,3740.61,9.631902,14.107358
2025-07-24T15:28:43.976230,LTC-USDT,114.4,114.41,0.01,15.571052
2025-07-24T15:28:44.071254,XRP-USDT,3.2352,3.2353,3588.43968,92.991376
2025-07-24T15:28:44.090471,BTC-USDT,119010.0,119010.1,0.26311323,0.75956604
2025-07-24T15:28:44.186219,XRP-USDT,3.2352,3.2354,5098.317016,4.0
2025-07-24T15:28:44.189174,SOL-USDT,189.26,189.27,90.231089,39.459905
2025-07-24T15:28:44.216950,BTC-USDT,119010.0,119010.1,0.48771323,0.75956604
2025-07-24T15:28:44.290751,XRP-USDT,3.2353,3.2354,5476.360297,4.0
2025-07-24T15:28:44.316656,SOL-USDT,189.26,189.27,14.05438,44.104736
2025-07-24T15:28:44.329920,BTC-USDT,119010.0,119010.1,0.26311323,0.75956604
2025-07-24T15:28:44.338658,LTC-USDT,114.4,114.41,0.01,12.031712
2025-07-24T15:28:44.423485,SOL-USDT,189.26,189.27,37.700709,42.484736
2025-07-24T15:28:44.436924,BTC-USDT,119010.0,119010.1,0.24711323,0.75956604
2025-07-24T15:28:44.438178,ETH-USDT,3740.02,3740.61,0.000269,16.813213
2025-07-24T15:28:44.462140,LTC-USDT,114.4,114.41,2.01,12.031712
2025-07-24T15:28:44.519431,XRP-USDT,3.2353,3.2354,893.966604,3192.2
2025-07-24T15:28:44.533408,SOL-USDT,189.22,189.23,0.757034,65.427659
2025-07-24T15:28:44.543821,ETH-USDT,3739.92,3740.01,0.053477,9.934478
2025-07-24T15:28:44.591207,BTC-USDT,119010.0,119010.1,0.00175515,0.75956604
2025-07-24T15:28:44.592374,LTC-USDT,114.4,114.41,0.01,12.988952
2025-07-24T15:28:44.640204,SOL-USDT,189.19,189.22,125.360107,88.487512
2025-07-24T15:28:44.644517,XRP-USDT,3.2347,3.2348,1.0,3188.2
2025-07-24T15:28:44.690299,BTC-USDT,119008.1,119008.2,0.22471313,1.13354639
2025-07-24T15:28:44.743655,SOL-USDT,189.21,189.22,79.226037,14.772562
2025-07-24T15:28:44.760238,ETH-USDT,3739.92,3739.93,1.498297,6.566924
2025-07-24T15:28:44.789296,XRP-USDT,3.2349,3.235,502.6212,3279.451817
2025-07-24T15:28:44.794181,BTC-USDT,119008.1,119008.2,0.26999558,0.47494025
2025-07-24T15:28:44.865633,SOL-USDT,189.19,189.2,18.85,24.170061
2025-07-24T15:28:44.908160,ETH-USDT,3739.85,3739.93,0.15,11.356323
2025-07-24T15:28:44.918061,XRP-USDT,3.2347,3.2348,1.0,5042.421902
2025-07-24T15:28:44.925019,BTC-USDT,119008.1,119008.2,0.23295356,0.47494025
2025-07-24T15:28:44.991255,SOL-USDT,189.18,189.19,51.236181,50.827064
2025-07-24T15:28:45.014436,ETH-USDT,3739.85,3739.86,0.15,11.743769
2025-07-24T15:28:45.023624,XRP-USDT,3.2344,3.2345,2423.2,765.0
2025-07-24T15:28:45.072729,BTC-USDT,119008.1,119008.2,0.26717473,0.44958948
2025-07-24T15:28:45.117046,SOL-USDT,189.18,189.19,51.514461,35.066855
2025-07-24T15:28:45.118303,ETH-USDT,3739.85,3739.86,0.15,10.682208
2025-07-24T15:28:45.137099,XRP-USDT,3.2345,3.2346,146.50208,2195.19197
2025-07-24T15:28:45.173469,BTC-USDT,119008.1,119008.2,0.26717473,0.42908948
2025-07-24T15:28:45.217053,SOL-USDT,189.18,189.19,53.134461,35.066855
2025-07-24T15:28:45.222466,ETH-USDT,3739.85,3739.86,0.134,9.785327
2025-07-24T15:28:45.283389,XRP-USDT,3.2344,3.2345,2423.2,3188.2
2025-07-24T15:28:45.289001,BTC-USDT,119008.1,119008.2,0.23613902,0.42908948
2025-07-24T15:28:45.324281,ETH-USDT,3739.85,3739.86,0.134,12.185327
2025-07-24T15:28:45.383197,XRP-USDT,3.2344,3.2345,2569.70208,3188.2
2025-07-24T15:28:45.405693,LTC-USDT,114.4,114.41,0.01,14.988952
2025-07-24T15:28:45.427425,ETH-USDT,3739.46,3739.48,0.390729,0.378098
2025-07-24T15:28:45.427469,SOL-USDT,189.18,189.19,35.47,73.962775
2025-07-24T15:28:45.513949,XRP-USDT,3.2343,3.2344,21.06,4482.420332
2025-07-24T15:28:45.520215,BTC-USDT,119008.1,119008.2,0.21560506,0.42908948
2025-07-24T15:28:45.520504,LTC-USDT,114.4,114.41,0.01,19.329418
2025-07-24T15:28:45.572986,ETH-USDT,3739.46,3739.47,0.390729,7.385317
2025-07-24T15:28:45.633677,XRP-USDT,3.2344,3.2345,3716.820332,3836.656256
2025-07-24T15:28:45.691798,SOL-USDT,189.18,189.19,56.377028,35.066855
2025-07-24T15:28:45.691842,ETH-USDT,3739.46,3739.47,0.390729,8.766722
2025-07-24T15:28:45.775629,XRP-USDT,3.2343,3.2344,21.06,5114.296167
2025-07-24T15:28:45.775677,BTC-USDT,119008.1,119008.2,0.21560506,0.47908948
2025-07-24T15:28:45.785401,SOL-USDT,189.18,189.19,43.786416,56.298145
2025-07-24T15:28:45.813554,ETH-USDT,3739.2,3739.21,5.345428,4.01
2025-07-24T15:28:45.843167,LTC-USDT,114.38,114.41,0.02,28.396886
2025-07-24T15:28:45.870111,XRP-USDT,3.234,3.2341,2.232773,4840.789142
2025-07-24T15:28:45.905456,BTC-USDT,119006.1,119006.2,0.00532082,0.96586086
2025-07-24T15:28:45.916410,ETH-USDT,3738.99,3739.0,0.063,12.980287
2025-07-24T15:28:45.934356,SOL-USDT,189.16,189.17,0.761799,147.163012
2025-07-24T15:28:45.968273,XRP-USDT,3.2336,3.2337,2423.2,3188.2
2025-07-24T15:28:45.992210,LTC-USDT,114.38,114.39,0.02,30.685915
2025-07-24T15:28:46.012184,BTC-USDT,119004.0,119004.1,0.00195811,0.38535549
2025-07-24T15:28:46.082170,SOL-USDT,189.15,189.16,15.883315,166.012276
2025-07-24T15:28:46.099113,XRP-USDT,3.2336,3.2337,2942.000316,2423.2
2025-07-24T15:28:46.123506,BTC-USDT,119002.1,119004.1,0.06409981,0.61877835
2025-07-24T15:28:46.123551,ETH-USDT,3738.99,3739.0,1.33,8.222743
2025-07-24T15:28:46.184043,SOL-USDT,189.14,189.16,0.267637,145.040276
2025-07-24T15:28:46.215358,XRP-USDT,3.2335,3.2336,2423.2,4334.836504
2025-07-24T15:28:46.219326,LTC-USDT,114.38,114.39,0.227923,30.685915
2025-07-24T15:28:46.220388,BTC-USDT,119000.1,119000.2,0.03334383,0.90342488
2025-07-24T15:28:46.224065,ETH-USDT,3738.83,3738.84,4.705663,4.9236
2025-07-24T15:28:46.323542,LTC-USDT,114.36,114.39,0.03,33.309064
2025-07-24T15:28:46.323584,XRP-USDT,3.2333,3.2334,1.0,4384.402664
2025-07-24T15:28:46.326171,SOL-USDT,189.14,189.15,0.267637,221.439962
2025-07-24T15:28:46.362344,ETH-USDT,3738.82,3738.83,0.541,24.468886
2025-07-24T15:28:46.422688,XRP-USDT,3.2334,3.2335,2423.2,1344.561928
2025-07-24T15:28:46.422712,LTC-USDT,114.36,114.37,0.03,21.940259
2025-07-24T15:28:46.475268,BTC-USDT,119000.1,119000.2,0.17474784,0.95322488
2025-07-24T15:28:46.478174,SOL-USDT,189.14,189.15,0.267637,223.694261
2025-07-24T15:28:46.478387,ETH-USDT,3738.82,3738.83,0.541,25.475085
2025-07-24T15:28:46.573559,XRP-USDT,3.2334,3.2335,2569.70208,1485.139811
2025-07-24T15:28:46.625992,ETH-USDT,3738.82,3738.83,0.541,20.49429
2025-07-24T15:28:46.678268,XRP-USDT,3.2334,3.2335,2750.79782,32.739409
2025-07-24T15:28:46.708659,BTC-USDT,119000.1,119000.2,0.17474784,0.90322488
2025-07-24T15:28:46.779241,XRP-USDT,3.2337,3.2339,4213.341532,112.5
2025-07-24T15:28:46.779793,LTC-USDT,114.34,114.35,0.013999,6.27861
2025-07-24T15:28:46.816801,SOL-USDT,189.14,189.15,0.267637,228.960484
2025-07-24T15:28:46.918454,BTC-USDT,119000.0,119000.2,0.19274805,0.90322488
2025-07-24T15:28:46.924673,XRP-USDT,3.2339,3.234,2423.2,6171.058476
2025-07-24T15:28:47.019598,SOL-USDT,189.1,189.11,121.42684,26.3108
2025-07-24T15:28:47.030060,LTC-USDT,114.34,114.35,0.013999,4.95
2025-07-24T15:28:47.044887,ETH-USDT,3738.82,3738.83,3.407,7.826004
2025-07-24T15:28:47.073473,XRP-USDT,3.2339,3.234,100.0,3308.606816
2025-07-24T15:28:47.078128,BTC-USDT,119000.0,119000.1,0.2936731,1.10008128
2025-07-24T15:28:47.130368,SOL-USDT,189.1,189.11,96.369188,41.110792
2025-07-24T15:28:47.189599,ETH-USDT,3738.65,3738.66,8.605,0.994
2025-07-24T15:28:47.189665,XRP-USDT,3.2339,3.234,2569.70208,3241.191466
2025-07-24T15:28:47.224348,BTC-USDT,119000.0,119000.1,0.19274805,1.10008128
2025-07-24T15:28:47.314090,ETH-USDT,3738.65,3738.66,3.492,7.329357
2025-07-24T15:28:47.315144,XRP-USDT,3.2337,3.234,2423.2,3387.693546
2025-07-24T15:28:47.328337,BTC-USDT,119000.0,119000.1,0.19275807,1.18072518
2025-07-24T15:28:47.383142,SOL-USDT,189.09,189.1,54.983523,114.980204
2025-07-24T15:28:47.415415,ETH-USDT,3738.65,3738.66,3.81882,6.019016
2025-07-24T15:28:47.416352,XRP-USDT,3.2338,3.234,2569.70208,2476.191466
2025-07-24T15:28:47.434242,BTC-USDT,119000.0,119000.1,0.19346942,0.95521518
2025-07-24T15:28:47.520155,XRP-USDT,3.2338,3.2339,2423.2,3228.3918
2025-07-24T15:28:47.521101,LTC-USDT,114.34,114.35,0.887666,4.95
2025-07-24T15:28:47.521160,ETH-USDT,3738.65,3738.66,3.75882,6.019016
2025-07-24T15:28:47.582682,BTC-USDT,119000.0,119000.1,0.19346942,0.94257218
2025-07-24T15:28:47.594691,SOL-USDT,189.09,189.1,54.983523,131.177464
2025-07-24T15:28:47.671028,LTC-USDT,114.34,114.35,0.013999,4.95
2025-07-24T15:28:47.716962,SOL-USDT,189.09,189.1,57.1157,131.177464
2025-07-24T15:28:47.725896,XRP-USDT,3.2338,3.2339,2423.2,3188.2
2025-07-24T15:28:47.822364,SOL-USDT,189.09,189.1,57.1157,126.190204
2025-07-24T15:28:47.877029,XRP-USDT,3.2339,3.234,146.50208,2476.191466
2025-07-24T15:28:47.975462,SOL-USDT,189.09,189.1,57.1157,114.980204
2025-07-24T15:28:48.019374,XRP-USDT,3.2339,3.2341,2569.70208,1.5
2025-07-24T15:28:48.044910,LTC-USDT,114.35,114.36,2.93559,9.330064
2025-07-24T15:28:48.098295,SOL-USDT,189.1,189.11,63.029958,41.736346
2025-07-24T15:28:48.098722,BTC-USDT,119000.0,119000.1,0.19346942,0.5462986
2025-07-24T15:28:48.116590,XRP-USDT,3.2342,3.2343,4314.241532,2917.8
2025-07-24T15:28:48.118072,ETH-USDT,3738.65,3738.66,8.79575,1.254659
2025-07-24T15:28:48.201104,BTC-USDT,119000.0,119000.1,0.19346942,0.54423277
2025-07-24T15:28:48.219465,ETH-USDT,3738.65,3738.66,6.93,1.254659
2025-07-24T15:28:48.226645,XRP-USDT,3.2342,3.2343,2423.2,5552.496051
2025-07-24T15:28:48.237459,SOL-USDT,189.1,189.11,20.85,50.222532
2025-07-24T15:28:48.301995,LTC-USDT,114.35,114.36,2.0,9.330064
2025-07-24T15:28:48.318192,BTC-USDT,119000.0,119000.1,0.19346942,0.54423277
2025-07-24T15:28:48.327389,SOL-USDT,189.09,189.1,8.88001,97.581654
2025-07-24T15:28:48.331006,ETH-USDT,3738.65,3738.66,1.968,11.490453
2025-07-24T15:28:48.345972,XRP-USDT,3.2341,3.2342,2453.577868,3334.70208
2025-07-24T15:28:48.470730,ETH-USDT,3738.65,3738.66,4.984,9.742453
2025-07-24T15:28:48.473643,XRP-USDT,3.2339,3.234,2423.2,3490.927861
2025-07-24T15:28:48.477649,SOL-USDT,189.09,189.1,14.10001,97.581654
2025-07-24T15:28:48.520172,LTC-USDT,114.35,114.36,2.0,9.537563
2025-07-24T15:28:48.569964,BTC-USDT,119000.0,119000.1,0.22705676,0.54423277
2025-07-24T15:28:48.591408,XRP-USDT,3.2339,3.234,2604.303894,302.727861
2025-07-24T15:28:48.619264,LTC-USDT,114.35,114.36,2.0,9.527563
2025-07-24T15:28:48.679850,BTC-USDT,119000.0,119000.1,0.22705676,0.49416397
2025-07-24T15:28:48.720566,XRP-USDT,3.2342,3.2343,3738.68831,89.017052
2025-07-24T15:28:48.723584,SOL-USDT,189.09,189.1,15.93695,97.581654
2025-07-24T15:28:48.725208,ETH-USDT,3738.65,3738.66,4.984,8.166453
2025-07-24T15:28:48.813053,BTC-USDT,119000.0,119000.1,0.35607654,0.25726686
2025-07-24T15:28:48.826533,ETH-USDT,3738.65,3738.66,9.73675,1.254659
2025-07-24T15:28:48.833668,XRP-USDT,3.2342,3.2343,3837.709326,3277.217052
2025-07-24T15:28:48.881439,SOL-USDT,189.1,189.11,46.169958,43.288322
2025-07-24T15:28:48.909317,BTC-USDT,119000.0,119000.1,0.35607654,0.33811076
2025-07-24T15:28:48.974859,ETH-USDT,3738.65,3738.66,3.236,9.005872
2025-07-24T15:28:48.989502,XRP-USDT,3.2341,3.2343,2449.406038,2512.217052
2025-07-24T15:28:49.022382,BTC-USDT,119000.0,119000.1,0.31606054,0.33811076
2025-07-24T15:28:49.023818,SOL-USDT,189.09,189.1,68.883368,78.284084
2025-07-24T15:28:49.098444,ETH-USDT,3738.65,3738.66,1.436148,9.005872
2025-07-24T15:28:49.106114,XRP-USDT,3.2342,3.2343,681.223828,2469.791412
2025-07-24T15:28:49.174180,SOL-USDT,189.09,189.1,41.725074,69.852084
2025-07-24T15:28:49.200840,ETH-USDT,3738.65,3738.66,0.936373,9.005872
2025-07-24T15:28:49.212940,XRP-USDT,3.2341,3.2342,835.961494,3188.2
2025-07-24T15:28:49.274044,BTC-USDT,119000.0,119000.1,0.31606054,0.50811076
2025-07-24T15:28:49.319945,ETH-USDT,3738.65,3738.66,0.534473,9.005872
2025-07-24T15:28:49.320011,XRP-USDT,3.2341,3.2342,3214.19094,92.991373
2025-07-24T15:28:49.412327,SOL-USDT,189.1,189.11,32.7648,52.063992
2025-07-24T15:28:49.419097,ETH-USDT,3738.65,3738.66,7.459013,1.323256
2025-07-24T15:28:49.428249,XRP-USDT,3.2341,3.2346,3818.896194,94.287342
2025-07-24T15:28:49.430157,LTC-USDT,114.35,114.36,7.823591,4.577563
2025-07-24T15:28:49.517240,SOL-USDT,189.11,189.12,23.249253,13.157473
2025-07-24T15:28:49.518968,ETH-USDT,3738.65,3738.66,8.230973,1.254659
2025-07-24T15:28:49.521310,BTC-USDT,119000.0,119000.1,0.31606054,0.33811076
2025-07-24T15:28:49.575279,XRP-USDT,3.235,3.2352,1806.631439,3404.927223
2025-07-24T15:28:49.579588,LTC-USDT,114.37,114.38,2.93559,0.01
2025-07-24T15:28:49.626072,SOL-USDT,189.13,189.14,24.616904,23.007143
2025-07-24T15:28:49.627691,ETH-USDT,3738.65,3738.66,8.114427,1.254659
2025-07-24T15:28:49.630298,BTC-USDT,119000.0,119000.1,0.56350554,0.11694763
2025-07-24T15:28:49.683041,XRP-USDT,3.2351,3.2352,2343.9376,3404.927223
2025-07-24T15:28:49.687005,LTC-USDT,114.37,114.38,2.93559,4.96
2025-07-24T15:28:49.727045,ETH-USDT,3738.65,3738.66,3.935427,5.916275
2025-07-24T15:28:49.774344,SOL-USDT,189.12,189.13,5.4088,79.81363
2025-07-24T15:28:49.781469,BTC-USDT,119000.0,119000.1,0.49290554,0.222163
2025-07-24T15:28:49.815792,XRP-USDT,3.2347,3.2348,1.0,3475.836504
2025-07-24T15:28:49.824672,LTC-USDT,114.36,114.37,4.553736,4.95
2025-07-24T15:28:49.824929,ETH-USDT,3738.65,3738.66,3.935427,5.516275
2025-07-24T15:28:49.882021,BTC-USDT,119000.0,119000.1,0.49542654,0.11714763
2025-07-24T15:28:49.884968,SOL-USDT,189.12,189.13,30.95465,79.81363
2025-07-24T15:28:49.915888,XRP-USDT,3.2347,3.2348,1.0,2710.836504
2025-07-24T15:28:49.980257,ETH-USDT,3738.65,3738.66,6.526427,0.854659
2025-07-24T15:28:49.986003,SOL-USDT,189.12,189.13,13.763024,79.81363
2025-07-24T15:28:50.023535,XRP-USDT,3.2347,3.2348,2570.70208,2423.2
2025-07-24T15:28:50.093270,BTC-USDT,119000.0,119000.1,0.49542654,0.2380647
2025-07-24T15:28:50.094956,SOL-USDT,189.12,189.13,22.299288,79.81363
2025-07-24T15:28:50.119681,ETH-USDT,3738.65,3738.66,8.677967,0.854659
2025-07-24T15:28:50.134540,XRP-USDT,3.2347,3.2348,2646.349805,2423.2
2025-07-24T15:28:50.198589,BTC-USDT,119000.0,119000.1,0.62543655,0.26342042
2025-07-24T15:28:50.303812,BTC-USDT,119000.0,119000.2,0.38196655,0.084044
2025-07-24T15:28:50.327311,LTC-USDT,114.37,114.38,12.18566,4.343997
2025-07-24T15:28:50.327365,SOL-USDT,189.12,189.13,44.983153,79.81363
2025-07-24T15:28:50.329882,ETH-USDT,3738.65,3739.22,10.404187,0.100176
2025-07-24T15:28:50.339950,XRP-USDT,3.2353,3.2354,5747.886163,4.0
2025-07-24T15:28:50.415124,BTC-USDT,119001.0,119001.1,0.36071306,0.02782163
2025-07-24T15:28:50.430928,ETH-USDT,3739.5,3739.51,23.291222,0.448368
2025-07-24T15:28:50.432025,SOL-USDT,189.17,189.18,86.830178,35.255064
2025-07-24T15:28:50.434231,LTC-USDT,114.38,114.4,9.32566,0.01
2025-07-24T15:28:50.464710,XRP-USDT,3.236,3.2362,4027.520332,1.5
2025-07-24T15:28:50.515732,BTC-USDT,119001.0,119001.1,0.98818291,0.02782163
2025-07-24T15:28:50.554213,SOL-USDT,189.18,189.19,37.277954,22.014766
2025-07-24T15:28:50.588089,LTC-USDT,114.39,114.4,25.018329,0.01
2025-07-24T15:28:50.605891,XRP-USDT,3.236,3.2362,333.0,5638.219926
2025-07-24T15:28:50.618936,BTC-USDT,119001.0,119001.1,0.98818291,0.02779222
2025-07-24T15:28:50.679327,SOL-USDT,189.19,189.2,76.42372,79.338181
2025-07-24T15:28:50.688430,ETH-USDT,3739.65,3739.88,12.750548,0.9185
2025-07-24T15:28:50.731165,BTC-USDT,119001.0,119001.1,1.03179791,0.02779222
2025-07-24T15:28:50.731217,XRP-USDT,3.236,3.2361,1.0,3622.603399
2025-07-24T15:28:50.788831,SOL-USDT,189.19,189.2,79.12372,15.902575
2025-07-24T15:28:50.819270,ETH-USDT,3739.87,3739.88,11.569819,0.9185
2025-07-24T15:28:50.823518,LTC-USDT,114.39,114.4,30.587449,8.4e-05
2025-07-24T15:28:50.881474,XRP-USDT,3.236,3.2361,1.0,3792.78982
2025-07-24T15:28:50.888221,SOL-USDT,189.19,189.2,78.851928,36.536302
2025-07-24T15:28:50.916211,ETH-USDT,3739.87,3739.88,9.777319,0.9185
2025-07-24T15:28:51.018744,XRP-USDT,3.236,3.2361,1.0,3696.720332
2025-07-24T15:28:51.018796,SOL-USDT,189.19,189.2,87.736208,8.693052
2025-07-24T15:28:51.080737,LTC-USDT,114.39,114.4,32.687449,8.4e-05
2025-07-24T15:28:51.097156,BTC-USDT,119001.0,119001.1,1.03260166,0.02859598
2025-07-24T15:28:51.116124,SOL-USDT,189.2,189.21,136.205222,2.707716
2025-07-24T15:28:51.123318,ETH-USDT,3739.95,3739.96,15.827437,4.545449
2025-07-24T15:28:51.140691,XRP-USDT,3.2361,3.2362,3694.920332,92.991379
2025-07-24T15:28:51.183531,LTC-USDT,114.39,114.4,33.56062,8.4e-05
2025-07-24T15:28:51.233016,SOL-USDT,189.21,189.22,84.738002,13.689911
2025-07-24T15:28:51.243438,ETH-USDT,3740.35,3740.36,7.189063,0.0001
2025-07-24T15:28:51.277182,XRP-USDT,3.2361,3.2362,4026.920332,92.991379
2025-07-24T15:28:51.322554,LTC-USDT,114.39,114.4,61.297756,8.4e-05
2025-07-24T15:28:51.334409,SOL-USDT,189.21,189.22,84.738002,43.712241
2025-07-24T15:28:51.345288,ETH-USDT,3740.35,3740.36,8.71726,0.0001
2025-07-24T15:28:51.390058,XRP-USDT,3.2361,3.2362,175.647725,3281.191379
2025-07-24T15:28:51.431298,LTC-USDT,114.39,114.4,84.869912,8.4e-05
2025-07-24T15:28:51.433314,BTC-USDT,119012.0,119012.1,1.00675345,0.02738746
2025-07-24T15:28:51.495681,XRP-USDT,3.2361,3.2362,4776.954551,92.991379
2025-07-24T15:28:51.500869,ETH-USDT,3740.79,3740.8,1.505112,0.994
2025-07-24T15:28:51.534302,LTC-USDT,114.41,114.42,38.443606,0.01
2025-07-24T15:28:51.546057,SOL-USDT,189.21,189.22,80.121883,0.167049
2025-07-24T15:28:51.563921,BTC-USDT,119012.0,119012.1,0.89875792,0.02738746
2025-07-24T15:28:51.597568,XRP-USDT,3.2366,3.2367,735.481105,696.652714
2025-07-24T15:28:51.617193,ETH-USDT,3740.77,3740.93,4.348724,0.0026
2025-07-24T15:28:51.641785,LTC-USDT,114.41,114.43,60.415471,0.01
2025-07-24T15:28:51.644109,SOL-USDT,189.25,189.28,246.525779,0.010806
2025-07-24T15:28:51.673130,BTC-USDT,119015.6,119015.7,1.09346382,0.00030276
2025-07-24T15:28:51.707276,XRP-USDT,3.2374,3.2375,2925.8212,5.232773
2025-07-24T15:28:51.727500,ETH-USDT,3741.59,3741.6,8.21392,0.0001
2025-07-24T15:28:51.785056,LTC-USDT,114.45,114.46,10.03762,0.01
2025-07-24T15:28:51.785096,SOL-USDT,189.27,189.3,212.571364,0.305551
2025-07-24T15:28:51.815822,BTC-USDT,119021.9,119026.9,1.40171214,0.01629946
2025-07-24T15:28:51.825989,XRP-USDT,3.2374,3.2375,1840.85416,5.232773
2025-07-24T15:28:51.826032,ETH-USDT,3741.59,3741.75,8.039794,0.0026
2025-07-24T15:28:51.907403,SOL-USDT,189.29,189.3,74.377374,0.305551
2025-07-24T15:28:51.917873,BTC-USDT,119033.9,119034.0,0.82601661,0.02556889
2025-07-24T15:28:51.925949,LTC-USDT,114.45,114.46,12.54762,0.01
2025-07-24T15:28:51.933446,ETH-USDT,3741.96,3741.97,12.750632,0.15
2025-07-24T15:28:51.934351,XRP-USDT,3.2374,3.2375,3593.353728,5.232773
2025-07-24T15:28:52.024489,BTC-USDT,119033.9,119034.0,0.78552329,0.02556889
2025-07-24T15:28:52.029312,LTC-USDT,114.45,114.48,21.610336,0.01
2025-07-24T15:28:52.077764,ETH-USDT,3741.96,3741.97,11.185972,0.15
2025-07-24T15:28:52.124041,SOL-USDT,189.29,189.3,107.259735,0.305551
2025-07-24T15:28:52.175477,LTC-USDT,114.47,114.48,7.37481,0.01
2025-07-24T15:28:52.188833,XRP-USDT,3.2374,3.2375,3513.172412,5.232773
2025-07-24T15:28:52.191388,ETH-USDT,3741.99,3742.0,12.317972,0.0004
2025-07-24T15:28:52.227781,BTC-USDT,119033.9,119034.0,0.82165929,0.04966889
2025-07-24T15:28:52.233258,SOL-USDT,189.29,189.3,46.871838,46.697031
2025-07-24T15:28:52.287825,LTC-USDT,114.47,114.48,7.37481,4.96
2025-07-24T15:28:52.291763,XRP-USDT,3.2374,3.2375,3568.85416,5.232773
2025-07-24T15:28:52.324010,ETH-USDT,3741.99,3742.0,2.862092,7.220904
2025-07-24T15:28:52.357270,BTC-USDT,119033.9,119034.0,0.82165929,0.05112851
2025-07-24T15:28:52.372690,SOL-USDT,189.29,189.3,39.93489,46.81401
2025-07-24T15:28:52.419645,LTC-USDT,114.47,114.48,5.97143,4.96
2025-07-24T15:28:52.421643,ETH-USDT,3741.99,3742.0,5.878092,4.204504
2025-07-24T15:28:52.421697,XRP-USDT,3.2374,3.238,4351.706439,1231.0
2025-07-24T15:28:52.484419,SOL-USDT,189.29,189.3,94.6822,0.42253
2025-07-24T15:28:52.500579,BTC-USDT,119051.9,119052.0,0.29555879,0.5548926
2025-07-24T15:28:52.520179,LTC-USDT,114.47,114.48,7.32566,0.703249
2025-07-24T15:28:52.520219,ETH-USDT,3742.21,3742.22,0.32682,8.263684
2025-07-24T15:28:52.523107,XRP-USDT,3.2379,3.238,4755.121905,3.0
2025-07-24T15:28:52.614738,SOL-USDT,189.29,189.3,85.643859,0.42253
2025-07-24T15:28:52.614926,BTC-USDT,119051.9,119052.0,0.37791907,0.39261053
2025-07-24T15:28:52.621974,ETH-USDT,3742.0,3742.01,0.0001,9.074958
2025-07-24T15:28:52.624001,XRP-USDT,3.2379,3.238,2777.409361,149.50208
2025-07-24T15:28:52.720784,BTC-USDT,119051.9,119052.0,0.26150952,0.30688672
2025-07-24T15:28:52.720824,SOL-USDT,189.29,189.3,85.643859,44.63143
2025-07-24T15:28:52.778705,ETH-USDT,3742.0,3742.01,6.606172,2.745796
2025-07-24T15:28:52.778754,XRP-USDT,3.2379,3.238,3141.823762,3.0
2025-07-24T15:28:52.785551,LTC-USDT,114.47,114.48,7.32566,0.703249
2025-07-24T15:28:52.822300,BTC-USDT,119051.9,119052.0,0.42479611,0.36539894
2025-07-24T15:28:52.827001,SOL-USDT,189.29,189.3,79.96103,21.27253
2025-07-24T15:28:52.886356,XRP-USDT,3.2379,3.238,2529.5688,2426.2
2025-07-24T15:28:52.918375,ETH-USDT,3742.0,3742.01,2.198481,4.804868
2025-07-24T15:28:52.918426,LTC-USDT,114.47,114.48,1.44007,5.653249
2025-07-24T15:28:52.977454,SOL-USDT,189.29,189.3,79.96103,0.42253
2025-07-24T15:28:52.977496,BTC-USDT,119051.9,119052.0,0.28156611,0.36783338
2025-07-24T15:28:53.015687,XRP-USDT,3.2379,3.238,2220.69698,2426.2
2025-07-24T15:28:53.015755,ETH-USDT,3742.0,3742.01,2.198481,4.804868
2025-07-24T15:28:53.021648,LTC-USDT,114.47,114.48,2.37566,0.703249
2025-07-24T15:28:53.086988,SOL-USDT,189.29,189.32,80.751072,0.110926
2025-07-24T15:28:53.110321,BTC-USDT,119051.9,119052.0,0.45156611,0.39657338
2025-07-24T15:28:53.113059,ETH-USDT,3742.0,3742.01,4.118481,3.470293
2025-07-24T15:28:53.119535,LTC-USDT,114.47,114.48,7.32566,0.703249
2025-07-24T15:28:53.173814,XRP-USDT,3.2379,3.238,5128.76786,3.0
2025-07-24T15:28:53.212553,BTC-USDT,119051.9,119052.0,0.44534511,0.39867194
2025-07-24T15:28:53.212599,SOL-USDT,189.31,189.32,51.956976,23.452575
2025-07-24T15:28:53.228152,LTC-USDT,114.47,114.48,9.32566,0.703249
2025-07-24T15:28:53.294632,XRP-USDT,3.2379,3.238,5528.76786,3.0
2025-07-24T15:28:53.319384,SOL-USDT,189.31,189.32,51.328176,40.825825
2025-07-24T15:28:53.328622,ETH-USDT,3742.0,3742.01,2.198481,6.486293
2025-07-24T15:28:53.412400,XRP-USDT,3.2381,3.2382,5257.936602,4.0
2025-07-24T15:28:53.471188,ETH-USDT,3742.0,3742.01,6.331753,3.470293
2025-07-24T15:28:53.471220,SOL-USDT,189.31,189.32,37.250886,40.825825
2025-07-24T15:28:53.472514,BTC-USDT,119051.9,119052.0,0.27534511,0.39976041
2025-07-24T15:28:53.515818,XRP-USDT,3.2381,3.2382,5182.288877,42.996387
2025-07-24T15:28:53.579830,SOL-USDT,189.31,189.32,4.486086,46.447115
2025-07-24T15:28:53.583167,BTC-USDT,119051.9,119052.0,0.27534511,0.40081213
2025-07-24T15:28:53.599142,ETH-USDT,3742.0,3742.01,3.315753,4.56469
2025-07-24T15:28:53.619121,LTC-USDT,114.47,114.48,1.44007,5.653249
2025-07-24T15:28:53.694123,SOL-USDT,189.29,189.3,20.47,86.495919
2025-07-24T15:28:53.700105,BTC-USDT,119051.9,119052.0,0.13036304,0.45139398
2025-07-24T15:28:53.721343,ETH-USDT,3742.0,3742.01,1.10076,9.09019
2025-07-24T15:28:53.737986,XRP-USDT,3.2378,3.2381,400.0,3638.30413
2025-07-24T15:28:53.766209,LTC-USDT,114.46,114.47,2.035,4.95
2025-07-24T15:28:53.812676,BTC-USDT,119047.9,119052.0,0.012643,0.54120498
2025-07-24T15:28:53.812726,SOL-USDT,189.27,189.28,183.555277,27.881424
2025-07-24T15:28:53.816088,ETH-USDT,3741.45,3741.46,7.896001,4.382582
2025-07-24T15:28:53.879744,LTC-USDT,114.46,114.47,0.02,9.99702
2025-07-24T15:28:53.880805,XRP-USDT,3.2376,3.2377,1.308866,5493.542858
2025-07-24T15:28:53.914732,SOL-USDT,189.27,189.28,20.23335,70.685336
2025-07-24T15:28:53.918101,BTC-USDT,119044.0,119044.1,0.07051716,1.0192881
2025-07-24T15:28:53.935306,ETH-USDT,3741.45,3741.46,8.572732,4.090717
2025-07-24T15:28:53.988205,XRP-USDT,3.2376,3.2377,986.956497,4636.795379
2025-07-24T15:28:54.019053,BTC-USDT,119044.0,119044.1,0.06072031,1.02009126
2025-07-24T15:28:54.019686,SOL-USDT,189.27,189.28,30.9577,70.685336
2025-07-24T15:28:54.086731,ETH-USDT,3741.45,3741.46,8.475664,4.090717
2025-07-24T15:28:54.120477,BTC-USDT,119044.0,119044.1,0.48395632,0.1655514
2025-07-24T15:28:54.122530,XRP-USDT,3.2376,3.2377,1.308866,4636.795379
2025-07-24T15:28:54.197286,ETH-USDT,3741.45,3741.46,8.823703,1.31054
2025-07-24T15:28:54.221915,BTC-USDT,119044.0,119044.1,0.48395632,0.1489234
2025-07-24T15:28:54.269890,XRP-USDT,3.2378,3.2379,2414.994015,2561.22529
2025-07-24T15:28:54.274338,LTC-USDT,114.46,114.47,2.892866,4.95
2025-07-24T15:28:54.277457,SOL-USDT,189.28,189.29,50.473396,24.186948
2025-07-24T15:28:54.317372,ETH-USDT,3741.45,3741.46,8.823703,1.31054
2025-07-24T15:28:54.377145,XRP-USDT,3.2375,3.2377,3731.851025,3569.70208
2025-07-24T15:28:54.413561,SOL-USDT,189.28,189.29,50.473396,40.901398
2025-07-24T15:28:54.437784,ETH-USDT,3741.45,3741.46,8.522381,3.740117
2025-07-24T15:28:54.478422,BTC-USDT,119044.0,119044.1,0.51757132,0.1489234
2025-07-24T15:28:54.518042,XRP-USDT,3.2375,3.2376,3502.351025,2569.70208
2025-07-24T15:28:54.518185,SOL-USDT,189.28,189.29,25.728886,46.762688
2025-07-24T15:28:54.582769,ETH-USDT,3741.45,3741.46,3.079804,5.495396
2025-07-24T15:28:54.617002,LTC-USDT,114.46,114.47,0.02,6.67579
2025-07-24T15:28:54.622577,SOL-USDT,189.26,189.27,71.53214,25.662969
2025-07-24T15:28:54.634202,XRP-USDT,3.2371,3.2376,1483.27874,3334.70208
2025-07-24T15:28:54.686771,ETH-USDT,3741.45,3741.46,0.34,7.571456
2025-07-24T15:28:54.715034,BTC-USDT,119044.0,119044.1,0.24002632,0.37202939
2025-07-24T15:28:54.733521,XRP-USDT,3.2371,3.2372,2423.2,2509.87161
2025-07-24T15:28:54.765483,SOL-USDT,189.26,189.27,71.53214,26.232969
2025-07-24T15:28:54.805973,ETH-USDT,3741.07,3741.08,9.091049,6.21546
2025-07-24T15:28:54.813486,BTC-USDT,119044.0,119044.1,0.24002632,0.45466939
2025-07-24T15:28:54.878200,XRP-USDT,3.2371,3.2372,2569.70208,2423.2
2025-07-24T15:28:54.890589,SOL-USDT,189.26,189.27,71.53214,25.662969
2025-07-24T15:28:54.919813,ETH-USDT,3741.07,3741.08,9.192012,2.30454
2025-07-24T15:28:54.979940,LTC-USDT,114.46,114.47,0.02,15.743258
2025-07-24T15:28:54.988628,XRP-USDT,3.2368,3.2369,1451.324842,3423.2
2025-07-24T15:28:55.017728,ETH-USDT,3741.07,3741.08,4.473232,12.465664
2025-07-24T15:28:55.020539,SOL-USDT,189.26,189.27,71.53214,47.03215
2025-07-24T15:28:55.118054,XRP-USDT,3.2368,3.2369,826.8,3432.193684
2025-07-24T15:28:55.124422,ETH-USDT,3741.07,3741.08,4.401895,6.949911
2025-07-24T15:28:55.125277,SOL-USDT,189.26,189.27,66.40574,73.597786
2025-07-24T15:28:55.177387,BTC-USDT,119044.0,119044.1,0.40321944,0.1243334
2025-07-24T15:28:55.218532,LTC-USDT,114.46,114.47,0.02,20.083724
2025-07-24T15:28:55.219924,XRP-USDT,3.2368,3.2369,2570.70208,2516.191381
2025-07-24T15:28:55.225769,ETH-USDT,3741.07,3741.08,8.687565,1.31054
2025-07-24T15:28:55.227631,SOL-USDT,189.26,189.27,68.99899,98.408186
2025-07-24T15:28:55.312334,BTC-USDT,119044.0,119044.1,0.54644944,0.0328334
2025-07-24T15:28:55.322795,LTC-USDT,114.46,114.47,0.02,22.083724
2025-07-24T15:28:55.329434,SOL-USDT,189.26,189.27,20.47,98.408186
2025-07-24T15:28:55.373021,XRP-USDT,3.2368,3.2369,2424.2,2857.005702
2025-07-24T15:28:55.416568,BTC-USDT,119044.0,119044.1,0.58005244,0.0391334
2025-07-24T15:28:55.481773,SOL-USDT,189.25,189.26,2.33,90.162252
2025-07-24T15:28:55.481815,LTC-USDT,114.46,114.47,0.02,38.804982
2025-07-24T15:28:55.493895,ETH-USDT,3741.07,3741.08,4.11739,1.31054
2025-07-24T15:28:55.500939,XRP-USDT,3.2368,3.2369,1.0,2958.410199
2025-07-24T15:28:55.534296,BTC-USDT,119044.0,119044.1,0.1900024,0.38531565
2025-07-24T15:28:55.589947,SOL-USDT,189.25,189.26,6.6,90.162252
2025-07-24T15:28:55.611914,XRP-USDT,3.2368,3.2369,1.0,2865.839237
2025-07-24T15:28:55.613802,ETH-USDT,3741.07,3741.08,4.128053,1.31054
2025-07-24T15:28:55.645227,BTC-USDT,119044.0,119044.1,0.1900024,0.38531565
2025-07-24T15:28:55.730783,SOL-USDT,189.25,189.26,30.81445,72.02454
2025-07-24T15:28:55.772809,LTC-USDT,114.44,114.45,0.02,6.27861
2025-07-24T15:28:55.797345,BTC-USDT,119044.0,119044.1,0.1964024,0.38531565
2025-07-24T15:28:55.823159,SOL-USDT,189.25,189.26,6.6,50.936436
2025-07-24T15:28:55.873279,XRP-USDT,3.2368,3.2369,1.0,3365.839237
2025-07-24T15:28:55.876935,ETH-USDT,3741.07,3741.08,4.128053,11.31054
2025-07-24T15:28:55.975894,ETH-USDT,3741.07,3741.08,4.128053,1.31054
2025-07-24T15:28:56.014956,XRP-USDT,3.2358,3.2369,1567.531472,3365.839237
2025-07-24T15:28:56.015195,BTC-USDT,119044.0,119044.1,0.22105824,0.38531565
2025-07-24T15:28:56.052572,SOL-USDT,189.25,189.26,10.23445,50.936436
2025-07-24T15:28:56.079498,ETH-USDT,3741.07,3741.08,4.181361,1.31054
2025-07-24T15:28:56.151021,XRP-USDT,3.2363,3.2364,2900.351079,2743.90208
2025-07-24T15:28:56.159306,BTC-USDT,119044.0,119044.1,0.21465824,0.5547856
2025-07-24T15:28:56.206222,ETH-USDT,3741.07,3741.08,4.17396,1.31054
2025-07-24T15:28:56.279910,XRP-USDT,3.2363,3.2364,2424.508986,3569.70208
2025-07-24T15:28:56.279954,LTC-USDT,114.44,114.45,0.02,8.27861
2025-07-24T15:28:56.279983,SOL-USDT,189.25,189.26,21.87499,50.936436
2025-07-24T15:28:56.312072,ETH-USDT,3741.07,3741.08,4.57492,1.31054
2025-07-24T15:28:56.376897,LTC-USDT,114.44,114.45,0.02,6.27861
2025-07-24T15:28:56.384372,XRP-USDT,3.2366,3.2367,3334.70208,2292.991138
2025-07-24T15:28:56.390139,SOL-USDT,189.25,189.26,11.97499,50.936436
2025-07-24T15:28:56.514403,SOL-USDT,189.25,189.26,67.19953,33.526805
2025-07-24T15:28:56.514454,LTC-USDT,114.44,114.45,0.02,1.32861
2025-07-24T15:28:56.514899,BTC-USDT,119044.0,119044.1,0.48151216,0.06467854
2025-07-24T15:28:56.517325,XRP-USDT,3.2366,3.2367,3816.697218,92.99138
2025-07-24T15:28:56.531735,ETH-USDT,3741.22,3741.23,5.976447,1.047
2025-07-24T15:28:56.612245,BTC-USDT,119044.0,119044.1,0.46051516,0.07117854
2025-07-24T15:28:56.614051,XRP-USDT,3.2366,3.2367,3634.45208,92.99138
2025-07-24T15:28:56.615269,SOL-USDT,189.25,189.26,19.44379,55.786246
2025-07-24T15:28:56.615308,LTC-USDT,114.44,114.45,0.02,4.95
2025-07-24T15:28:56.679416,ETH-USDT,3741.22,3741.23,3.069458,8.023574
2025-07-24T15:28:56.720130,SOL-USDT,189.25,189.26,18.81499,55.786246
2025-07-24T15:28:56.721045,BTC-USDT,119044.0,119044.1,0.46051516,0.09867854
2025-07-24T15:28:56.781335,ETH-USDT,3741.22,3741.23,3.016,8.023574
2025-07-24T15:28:56.823395,SOL-USDT,189.21,189.22,3.935968,36.347306
2025-07-24T15:28:56.827206,BTC-USDT,119044.0,119044.1,0.42691216,0.15869961
2025-07-24T15:28:56.828631,XRP-USDT,3.2366,3.2367,2390.95,2662.69346
2025-07-24T15:28:56.885255,ETH-USDT,3741.0,3741.01,0.100105,7.634243
2025-07-24T15:28:56.928053,SOL-USDT,189.21,189.22,13.37325,75.238286
2025-07-24T15:28:56.930955,BTC-USDT,119044.0,119044.1,0.04977617,0.3441656
2025-07-24T15:28:56.987951,XRP-USDT,3.2366,3.2367,1.308967,3281.19138
2025-07-24T15:28:56.992004,ETH-USDT,3740.92,3740.93,4.602297,3.584922
2025-07-24T15:28:57.073442,BTC-USDT,119044.0,119044.1,0.04977617,0.64492044
2025-07-24T15:28:57.078552,SOL-USDT,189.21,189.22,21.9877,75.238286
2025-07-24T15:28:57.093522,ETH-USDT,3740.92,3740.93,4.602297,5.416039
2025-07-24T15:28:57.097662,XRP-USDT,3.2366,3.2367,793.6,2516.19138
2025-07-24T15:28:57.212545,ETH-USDT,3740.92,3740.93,4.698754,5.416039
2025-07-24T15:28:57.218019,XRP-USDT,3.2366,3.2367,1242.462057,2662.69346
2025-07-24T15:28:57.225066,LTC-USDT,114.44,114.45,0.02,6.95
2025-07-24T15:28:57.225107,SOL-USDT,189.21,189.22,34.11089,75.238286
2025-07-24T15:28:57.313731,XRP-USDT,3.2366,3.2367,793.6,2640.44081
2025-07-24T15:28:57.316435,ETH-USDT,3740.92,3740.93,4.698754,4.477039
2025-07-24T15:28:57.379652,LTC-USDT,114.44,114.45,0.02,4.95
2025-07-24T15:28:57.529687,XRP-USDT,3.2365,3.2367,3477.865308,2423.2
2025-07-24T15:28:57.575405,SOL-USDT,189.21,189.22,46.63218,42.743836
2025-07-24T15:28:57.625747,LTC-USDT,114.43,114.45,3.539572,4.95
2025-07-24T15:28:57.629447,ETH-USDT,3740.92,3740.93,7.499722,2.42454
2025-07-24T15:28:57.631785,XRP-USDT,3.2365,3.2366,1176.51462,2662.522812
2025-07-24T15:28:57.678333,BTC-USDT,119044.0,119044.1,0.04977617,0.72894144
2025-07-24T15:28:57.678390,SOL-USDT,189.22,189.23,102.673136,21.952596
2025-07-24T15:28:57.768248,XRP-USDT,3.2366,3.2367,273.197703,2423.2
2025-07-24T15:28:57.773427,ETH-USDT,3740.92,3740.93,7.55318,1.31054
2025-07-24T15:28:57.825226,SOL-USDT,189.22,189.23,106.620586,43.827046
2025-07-24T15:28:57.870858,LTC-USDT,114.43,114.45,3.539572,4.95
2025-07-24T15:28:57.903436,ETH-USDT,3741.61,3741.62,10.99216,1.432577
2025-07-24T15:28:57.913789,XRP-USDT,3.2367,3.2369,3520.268755,313.171148
2025-07-24T15:28:57.929809,SOL-USDT,189.25,189.26,103.707616,68.358868
2025-07-24T15:28:57.975598,BTC-USDT,119044.0,119044.1,0.56913323,0.17742438
2025-07-24T15:28:58.015475,XRP-USDT,3.2371,3.2372,2089.367982,3188.2
2025-07-24T15:28:58.015544,LTC-USDT,114.45,114.46,2.93559,138.85571
2025-07-24T15:28:58.015589,ETH-USDT,3741.61,3741.62,8.35866,1.432577
2025-07-24T15:28:58.074970,BTC-USDT,119044.0,119044.1,0.46843323,0.34742438
2025-07-24T15:28:58.077104,SOL-USDT,189.25,189.26,42.62764,67.302093
2025-07-24T15:28:58.121958,ETH-USDT,3741.39,3741.4,7.207255,1.933
2025-07-24T15:28:58.127747,LTC-USDT,114.44,114.45,2.035,4.95
2025-07-24T15:28:58.133768,XRP-USDT,3.2369,3.237,2489.987699,2423.2
2025-07-24T15:28:58.212791,BTC-USDT,119044.0,119044.1,0.29160024,0.47806828
2025-07-24T15:28:58.217812,SOL-USDT,189.23,189.24,43.94445,99.27751
2025-07-24T15:28:58.222211,ETH-USDT,3741.39,3741.4,7.207255,2.30454
2025-07-24T15:28:58.271268,XRP-USDT,3.2369,3.237,2424.508929,2519.48702
2025-07-24T15:28:58.321180,ETH-USDT,3741.39,3741.4,2.194939,5.725863
2025-07-24T15:28:58.321752,SOL-USDT,189.23,189.24,2.65,99.27751
2025-07-24T15:28:58.392502,XRP-USDT,3.2368,3.237,2371.016095,3334.70208
2025-07-24T15:28:58.468431,BTC-USDT,119044.0,119044.1,0.18155525,0.54648228
2025-07-24T15:28:58.478496,LTC-USDT,114.44,114.45,0.035,4.95
2025-07-24T15:28:58.478539,SOL-USDT,189.22,189.23,7.69,98.983779
2025-07-24T15:28:58.479662,ETH-USDT,3741.26,3741.27,6.195065,3.733117
2025-07-24T15:28:58.511983,XRP-USDT,3.2368,3.2369,2.308933,5594.482945
2025-07-24T15:28:58.567982,BTC-USDT,119044.0,119044.1,0.18155525,0.5319739
2025-07-24T15:28:58.587627,LTC-USDT,114.44,114.45,0.015,4.95
2025-07-24T15:28:58.619235,ETH-USDT,3741.26,3741.27,5.437577,6.220317
2025-07-24T15:28:58.619285,SOL-USDT,189.22,189.23,1.482767,98.983779
2025-07-24T15:28:58.619320,XRP-USDT,3.2368,3.2369,1.308933,5594.482945
2025-07-24T15:28:58.715633,ETH-USDT,3741.26,3741.27,4.443577,6.220317
2025-07-24T15:28:58.722144,SOL-USDT,189.22,189.23,60.795767,52.055918
2025-07-24T15:28:58.766883,XRP-USDT,3.2368,3.2369,1.308933,4829.482945
2025-07-24T15:28:58.814786,ETH-USDT,3741.26,3741.27,4.443577,5.116317
2025-07-24T15:28:58.816491,SOL-USDT,189.22,189.23,60.795767,15.63
2025-07-24T15:28:58.877756,XRP-USDT,3.2375,3.2376,201.351025,3426.757504
2025-07-24T15:28:58.927085,LTC-USDT,114.44,114.46,0.015,138.85571
2025-07-24T15:28:58.975472,SOL-USDT,189.23,189.24,56.82925,22.47
2025-07-24T15:28:58.982373,XRP-USDT,3.2375,3.2376,2423.2,3619.251059
2025-07-24T15:28:59.022170,BTC-USDT,119044.0,119044.1,0.18155525,0.49325709
2025-07-24T15:28:59.026647,LTC-USDT,114.44,114.46,0.035,138.85571
2025-07-24T15:28:59.072938,ETH-USDT,3741.26,3741.27,4.844545,5.116317
2025-07-24T15:28:59.120834,BTC-USDT,119044.0,119044.1,0.18155525,0.52237244
2025-07-24T15:28:59.120879,XRP-USDT,3.2375,3.2376,2569.70208,3564.431367
2025-07-24T15:28:59.172638,LTC-USDT,114.45,114.46,2.93559,138.85571
2025-07-24T15:28:59.176559,ETH-USDT,3741.26,3741.27,7.334085,1.31054
2025-07-24T15:28:59.217692,SOL-USDT,189.23,189.24,60.776597,14.78
2025-07-24T15:28:59.217809,XRP-USDT,3.2375,3.2376,2901.70208,138.982858
2025-07-24T15:28:59.273268,BTC-USDT,119044.0,119044.1,0.24255525,0.51229144
2025-07-24T15:28:59.318432,ETH-USDT,3741.26,3741.27,7.387538,1.31054
2025-07-24T15:28:59.383809,BTC-USDT,119044.0,119044.1,0.18795525,0.51229144
2025-07-24T15:28:59.410871,LTC-USDT,114.45,114.46,3.808495,138.85571
2025-07-24T15:28:59.421010,ETH-USDT,3741.26,3741.27,8.221113,1.31054
2025-07-24T15:28:59.476989,XRP-USDT,3.2375,3.2376,2423.2,3390.352988
2025-07-24T15:28:59.514749,BTC-USDT,119044.0,119044.1,0.18155525,0.51217176
2025-07-24T15:28:59.538541,LTC-USDT,114.45,114.46,0.872905,138.85571
2025-07-24T15:28:59.563913,SOL-USDT,189.23,189.24,71.763984,47.09019
2025-07-24T15:28:59.574724,ETH-USDT,3741.26,3741.27,10.621113,1.31054
2025-07-24T15:28:59.617571,BTC-USDT,119044.0,119044.1,0.18155525,0.51217176
2025-07-24T15:28:59.710482,ETH-USDT,3741.26,3741.27,3.0,11.661999
2025-07-24T15:28:59.710545,SOL-USDT,189.23,189.24,8.987387,73.973289
2025-07-24T15:28:59.714094,XRP-USDT,3.2375,3.2376,2423.2,4390.352988
2025-07-24T15:28:59.721043,BTC-USDT,119044.0,119044.1,0.05167318,0.59190176
2025-07-24T15:28:59.780588,LTC-USDT,114.45,114.46,0.872905,139.48652
2025-07-24T15:28:59.815245,SOL-USDT,189.23,189.24,8.987387,129.907289
2025-07-24T15:28:59.815437,ETH-USDT,3741.26,3741.27,3.0,10.893659
2025-07-24T15:28:59.821681,XRP-USDT,3.2372,3.2373,2424.5089,3309.853105
2025-07-24T15:28:59.876904,BTC-USDT,119044.0,119044.1,0.05167318,0.60198276
2025-07-24T15:28:59.919778,SOL-USDT,189.21,189.23,23.800227,124.101622
2025-07-24T15:28:59.919819,XRP-USDT,3.2373,3.2374,2571.01098,3651.2
2025-07-24T15:29:00.016172,SOL-USDT,189.21,189.22,45.744677,107.75891
2025-07-24T15:29:00.017151,ETH-USDT,3741.26,3741.27,3.0,10.893659
2025-07-24T15:29:00.019742,XRP-USDT,3.2373,3.2374,2424.5089,3334.70208
2025-07-24T15:29:00.095048,BTC-USDT,119044.0,119044.1,0.05167318,0.43198276
2025-07-24T15:29:00.118424,LTC-USDT,114.45,114.46,0.872905,139.48652
2025-07-24T15:29:00.124251,SOL-USDT,189.21,189.22,18.410227,107.75891
2025-07-24T15:29:00.160263,ETH-USDT,3741.26,3741.27,3.0,13.045199
2025-07-24T15:29:00.172151,XRP-USDT,3.2368,3.2371,4414.106053,4113.174305
2025-07-24T15:29:00.217700,LTC-USDT,114.43,114.46,4.847015,139.48652
2025-07-24T15:29:00.229439,BTC-USDT,119030.0,119032.2,0.0241,0.50523672
2025-07-24T15:29:00.233578,SOL-USDT,189.16,189.17,0.0015,4.774243
2025-07-24T15:29:00.288502,ETH-USDT,3740.78,3740.79,2.283,8.228798
2025-07-24T15:29:00.288571,XRP-USDT,3.2362,3.2363,3786.570797,1267.6212
2025-07-24T15:29:00.347322,LTC-USDT,114.42,114.43,0.035,4.95
2025-07-24T15:29:00.382713,SOL-USDT,189.16,189.17,66.257023,50.09695
2025-07-24T15:29:00.384043,BTC-USDT,119030.0,119030.1,0.17487317,0.77768591
2025-07-24T15:29:00.387186,XRP-USDT,3.2362,3.2363,555.220567,3052.770797
2025-07-24T15:29:00.399433,ETH-USDT,3740.78,3740.79,2.330715,5.031832
2025-07-24T15:29:00.489896,XRP-USDT,3.2352,3.2354,1.5,2866.941006
2025-07-24T15:29:00.491844,SOL-USDT,189.15,189.16,18.057917,155.790926
2025-07-24T15:29:00.505787,ETH-USDT,3740.78,3740.79,0.338,6.155832
2025-07-24T15:29:00.514263,BTC-USDT,119030.0,119030.1,0.12027317,0.60768591
2025-07-24T15:29:00.613153,BTC-USDT,119022.6,119028.1,0.00046665,0.64784889
2025-07-24T15:29:00.616557,SOL-USDT,189.12,189.13,0.011799,112.799396
2025-07-24T15:29:00.623806,ETH-USDT,3740.0,3740.32,0.0001,15.293161
2025-07-24T15:29:00.630730,XRP-USDT,3.2349,3.235,63.285014,2585.982915
2025-07-24T15:29:00.632448,LTC-USDT,114.42,114.43,1.46007,4.95
2025-07-24T15:29:00.720661,SOL-USDT,189.1,189.13,5.444559,115.062777
2025-07-24T15:29:00.723884,BTC-USDT,119022.6,119022.7,0.04019345,0.61200633
2025-07-24T15:29:00.740925,ETH-USDT,3739.65,3739.66,1.3851,4.950119
2025-07-24T15:29:00.751098,LTC-USDT,114.42,114.43,0.02,4.95
2025-07-24T15:29:00.767769,XRP-USDT,3.2343,3.2344,63.291699,2685.02984
2025-07-24T15:29:00.830013,SOL-USDT,189.08,189.09,0.050164,147.312608
2025-07-24T15:29:00.832037,BTC-USDT,119022.6,119022.7,0.04019345,0.59600633
2025-07-24T15:29:00.836675,ETH-USDT,3739.65,3739.66,1.885912,7.971932
2025-07-24T15:29:00.884993,XRP-USDT,3.234,3.2343,1002.536873,3188.2
2025-07-24T15:29:00.891445,LTC-USDT,114.41,114.42,0.01,30.541114
2025-07-24T15:29:00.950023,SOL-USDT,189.08,189.09,0.050164,162.287261
2025-07-24T15:29:00.972733,BTC-USDT,119022.6,119022.7,0.04659345,0.61514121
2025-07-24T15:29:00.975624,ETH-USDT,3739.65,3739.66,0.49145,4.86901
2025-07-24T15:29:00.999695,XRP-USDT,3.2341,3.2342,2616.615027,1375.430137
2025-07-24T15:29:01.028218,LTC-USDT,114.41,114.42,0.01,32.406145
2025-07-24T15:29:01.053862,SOL-USDT,189.06,189.09,17.263549,166.079857
2025-07-24T15:29:01.090473,ETH-USDT,3739.65,3739.66,0.49145,7.43401
2025-07-24T15:29:01.090516,BTC-USDT,119022.6,119022.7,0.04019345,0.61512421
2025-07-24T15:29:01.115751,XRP-USDT,3.2341,3.2342,2098.20205,1624.074116
2025-07-24T15:29:01.122919,LTC-USDT,114.41,114.42,0.01,36.773615
2025-07-24T15:29:01.176497,SOL-USDT,189.06,189.07,56.878189,84.382731
2025-07-24T15:29:01.211561,BTC-USDT,119022.6,119022.7,0.04019345,0.59619934
2025-07-24T15:29:01.222738,ETH-USDT,3739.65,3739.66,0.49145,5.288491
2025-07-24T15:29:01.224954,XRP-USDT,3.2341,3.2342,4521.40205,1375.430137
2025-07-24T15:29:01.286390,SOL-USDT,189.06,189.07,59.574157,43.520135
2025-07-24T15:29:01.328560,ETH-USDT,3739.65,3739.66,3.4071,3.129508
2025-07-24T15:29:01.328619,BTC-USDT,119022.6,119022.7,0.18790501,0.58355634
2025-07-24T15:29:01.357967,XRP-USDT,3.2346,3.2348,3469.21129,112.5
2025-07-24T15:29:01.379353,LTC-USDT,114.41,114.42,0.01,32.236794
2025-07-24T15:29:01.395878,SOL-USDT,189.1,189.11,161.098015,2.114912
2025-07-24T15:29:01.424991,ETH-USDT,3739.8,3739.93,3.905,0.006688
2025-07-24T15:29:01.474809,XRP-USDT,3.2352,3.2353,3514.351025,165.810173
2025-07-24T15:29:01.481825,BTC-USDT,119022.6,119022.7,0.31789275,0.03044836
2025-07-24T15:29:01.513625,LTC-USDT,114.41,114.42,0.01,16.34797
2025-07-24T15:29:01.517020,SOL-USDT,189.12,189.13,102.369466,20.335279
2025-07-24T15:29:01.576178,ETH-USDT,3739.92,3739.93,9.640908,1.309335
2025-07-24T15:29:01.586505,BTC-USDT,119022.6,119022.7,0.47112275,0.03044836
2025-07-24T15:29:01.615797,LTC-USDT,114.41,114.42,2.323241,4.95
2025-07-24T15:29:01.619622,XRP-USDT,3.2352,3.2353,2423.2,2313.308093
2025-07-24T15:29:01.631858,SOL-USDT,189.12,189.13,102.998266,19.278259
2025-07-24T15:29:01.688803,BTC-USDT,119022.6,119022.7,0.45512275,0.19512626
2025-07-24T15:29:01.689745,ETH-USDT,3739.92,3739.93,11.792448,1.309335
2025-07-24T15:29:01.716176,LTC-USDT,114.41,114.42,1.45007,4.95
2025-07-24T15:29:01.717217,XRP-USDT,3.2352,3.2353,2423.2,1548.308093
2025-07-24T15:29:01.721922,SOL-USDT,189.12,189.13,54.146688,43.83178
2025-07-24T15:29:01.815067,ETH-USDT,3739.92,3739.93,11.845919,1.309335
2025-07-24T15:29:01.824277,XRP-USDT,3.2351,3.2352,894.2,3188.2
2025-07-24T15:29:01.831335,SOL-USDT,189.12,189.13,54.146688,45.47178
2025-07-24T15:29:01.876400,LTC-USDT,114.41,114.42,0.01,4.95
2025-07-24T15:29:01.916458,ETH-USDT,3739.92,3739.93,9.719798,1.309335
2025-07-24T15:29:01.932815,SOL-USDT,189.12,189.13,54.146688,13.078848
2025-07-24T15:29:01.941221,XRP-USDT,3.2352,3.2353,2450.251025,19.308093
2025-07-24T15:29:02.025417,BTC-USDT,119022.6,119022.7,0.65302192,0.11109226
2025-07-24T15:29:02.081440,SOL-USDT,189.12,189.13,54.146688,13.208848
2025-07-24T15:29:02.084621,XRP-USDT,3.2352,3.2353,2782.251025,19.308093
2025-07-24T15:29:02.119383,ETH-USDT,3739.92,3739.93,11.871338,1.309335
2025-07-24T15:29:02.126083,BTC-USDT,119022.6,119022.7,0.73275192,0.06009226
2025-07-24T15:29:02.191027,SOL-USDT,189.12,189.13,54.146688,18.218848
2025-07-24T15:29:02.211633,LTC-USDT,114.41,114.42,2.01,4.95
2025-07-24T15:29:02.212982,XRP-USDT,3.2352,3.2353,2928.753105,19.308093
2025-07-24T15:29:02.282659,BTC-USDT,119022.6,119022.7,0.73527292,0.03109226
2025-07-24T15:29:02.318756,XRP-USDT,3.2352,3.2353,2423.2,2459.810173
2025-07-24T15:29:02.318803,SOL-USDT,189.13,189.14,39.407217,23.462575
2025-07-24T15:29:02.379094,ETH-USDT,3739.92,3739.93,9.288229,1.309335
2025-07-24T15:29:02.414250,LTC-USDT,114.41,114.42,0.01,4.95
2025-07-24T15:29:02.420580,SOL-USDT,189.13,189.14,10.2948,45.589971
2025-07-24T15:29:02.423297,BTC-USDT,119022.6,119022.7,0.65554292,0.06027531
2025-07-24T15:29:02.469395,XRP-USDT,3.2352,3.2353,2423.2,1694.810173
2025-07-24T15:29:02.495656,ETH-USDT,3739.92,3739.93,11.492505,1.309335
2025-07-24T15:29:02.525161,BTC-USDT,119022.6,119022.7,0.65528992,0.14430631
2025-07-24T15:29:02.531158,SOL-USDT,189.13,189.14,27.6248,45.589971
2025-07-24T15:29:02.577534,XRP-USDT,3.2352,3.2353,2901.70208,19.308093
2025-07-24T15:29:02.619264,ETH-USDT,3739.99,3740.08,6.945224,0.0026
2025-07-24T15:29:02.679111,SOL-USDT,189.14,189.15,255.911985,20.23445
2025-07-24T15:29:02.720893,XRP-USDT,3.2352,3.2353,3007.379976,19.308093
2025-07-24T15:29:02.723044,ETH-USDT,3740.26,3740.27,10.072982,1.004008
2025-07-24T15:29:02.822708,SOL-USDT,189.14,189.15,256.702027,0.16445
2025-07-24T15:29:02.822863,BTC-USDT,119022.6,119022.7,0.65302192,0.14430631
2025-07-24T15:29:02.835657,ETH-USDT,3740.26,3740.27,9.635649,5.094044
2025-07-24T15:29:02.923794,SOL-USDT,189.14,189.15,266.808167,0.16445
2025-07-24T15:29:02.928628,XRP-USDT,3.2352,3.2353,3776.676871,19.308093
2025-07-24T15:29:02.973073,BTC-USDT,119022.6,119022.7,0.65528992,0.14430631
2025-07-24T15:29:03.029843,SOL-USDT,189.14,189.15,10.10614,66.786182
2025-07-24T15:29:03.078808,XRP-USDT,3.2351,3.2352,1.309096,3765.22278
2025-07-24T15:29:03.086985,BTC-USDT,119022.6,119022.7,0.31842275,0.31827612
2025-07-24T15:29:03.116670,ETH-USDT,3740.0,3740.01,0.0001,15.700709
2025-07-24T15:29:03.135289,SOL-USDT,189.14,189.15,25.43614,93.040481
2025-07-24T15:29:03.181669,XRP-USDT,3.235,3.2351,2424.50912,2148.065089
2025-07-24T15:29:03.187583,BTC-USDT,119022.6,119022.7,0.227435,0.31907943
2025-07-24T15:29:03.213970,ETH-USDT,3739.92,3739.93,0.025419,10.758563
2025-07-24T15:29:03.224315,LTC-USDT,114.41,114.42,0.01,6.95
2025-07-24T15:29:03.296260,SOL-USDT,189.13,189.14,1.793895,53.93225
2025-07-24T15:29:03.325375,ETH-USDT,3739.92,3739.93,0.025419,10.655973
2025-07-24T15:29:03.325414,XRP-USDT,3.235,3.2351,1.30912,2375.11025
2025-07-24T15:29:03.334277,LTC-USDT,114.41,114.42,0.883286,6.95
2025-07-24T15:29:03.414102,BTC-USDT,119022.6,119022.7,0.25295246,0.34596643
2025-07-24T15:29:03.418044,SOL-USDT,189.12,189.13,48.068206,1.62
2025-07-24T15:29:03.518681,XRP-USDT,3.235,3.2351,2424.50912,3284.632968
2025-07-24T15:29:03.520341,SOL-USDT,189.12,189.13,73.75656,20.282856
2025-07-24T15:29:03.524757,ETH-USDT,3739.92,3739.93,3.041419,6.118667
2025-07-24T15:29:03.524817,BTC-USDT,119022.6,119022.7,0.30755246,0.34596643
2025-07-24T15:29:03.655884,BTC-USDT,119022.6,119022.7,0.25295246,0.34596643
2025-07-24T15:29:03.655926,XRP-USDT,3.2347,3.2348,2424.2,4983.211758
2025-07-24T15:29:03.657759,SOL-USDT,189.12,189.13,59.621153,22.47
2025-07-24T15:29:03.671456,ETH-USDT,3739.92,3739.93,0.025419,8.683667
2025-07-24T15:29:03.702133,LTC-USDT,114.41,114.42,0.01,8.36392
2025-07-24T15:29:03.777405,XRP-USDT,3.2348,3.2349,2423.2,439.791749
2025-07-24T15:29:03.777454,BTC-USDT,119022.6,119022.7,0.17496472,0.34031417
2025-07-24T15:29:03.784578,SOL-USDT,189.14,189.15,25.64938,98.966449
2025-07-24T15:29:03.811474,ETH-USDT,3739.92,3739.93,0.608419,7.513853
2025-07-24T15:29:03.832802,LTC-USDT,114.41,114.42,0.01,6.95
2025-07-24T15:29:04.009431,XRP-USDT,3.2349,3.235,2713.651025,1887.632182
2025-07-24T15:29:04.009473,BTC-USDT,119022.6,119022.7,0.17496472,0.42095807
2025-07-24T15:29:04.009510,ETH-USDT,3739.92,3739.93,0.025419,7.513853
2025-07-24T15:29:04.009547,SOL-USDT,189.14,189.15,16.19338,98.966449
2025-07-24T15:29:04.075907,XRP-USDT,3.2349,3.235,2423.2,4457.334262
2025-07-24T15:29:04.075954,ETH-USDT,3739.92,3739.93,0.608419,7.513853
2025-07-24T15:29:04.075989,BTC-USDT,119022.6,119022.7,0.23338434,0.59095807
2025-07-24T15:29:04.076016,SOL-USDT,189.14,189.15,27.924526,98.966449
2025-07-24T15:29:04.076039,LTC-USDT,114.41,114.42,0.883286,6.95
2025-07-24T15:29:04.146127,XRP-USDT,3.2348,3.2349,2424.509134,3236.642496
2025-07-24T15:29:04.146196,ETH-USDT,3739.92,3739.93,0.025419,9.091353
2025-07-24T15:29:04.146246,LTC-USDT,114.41,114.42,0.883286,8.62395
2025-07-24T15:29:04.146291,SOL-USDT,189.14,189.15,37.362933,98.337649
2025-07-24T15:29:04.146336,BTC-USDT,119022.6,119022.7,0.1942657,0.42095807
2025-07-24T15:29:04.231172,ETH-USDT,3739.92,3739.93,0.025419,10.404131
2025-07-24T15:29:04.303465,BTC-USDT,119022.6,119022.7,0.14378861,0.42095807
2025-07-24T15:29:04.303503,XRP-USDT,3.2346,3.2347,2423.2,4720.830887
2025-07-24T15:29:04.303536,SOL-USDT,189.14,189.15,9.438407,98.966449
2025-07-24T15:29:04.303560,LTC-USDT,114.41,114.42,0.01,8.62395
2025-07-24T15:29:04.384532,BTC-USDT,119022.6,119022.7,0.18574129,0.59285526
2025-07-24T15:29:04.384901,SOL-USDT,189.12,189.13,9.438407,83.858286
2025-07-24T15:29:04.390001,XRP-USDT,3.2346,3.2347,2423.2,3770.681942
2025-07-24T15:29:04.475211,ETH-USDT,3739.92,3739.93,0.025419,13.431171
2025-07-24T15:29:04.623778,SOL-USDT,189.11,189.12,25.776932,44.67454
2025-07-24T15:29:04.629403,XRP-USDT,3.2345,3.2346,1.309158,4644.91092
2025-07-24T15:29:04.720152,SOL-USDT,189.11,189.12,34.48899,43.664943
2025-07-24T15:29:04.725842,BTC-USDT,119022.6,119022.7,0.03650653,0.67258526
2025-07-24T15:29:04.772708,XRP-USDT,3.2343,3.2344,2424.509182,3263.242096
2025-07-24T15:29:04.812757,ETH-USDT,3739.92,3739.93,0.025419,13.711951
2025-07-24T15:29:04.874000,BTC-USDT,119022.6,119022.7,0.02650653,0.67258526
2025-07-24T15:29:04.878494,SOL-USDT,189.11,189.12,44.540439,7.241693
2025-07-24T15:29:04.905181,XRP-USDT,3.2343,3.2344,2424.509182,2913.495766
2025-07-24T15:29:04.972652,LTC-USDT,114.41,114.42,0.01,6.95
2025-07-24T15:29:04.979056,SOL-USDT,189.12,189.13,60.904396,38.003225
2025-07-24T15:29:04.979332,BTC-USDT,119022.6,119022.7,0.12650653,0.67258526
2025-07-24T15:29:05.025351,XRP-USDT,3.2343,3.2344,2424.509182,2650.851025
2025-07-24T15:29:05.027071,ETH-USDT,3739.92,3739.93,0.025419,11.560411
2025-07-24T15:29:05.124799,LTC-USDT,114.41,114.42,0.883248,6.95
2025-07-24T15:29:05.124841,SOL-USDT,189.12,189.13,60.904396,53.633225
2025-07-24T15:29:05.124876,BTC-USDT,119022.6,119022.7,0.02650653,0.67258526
2025-07-24T15:29:05.134830,XRP-USDT,3.2341,3.2342,1.309196,3680.853105
2025-07-24T15:29:05.214089,LTC-USDT,114.41,114.42,0.01,6.95
2025-07-24T15:29:05.236848,BTC-USDT,119022.6,119022.7,0.02650653,0.72258526
2025-07-24T15:29:05.239501,SOL-USDT,189.11,189.12,17.48814,113.287353
2025-07-24T15:29:05.274833,ETH-USDT,3739.92,3739.93,0.025419,13.711951
2025-07-24T15:29:05.379306,SOL-USDT,189.11,189.12,66.583922,60.773396
2025-07-24T15:29:05.425072,LTC-USDT,114.41,114.42,0.883286,10.93033
2025-07-24T15:29:05.514935,SOL-USDT,189.12,189.13,85.235018,53.633225
2025-07-24T15:29:05.514997,XRP-USDT,3.2341,3.2342,2726.257733,232.16297
2025-07-24T15:29:05.515089,ETH-USDT,3739.92,3739.93,0.025419,11.560411
2025-07-24T15:29:05.617037,SOL-USDT,189.12,189.13,82.53905,53.633225
2025-07-24T15:29:05.619032,XRP-USDT,3.2343,3.2344,2569.70208,1594.681722
2025-07-24T15:29:05.716045,XRP-USDT,3.2343,3.2344,2423.2,1741.183802
2025-07-24T15:29:05.731381,SOL-USDT,189.12,189.13,38.9448,54.262025
2025-07-24T15:29:05.820299,XRP-USDT,3.2343,3.2344,2569.70208,1594.681722
2025-07-24T15:29:05.821954,ETH-USDT,3739.92,3739.93,0.025419,12.399173
2025-07-24T15:29:05.892833,SOL-USDT,189.11,189.12,15.63,53.87139
2025-07-24T15:29:05.919900,BTC-USDT,119022.6,119022.7,0.011799,0.72258526
2025-07-24T15:29:06.028644,SOL-USDT,189.11,189.12,41.39739,31.29694
2025-07-24T15:29:06.074230,XRP-USDT,3.2343,3.2344,2423.2,1594.681722
2025-07-24T15:29:06.146113,BTC-USDT,119022.6,119022.7,0.011799,0.74172014
2025-07-24T15:29:06.147430,SOL-USDT,189.11,189.12,41.39739,45.41139
2025-07-24T15:29:06.201483,XRP-USDT,3.2343,3.2344,2423.2,1693.026082
2025-07-24T15:29:06.287021,SOL-USDT,189.09,189.1,90.925686,74.09467
2025-07-24T15:29:06.310999,XRP-USDT,3.2342,3.2343,894.2,6196.065248
2025-07-24T15:29:06.413901,SOL-USDT,189.11,189.12,38.33925,63.074186
2025-07-24T15:29:06.415542,BTC-USDT,119022.6,119022.7,0.011799,0.72258526
2025-07-24T15:29:06.417590,XRP-USDT,3.2342,3.2343,1040.70208,765.0
2025-07-24T15:29:06.526734,ETH-USDT,3739.92,3739.93,0.025419,9.999173
2025-07-24T15:29:06.668144,XRP-USDT,3.234,3.2341,2607.586715,524.848274
2025-07-24T15:29:06.778871,XRP-USDT,3.2342,3.2343,2423.2,3849.242822
2025-07-24T15:29:06.816151,SOL-USDT,189.11,189.12,23.0988,63.702986
2025-07-24T15:29:06.874309,BTC-USDT,119022.6,119022.7,0.011799,0.74172014
2025-07-24T15:29:06.911719,ETH-USDT,3739.92,3739.93,0.025419,7.847633
2025-07-24T15:29:06.917390,XRP-USDT,3.2342,3.2343,2423.2,3683.753817
2025-07-24T15:29:06.982434,BTC-USDT,119022.6,119022.7,0.011799,0.72258526
2025-07-24T15:29:07.021855,ETH-USDT,3739.92,3739.93,0.024174,7.847633
2025-07-24T15:29:07.022994,XRP-USDT,3.2342,3.2343,2464.99973,3683.753817
2025-07-24T15:29:07.075765,SOL-USDT,189.11,189.12,23.0988,57.7777
2025-07-24T15:29:07.123768,BTC-USDT,119022.6,119022.7,0.01180915,0.72258526
2025-07-24T15:29:07.167514,ETH-USDT,3739.85,3739.86,3.0,17.827256
2025-07-24T15:29:07.178705,LTC-USDT,114.41,114.42,0.883286,15.2978
2025-07-24T15:29:07.265692,XRP-USDT,3.2342,3.2343,2423.2,3830.255897
2025-07-24T15:29:07.286773,ETH-USDT,3739.85,3739.86,3.008661,17.827256
2025-07-24T15:29:07.371739,SOL-USDT,189.11,189.12,23.0988,64.273919
2025-07-24T15:29:07.380691,XRP-USDT,3.234,3.2341,2426.432773,3855.140416
2025-07-24T15:29:07.475697,SOL-USDT,189.11,189.12,32.753341,64.273919
2025-07-24T15:29:07.479734,BTC-USDT,119022.6,119022.7,0.01180915,0.74172014
2025-07-24T15:29:07.484951,XRP-USDT,3.234,3.2341,2572.934853,3090.140416
2025-07-24T15:29:07.614082,XRP-USDT,3.2341,3.2342,2566.16486,753.317126
2025-07-24T15:29:07.624476,LTC-USDT,114.41,114.42,0.01,11.31747
2025-07-24T15:29:07.727173,LTC-USDT,114.41,114.42,0.01,15.40671
2025-07-24T15:29:07.823017,SOL-USDT,189.11,189.12,30.504541,64.273919
2025-07-24T15:29:07.827085,ETH-USDT,3739.85,3739.86,3.008661,17.80534
2025-07-24T15:29:07.829011,XRP-USDT,3.2341,3.2342,2423.2,1101.004352
2025-07-24T15:29:07.869822,LTC-USDT,114.41,114.42,0.883286,15.40671
2025-07-24T15:29:07.941447,ETH-USDT,3739.85,3739.86,3.008661,18.086116
2025-07-24T15:29:07.977008,BTC-USDT,119022.6,119022.7,0.01180915,0.55258526
2025-07-24T15:29:07.977049,XRP-USDT,3.234,3.2341,2426.432773,3329.47178
2025-07-24T15:29:07.978647,SOL-USDT,189.11,189.12,9.654541,64.273919
2025-07-24T15:29:07.985904,LTC-USDT,114.41,114.42,0.883286,11.03924
2025-07-24T15:29:08.122667,SOL-USDT,189.1,189.11,52.13223,4.820714
2025-07-24T15:29:08.212737,XRP-USDT,3.2341,3.2342,2569.70208,336.004352
2025-07-24T15:29:08.228525,SOL-USDT,189.1,189.11,50.103838,28.65
2025-07-24T15:29:08.284074,ETH-USDT,3739.85,3739.86,3.008661,17.80534
2025-07-24T15:29:08.336782,SOL-USDT,189.1,189.11,50.103838,30.27
2025-07-24T15:29:08.470532,SOL-USDT,189.1,189.11,50.103838,51.7488
2025-07-24T15:29:08.476440,XRP-USDT,3.2341,3.2342,2423.2,3622.639032
2025-07-24T15:29:08.481960,LTC-USDT,114.41,114.42,0.01,11.03924
2025-07-24T15:29:08.585095,XRP-USDT,3.234,3.2341,2425.432773,3334.70208
2025-07-24T15:29:08.603724,SOL-USDT,189.1,189.11,31.713748,51.7488
2025-07-24T15:29:08.622206,ETH-USDT,3739.68,3739.86,0.18,18.086122
2025-07-24T15:29:08.687805,XRP-USDT,3.234,3.2341,2.232773,3666.70208
2025-07-24T15:29:08.723113,SOL-USDT,189.1,189.11,6.54778,51.7488
2025-07-24T15:29:08.733375,ETH-USDT,3739.49,3739.66,0.097682,24.23647
2025-07-24T15:29:08.794227,XRP-USDT,3.234,3.2341,2.232773,3669.347115
2025-07-24T15:29:08.826550,ETH-USDT,3739.21,3739.22,3.166,15.71261
2025-07-24T15:29:08.871142,SOL-USDT,189.09,189.1,27.567556,126.872489
2025-07-24T15:29:08.906569,XRP-USDT,3.2334,3.2341,1.5,17405.793188
2025-07-24T15:29:08.923828,LTC-USDT,114.41,114.42,0.01,15.40671
2025-07-24T15:29:08.932629,ETH-USDT,3739.21,3739.22,3.166,13.14761
2025-07-24T15:29:08.979746,SOL-USDT,189.09,189.1,29.187556,121.42272
2025-07-24T15:29:08.981353,BTC-USDT,119022.6,119022.7,0.01180915,0.72258526
2025-07-24T15:29:09.019695,XRP-USDT,3.2335,3.2336,2423.2,3188.2
2025-07-24T15:29:09.114262,XRP-USDT,3.2333,3.2334,2424.2,1108.20205
2025-07-24T15:29:09.124085,SOL-USDT,189.09,189.1,9.448436,128.548651
2025-07-24T15:29:09.177762,ETH-USDT,3739.21,3739.22,3.561065,12.609688
2025-07-24T15:29:09.179100,LTC-USDT,114.41,114.42,0.01,22.369538
2025-07-24T15:29:09.220149,XRP-USDT,3.2333,3.2334,1.0,3334.70208
2025-07-24T15:29:09.223939,SOL-USDT,189.08,189.09,0.108125,163.228003
2025-07-24T15:29:09.314596,XRP-USDT,3.2334,3.2335,2423.2,3334.70208
2025-07-24T15:29:09.315274,ETH-USDT,3739.21,3739.22,3.170065,12.609688
2025-07-24T15:29:09.381438,SOL-USDT,189.08,189.09,13.86486,143.020599
2025-07-24T15:29:09.417928,ETH-USDT,3739.21,3739.22,0.172122,12.609688
2025-07-24T15:29:09.419520,XRP-USDT,3.2333,3.2334,2424.2,2569.70208
2025-07-24T15:29:09.480386,SOL-USDT,189.07,189.09,4.122273,204.816302
2025-07-24T15:29:09.485343,BTC-USDT,119022.6,119022.7,0.01138863,0.72258526
2025-07-24T15:29:09.524479,LTC-USDT,114.38,114.42,14.522031,22.369538
2025-07-24T15:29:09.524531,XRP-USDT,3.2333,3.2334,2424.2,3334.70208
2025-07-24T15:29:09.591557,BTC-USDT,119022.6,119022.7,0.01138863,0.72258526
2025-07-24T15:29:09.618159,SOL-USDT,189.07,189.08,4.122273,187.690319
2025-07-24T15:29:09.618200,LTC-USDT,114.38,114.39,0.02,9.23912
2025-07-24T15:29:09.648079,XRP-USDT,3.2333,3.2334,895.2,3188.2
2025-07-24T15:29:09.675805,ETH-USDT,3739.21,3739.22,0.172122,16.297778
2025-07-24T15:29:09.711951,BTC-USDT,119022.6,119022.7,0.01431431,0.72258526
2025-07-24T15:29:09.733900,SOL-USDT,189.06,189.07,47.239421,18.36532
2025-07-24T15:29:09.780943,ETH-USDT,3739.21,3739.22,0.172122,15.042688
2025-07-24T15:29:09.799945,XRP-USDT,3.2333,3.2334,2115.88257,317.823794
2025-07-24T15:29:09.847179,LTC-USDT,114.38,114.39,5.12,7.23912
2025-07-24T15:29:09.916174,XRP-USDT,3.2333,3.2334,1934.80413,765.0
2025-07-24T15:29:09.929632,SOL-USDT,189.07,189.08,32.7648,47.772066
2025-07-24T15:29:09.977421,LTC-USDT,114.38,114.39,5.327884,4.95
2025-07-24T15:29:10.014778,XRP-USDT,3.2333,3.2334,1788.30205,765.0
2025-07-24T15:29:10.076837,SOL-USDT,189.07,189.08,22.47,54.269936
2025-07-24T15:29:10.090814,LTC-USDT,114.38,114.39,5.327884,6.95
2025-07-24T15:29:10.122378,ETH-USDT,3739.21,3739.22,0.172122,15.463548
2025-07-24T15:29:10.123397,XRP-USDT,3.2334,3.2335,2691.753105,1492.41
2025-07-24T15:29:10.176170,SOL-USDT,189.07,189.08,32.930299,54.269936
2025-07-24T15:29:10.197833,LTC-USDT,114.38,114.39,5.327884,4.95
2025-07-24T15:29:10.279572,ETH-USDT,3739.21,3739.22,0.172122,15.042688
2025-07-24T15:29:10.291216,XRP-USDT,3.2334,3.2335,2691.753105,727.41
2025-07-24T15:29:10.317967,BTC-USDT,119022.6,119022.7,0.0143263,0.72258526
2025-07-24T15:29:10.319974,SOL-USDT,189.07,189.08,45.364749,43.97947
2025-07-24T15:29:10.386690,XRP-USDT,3.2334,3.2335,2545.251025,1492.41
2025-07-24T15:29:10.519877,ETH-USDT,3739.21,3739.22,0.172122,17.242688
2025-07-24T15:29:10.581834,SOL-USDT,189.07,189.08,45.364749,0.13
2025-07-24T15:29:10.596863,BTC-USDT,119022.6,119022.7,0.0143263,0.64194136
2025-07-24T15:29:10.612819,XRP-USDT,3.2334,3.2335,2639.250445,1492.41
2025-07-24T15:29:10.617645,ETH-USDT,3739.21,3739.22,0.172122,13.397798
2025-07-24T15:29:10.684934,SOL-USDT,189.02,189.03,106.501988,20.905392
2025-07-24T15:29:10.716682,ETH-USDT,3739.03,3739.04,0.0001,25.156318
2025-07-24T15:29:10.718369,XRP-USDT,3.2333,3.2334,1.0,5495.287255
2025-07-24T15:29:10.722653,BTC-USDT,119022.6,119022.7,0.0143263,0.72258526
2025-07-24T15:29:10.777531,LTC-USDT,114.37,114.38,0.01,11.06724
2025-07-24T15:29:10.819502,SOL-USDT,189.02,189.03,51.431475,58.227144
2025-07-24T15:29:10.830832,ETH-USDT,3738.82,3739.04,0.000269,25.156318
2025-07-24T15:29:10.881917,LTC-USDT,114.37,114.38,2.21,16.11426
2025-07-24T15:29:10.925165,SOL-USDT,189.02,189.03,51.831195,54.434548
2025-07-24T15:29:10.974570,BTC-USDT,119022.6,119022.7,0.0143263,0.55258526
2025-07-24T15:29:10.974942,ETH-USDT,3738.79,3738.8,3.0,9.38483
2025-07-24T15:29:10.977715,XRP-USDT,3.2333,3.2334,1.0,5827.287255
2025-07-24T15:29:11.080726,ETH-USDT,3738.79,3738.8,3.002697,11.53637
2025-07-24T15:29:11.186954,SOL-USDT,189.02,189.03,28.758125,55.6245
2025-07-24T15:29:11.204447,ETH-USDT,3738.79,3738.8,3.002697,7.29658
2025-07-24T15:29:11.204487,XRP-USDT,3.2333,3.2334,1.0,6244.628579
2025-07-24T15:29:11.225856,LTC-USDT,114.37,114.38,0.01,16.11426
2025-07-24T15:29:11.294545,SOL-USDT,189.02,189.03,35.685565,59.417096
2025-07-24T15:29:11.460773,ETH-USDT,3738.79,3738.8,3.002697,7.295875
2025-07-24T15:29:11.520779,SOL-USDT,189.02,189.03,51.315565,55.6245
2025-07-24T15:29:11.577912,ETH-USDT,3738.79,3738.8,3.002697,7.295875
2025-07-24T15:29:11.577952,XRP-USDT,3.2329,3.233,2423.2,61.61658
2025-07-24T15:29:11.624165,SOL-USDT,189.02,189.03,51.315565,59.417096
2025-07-24T15:29:11.682434,XRP-USDT,3.2329,3.233,2423.2,3249.81658
2025-07-24T15:29:11.751210,SOL-USDT,189.02,189.03,52.015565,60.068296
2025-07-24T15:29:11.817639,XRP-USDT,3.2331,3.2333,271.218657,4.0
2025-07-24T15:29:11.818640,ETH-USDT,3738.79,3738.8,3.372818,6.406295
2025-07-24T15:29:11.875430,LTC-USDT,114.37,114.38,0.01,9.06724
2025-07-24T15:29:11.875472,SOL-USDT,189.02,189.03,56.951629,60.068296
2025-07-24T15:29:11.911847,BTC-USDT,119022.6,119022.7,0.0143263,0.72258526
2025-07-24T15:29:11.921174,ETH-USDT,3738.79,3738.8,2.789718,6.406295
2025-07-24T15:29:11.974195,XRP-USDT,3.2332,3.2333,2569.70208,1286.557492
2025-07-24T15:29:11.988863,SOL-USDT,189.02,189.03,56.951629,60.349556
2025-07-24T15:29:11.994320,LTC-USDT,114.37,114.38,0.01,13.436237
2025-07-24T15:29:12.019063,ETH-USDT,3738.79,3738.8,2.789718,8.101285
2025-07-24T15:29:12.079358,XRP-USDT,3.2332,3.2333,2423.2,3791.438732
2025-07-24T15:29:12.109748,LTC-USDT,114.37,114.38,0.883553,15.436237
2025-07-24T15:29:12.116691,SOL-USDT,189.02,189.03,54.251629,56.2757
2025-07-24T15:29:12.119675,ETH-USDT,3738.79,3738.8,2.789718,6.459295
2025-07-24T15:29:12.209919,LTC-USDT,114.37,114.38,0.01,15.436237
2025-07-24T15:29:12.223020,BTC-USDT,119022.6,119022.7,0.0143263,0.7225735
2025-07-24T15:29:12.271675,ETH-USDT,3738.79,3738.8,2.789718,6.406295
2025-07-24T15:29:12.319071,XRP-USDT,3.2332,3.2333,2423.2,1433.059572
2025-07-24T15:29:12.326855,LTC-USDT,114.37,114.38,4.96,8.486237
2025-07-24T15:29:12.327656,BTC-USDT,119022.6,119022.7,0.0143263,0.7225735
2025-07-24T15:29:12.333839,SOL-USDT,189.02,189.03,54.251629,56.4857
2025-07-24T15:29:12.370817,ETH-USDT,3738.79,3738.8,2.789718,8.606295
2025-07-24T15:29:12.411554,LTC-USDT,114.37,114.38,4.96,4.11724
2025-07-24T15:29:12.469096,XRP-USDT,3.2332,3.2333,2423.2,3856.259572
2025-07-24T15:29:12.571894,XRP-USDT,3.2332,3.2333,2423.2,3852.259572
2025-07-24T15:29:12.577749,BTC-USDT,119022.6,119022.7,0.0143263,0.7215779
2025-07-24T15:29:12.679152,XRP-USDT,3.233,3.2332,4587.334863,3364.492752
2025-07-24T15:29:12.690306,BTC-USDT,119022.6,119022.7,0.0143263,0.7215779
2025-07-24T15:29:12.723549,ETH-USDT,3738.79,3738.8,3.426209,3.973295
2025-07-24T15:29:12.796529,LTC-USDT,114.37,114.38,7.26,4.11724
2025-07-24T15:29:12.820698,SOL-USDT,189.03,189.04,57.33586,29.196948
2025-07-24T15:29:12.824596,XRP-USDT,3.2332,3.2333,2569.70208,2427.2
2025-07-24T15:29:12.877587,LTC-USDT,114.37,114.38,2.31,4.11724
2025-07-24T15:29:12.880516,ETH-USDT,3738.79,3738.8,3.639109,8.971295
2025-07-24T15:29:12.932115,SOL-USDT,189.03,189.04,26.01009,52.928234
2025-07-24T15:29:12.969418,XRP-USDT,3.2329,3.233,2423.2,965.353105
2025-07-24T15:29:12.978240,ETH-USDT,3738.79,3738.8,3.002618,8.971295
2025-07-24T15:29:13.057001,SOL-USDT,189.03,189.04,56.761788,14.349544
2025-07-24T15:29:13.075886,XRP-USDT,3.2331,3.2332,2569.70208,765.0
2025-07-24T15:29:13.081326,BTC-USDT,119022.6,119022.7,0.0540263,0.4406599
2025-07-24T15:29:13.111893,ETH-USDT,3738.79,3738.8,4.002038,2.401558
2025-07-24T15:29:13.118437,LTC-USDT,114.37,114.38,4.96,4.11724
2025-07-24T15:29:13.183762,XRP-USDT,3.2332,3.2333,1313.437927,1318.246787
2025-07-24T15:29:13.195546,SOL-USDT,189.03,189.04,56.761788,54.890298
2025-07-24T15:29:13.199095,BTC-USDT,119022.6,119022.7,0.0143263,0.3906599
2025-07-24T15:29:13.215716,ETH-USDT,3738.79,3738.8,8.353578,0.9496
2025-07-24T15:29:13.224208,LTC-USDT,114.37,114.38,0.01,4.95
2025-07-24T15:29:13.310969,XRP-USDT,3.2331,3.2332,2423.2,3039.62225
2025-07-24T15:29:13.317134,BTC-USDT,119022.6,119022.7,0.0143263,0.5244635
2025-07-24T15:29:13.317179,SOL-USDT,189.03,189.04,31.427292,55.256588
2025-07-24T15:29:13.369227,ETH-USDT,3738.79,3738.8,4.3515,8.9078
2025-07-24T15:29:13.412702,XRP-USDT,3.2329,3.2331,2667.036969,3334.70208
2025-07-24T15:29:13.418961,BTC-USDT,119022.6,119022.7,0.0143263,0.5244635
2025-07-24T15:29:13.419806,SOL-USDT,189.03,189.04,30.678492,59.049184
2025-07-24T15:29:13.471007,ETH-USDT,3738.79,3738.8,4.3515,3.3268
2025-07-24T15:29:13.515205,XRP-USDT,3.2329,3.233,2694.203423,3334.70208
2025-07-24T15:29:13.529249,BTC-USDT,119022.6,119022.7,0.0143263,0.5479895
2025-07-24T15:29:13.570485,SOL-USDT,189.03,189.04,47.030642,58.682894
2025-07-24T15:29:13.612113,ETH-USDT,3738.79,3738.8,6.89453,0.107
2025-07-24T15:29:13.623691,XRP-USDT,3.233,3.2331,3211.053105,2423.2
2025-07-24T15:29:13.684701,SOL-USDT,189.03,189.04,31.307292,55.449278
2025-07-24T15:29:13.711826,ETH-USDT,3738.94,3738.95,2.982106,6.7232
2025-07-24T15:29:13.728147,XRP-USDT,3.233,3.2331,3064.551025,3334.70208
2025-07-24T15:29:13.811248,SOL-USDT,189.03,189.04,31.307292,59.241874
2025-07-24T15:29:13.814531,ETH-USDT,3738.94,3738.95,5.016085,6.3322
2025-07-24T15:29:13.818958,LTC-USDT,114.37,114.38,0.01,9.318997
2025-07-24T15:29:13.868722,XRP-USDT,3.2329,3.233,2423.2,1564.0
2025-07-24T15:29:13.913788,SOL-USDT,189.03,189.04,10.328492,59.241874
2025-07-24T15:29:13.916992,ETH-USDT,3738.79,3738.8,3.002618,11.164788
2025-07-24T15:29:13.919648,BTC-USDT,119022.6,119022.7,0.0143263,0.7179895
2025-07-24T15:29:13.991108,XRP-USDT,3.2328,3.2329,2423.2,4388.004136
2025-07-24T15:29:14.019146,SOL-USDT,189.03,189.04,10.328492,65.740577
2025-07-24T15:29:14.019523,LTC-USDT,114.37,114.38,0.01,12.391687
2025-07-24T15:29:14.025205,ETH-USDT,3738.79,3738.8,3.002618,11.164788
2025-07-24T15:29:14.125280,LTC-USDT,114.37,114.38,0.01,8.02269
2025-07-24T15:29:14.128767,SOL-USDT,189.02,189.03,1.790315,142.148964
2025-07-24T15:29:14.177832,ETH-USDT,3738.69,3738.7,3.016,10.625449
2025-07-24T15:29:14.221532,XRP-USDT,3.2328,3.2329,2569.70208,2970.507995
2025-07-24T15:29:14.272869,SOL-USDT,189.0,189.01,164.938143,49.07235
2025-07-24T15:29:14.321243,XRP-USDT,3.2328,3.2329,2423.2,3032.295905
2025-07-24T15:29:14.321638,ETH-USDT,3738.62,3738.63,3.326,18.649876
2025-07-24T15:29:14.417661,SOL-USDT,189.0,189.01,166.356985,49.07235
2025-07-24T15:29:14.425566,ETH-USDT,3738.62,3738.63,3.794462,10.477876
2025-07-24T15:29:14.473207,XRP-USDT,3.2329,3.233,3550.751025,1228.0
2025-07-24T15:29:14.530426,SOL-USDT,189.0,189.01,170.690078,45.7057
2025-07-24T15:29:14.534945,ETH-USDT,3738.62,3738.63,3.284318,10.464698
2025-07-24T15:29:14.593189,XRP-USDT,3.2329,3.233,3550.751025,4248.987705
2025-07-24T15:29:14.625780,LTC-USDT,114.37,114.38,0.01,6.95
2025-07-24T15:29:14.639839,SOL-USDT,188.96,188.97,45.878125,113.541512
2025-07-24T15:29:14.655292,ETH-USDT,3738.58,3738.59,0.000269,1.487522
2025-07-24T15:29:14.690293,XRP-USDT,3.2326,3.2327,2424.2,1605.221512
2025-07-24T15:29:14.724537,LTC-USDT,114.37,114.38,0.01,11.99702
2025-07-24T15:29:14.743453,SOL-USDT,188.96,188.97,13.748125,79.549391
2025-07-24T15:29:14.784181,ETH-USDT,3738.41,3738.42,0.022573,13.444798
2025-07-24T15:29:14.819685,XRP-USDT,3.2326,3.2327,1.0,4793.421512
2025-07-24T15:29:14.873781,LTC-USDT,114.37,114.38,0.01,16.366017
2025-07-24T15:29:14.894661,BTC-USDT,119020.8,119020.9,0.02552883,0.70767942
2025-07-24T15:29:14.894721,SOL-USDT,188.96,188.97,0.108125,81.549391
2025-07-24T15:29:14.894768,ETH-USDT,3738.41,3738.42,3.028423,8.033378
2025-07-24T15:29:14.976995,XRP-USDT,3.2326,3.2327,1770.502117,3023.679398
2025-07-24T15:29:15.016382,SOL-USDT,188.96,188.97,0.039036,85.37624
2025-07-24T15:29:15.016424,BTC-USDT,119020.0,119020.1,0.02467805,0.69160211
2025-07-24T15:29:15.075633,XRP-USDT,3.2325,3.2326,2749.882716,665.615162
2025-07-24T15:29:15.119306,BTC-USDT,119018.0,119019.5,0.02443808,0.02850855
2025-07-24T15:29:15.119354,ETH-USDT,3738.41,3738.42,3.366423,11.049378
2025-07-24T15:29:15.122139,SOL-USDT,188.96,188.97,0.180863,156.697641
2025-07-24T15:29:15.212765,ETH-USDT,3738.41,3738.42,3.792089,8.033378
2025-07-24T15:29:15.212802,XRP-USDT,3.2325,3.2326,2423.2,2083.215162
2025-07-24T15:29:15.229207,BTC-USDT,119018.0,119018.1,0.0638,0.48983435
2025-07-24T15:29:15.282743,SOL-USDT,188.96,188.97,0.180863,132.697641
2025-07-24T15:29:15.317017,XRP-USDT,3.2325,3.2326,2569.70208,1318.215162
2025-07-24T15:29:15.317070,BTC-USDT,119018.0,119018.1,0.17940576,0.54381935
2025-07-24T15:29:15.317758,ETH-USDT,3738.41,3738.42,4.009509,7.495456
2025-07-24T15:29:15.321513,LTC-USDT,114.37,114.38,0.01,18.989297
2025-07-24T15:29:15.424887,BTC-USDT,119018.0,119018.1,0.17940576,0.54381935
2025-07-24T15:29:15.424938,XRP-USDT,3.2325,3.2326,2423.2,1430.615162
2025-07-24T15:29:15.424971,LTC-USDT,114.37,114.38,0.01,16.366017
2025-07-24T15:29:15.516353,SOL-USDT,188.96,188.97,0.180863,132.686529
2025-07-24T15:29:15.523956,LTC-USDT,114.37,114.38,0.01,18.989279
2025-07-24T15:29:15.566252,ETH-USDT,3738.41,3738.42,4.009509,5.53584
2025-07-24T15:29:15.566658,XRP-USDT,3.2325,3.2326,2423.2,2079.215162
2025-07-24T15:29:15.570636,BTC-USDT,119018.0,119018.1,0.13895825,0.49381935
2025-07-24T15:29:15.672563,XRP-USDT,3.2325,3.2326,2423.2,1314.215162
2025-07-24T15:29:15.723080,SOL-USDT,188.95,188.96,0.186656,229.933826
2025-07-24T15:29:15.808531,XRP-USDT,3.2322,3.2323,3052.863191,1460.9376
2025-07-24T15:29:15.808574,ETH-USDT,3738.41,3738.42,4.009509,1.514446
2025-07-24T15:29:15.820135,SOL-USDT,188.95,188.96,21.165456,168.367291
2025-07-24T15:29:15.912238,ETH-USDT,3738.66,3738.67,6.614797,4.01
2025-07-24T15:29:15.916676,XRP-USDT,3.2324,3.2325,4650.445535,2.645035
2025-07-24T15:29:15.922302,BTC-USDT,119018.0,119018.1,0.33373003,0.41408935
2025-07-24T15:29:15.922359,LTC-USDT,114.37,114.38,0.01,11.318997
2025-07-24T15:29:15.977099,SOL-USDT,188.95,188.96,55.073907,109.658614
2025-07-24T15:29:16.015167,BTC-USDT,119018.0,119018.1,0.33390178,0.28386697
2025-07-24T15:29:16.015711,ETH-USDT,3738.78,3738.79,9.054508,1.385
2025-07-24T15:29:16.018670,XRP-USDT,3.2326,3.2328,0.051025,1465.740615
2025-07-24T15:29:16.077021,LTC-USDT,114.37,114.38,0.01,4.95
2025-07-24T15:29:16.118715,SOL-USDT,188.96,188.97,24.257982,73.986632
2025-07-24T15:29:16.122076,ETH-USDT,3739.06,3739.07,6.953774,3.592246
2025-07-24T15:29:16.123034,XRP-USDT,3.2327,3.2328,5745.84702,112.5
2025-07-24T15:29:16.170752,BTC-USDT,119018.0,119018.1,0.33470511,0.22464924
2025-07-24T15:29:16.188638,LTC-USDT,114.37,114.4,8.474572,13.954752
2025-07-24T15:29:16.226084,XRP-USDT,3.2328,3.2329,2425.799869,5863.736105
2025-07-24T15:29:16.232007,ETH-USDT,3739.06,3739.07,5.143824,7.941062
2025-07-24T15:29:16.243371,SOL-USDT,188.96,188.97,22.4888,27.204253
2025-07-24T15:29:16.301383,BTC-USDT,119018.0,119018.1,0.33470511,0.25277031
2025-07-24T15:29:16.312849,LTC-USDT,114.37,114.39,11.814321,0.93559
2025-07-24T15:29:16.344643,XRP-USDT,3.2328,3.2329,2.599869,6100.693408
2025-07-24T15:29:16.344697,ETH-USDT,3739.06,3739.07,8.159824,0.923862
2025-07-24T15:29:16.385814,SOL-USDT,188.99,189.0,126.381916,0.17585
2025-07-24T15:29:16.410655,LTC-USDT,114.39,114.4,4.95,12.960838
2025-07-24T15:29:16.414398,BTC-USDT,119018.0,119018.1,0.39947908,0.09768322
2025-07-24T15:29:16.460409,ETH-USDT,3739.06,3739.07,8.159824,0.185246
2025-07-24T15:29:16.477339,XRP-USDT,3.2328,3.2329,1773.199869,4137.302275
2025-07-24T15:29:16.523390,LTC-USDT,114.39,114.41,6.95,0.015
2025-07-24T15:29:16.523432,BTC-USDT,119018.0,119018.2,0.55702908,0.02030343
2025-07-24T15:29:16.526294,SOL-USDT,188.99,189.0,112.419508,0.17585
2025-07-24T15:29:16.572645,ETH-USDT,3739.06,3739.07,8.213311,2.671246
2025-07-24T15:29:16.583983,XRP-USDT,3.2328,3.2329,1773.199869,4098.736105
2025-07-24T15:29:16.618540,LTC-USDT,114.41,114.42,0.873248,9.572886
2025-07-24T15:29:16.620233,SOL-USDT,189.01,189.02,5.511092,46.171475
2025-07-24T15:29:16.623221,BTC-USDT,119018.1,119018.2,1.715201,0.02030343
2025-07-24T15:29:16.677235,ETH-USDT,3739.06,3739.07,3.481924,7.656728
2025-07-24T15:29:16.718742,LTC-USDT,114.4,114.42,12.622408,9.582491
2025-07-24T15:29:16.731892,BTC-USDT,119018.1,119018.2,1.751081,0.02030343
2025-07-24T15:29:16.791176,ETH-USDT,3739.06,3739.07,1.331492,7.656728
2025-07-24T15:29:16.815767,XRP-USDT,3.2328,3.2329,1773.199869,4245.238185
2025-07-24T15:29:16.840226,BTC-USDT,119018.1,119018.2,1.54753315,0.02030343
2025-07-24T15:29:16.842088,SOL-USDT,189.01,189.02,7.105674,72.970954
2025-07-24T15:29:16.877896,LTC-USDT,114.4,114.41,4.563919,5.157807
2025-07-24T15:29:16.917860,ETH-USDT,3738.89,3738.9,0.235707,14.815457
2025-07-24T15:29:16.917902,XRP-USDT,3.2325,3.2329,2423.2,4245.238185
2025-07-24T15:29:16.981554,BTC-USDT,119018.1,119018.2,1.35742612,0.17981851
2025-07-24T15:29:16.988278,SOL-USDT,189.01,189.02,5.105674,131.116572
2025-07-24T15:29:17.016580,LTC-USDT,114.4,114.41,0.02,8.445537
2025-07-24T15:29:17.031645,ETH-USDT,3738.89,3738.9,0.13,12.250457
2025-07-24T15:29:17.075032,XRP-USDT,3.2324,3.2326,3758.408846,2859.302695
2025-07-24T15:29:17.116715,SOL-USDT,189.01,189.02,5.105674,107.116572
2025-07-24T15:29:17.174679,ETH-USDT,3738.41,3738.42,7.372197,3.40309
2025-07-24T15:29:17.221381,BTC-USDT,119018.1,119018.2,1.38273064,0.17968156
2025-07-24T15:29:17.221453,XRP-USDT,3.2324,3.2325,2582.216844,3076.577505
2025-07-24T15:29:17.221488,SOL-USDT,188.98,188.99,68.18268,26.28235
2025-07-24T15:29:17.284843,ETH-USDT,3738.57,3738.58,0.378098,8.253715
2025-07-24T15:29:17.319187,XRP-USDT,3.2324,3.2325,2435.714764,3076.577505
2025-07-24T15:29:17.331278,SOL-USDT,188.99,189.0,24.1788,76.90364
2025-07-24T15:29:17.331564,BTC-USDT,119018.1,119018.2,1.38273064,0.17968156
2025-07-24T15:29:17.418343,ETH-USDT,3738.57,3738.58,4.07991,5.3488
2025-07-24T15:29:17.429784,XRP-USDT,3.2324,3.2325,3080.631725,3076.577505
2025-07-24T15:29:17.475787,SOL-USDT,188.99,189.0,26.780806,76.90364
2025-07-24T15:29:17.580411,XRP-USDT,3.2324,3.2325,2435.714764,3076.577505
2025-07-24T15:29:17.622556,LTC-USDT,114.38,114.4,14.587609,10.3618
2025-07-24T15:29:17.694711,BTC-USDT,119018.1,119018.2,1.33523422,0.20724823
2025-07-24T15:29:17.718108,LTC-USDT,114.38,114.4,12.587609,10.3618
2025-07-24T15:29:17.721344,SOL-USDT,188.98,188.99,4.11563,265.67227
2025-07-24T15:29:17.773167,ETH-USDT,3738.41,3738.57,0.018777,15.112499
2025-07-24T15:29:17.811393,XRP-USDT,3.2323,3.2325,2423.2,3223.079585
2025-07-24T15:29:17.818982,LTC-USDT,114.38,114.39,0.02,7.88559
2025-07-24T15:29:17.819030,BTC-USDT,119018.1,119018.2,1.11668422,0.29331714
2025-07-24T15:29:17.874155,SOL-USDT,188.92,188.93,0.629875,151.07008
2025-07-24T15:29:17.877719,ETH-USDT,3738.41,3738.42,3.818023,8.508631
2025-07-24T15:29:17.912698,BTC-USDT,119018.1,119018.2,0.18376883,0.73659714
2025-07-24T15:29:17.923783,XRP-USDT,3.232,3.2321,1.0,6032.99261
2025-07-24T15:29:17.973877,SOL-USDT,188.92,188.93,1.491075,153.69888
2025-07-24T15:29:17.990036,ETH-USDT,3738.41,3738.42,4.812023,5.492631
2025-07-24T15:29:18.020025,BTC-USDT,119018.1,119018.2,0.19016883,0.76012414
2025-07-24T15:29:18.025005,XRP-USDT,3.232,3.2321,2424.2,4121.49053
2025-07-24T15:29:18.088881,SOL-USDT,188.92,188.93,21.871075,134.982336
2025-07-24T15:29:18.118565,ETH-USDT,3738.41,3738.42,4.812023,5.004631
2025-07-24T15:29:18.146624,XRP-USDT,3.232,3.2321,3508.41152,541.102267
2025-07-24T15:29:18.210844,SOL-USDT,188.93,188.94,95.64848,2.0
2025-07-24T15:29:18.218102,ETH-USDT,3738.63,3738.72,0.502298,0.537922
2025-07-24T15:29:18.233764,BTC-USDT,119018.1,119018.2,0.19910309,0.36479823
2025-07-24T15:29:18.276932,XRP-USDT,3.2321,3.2322,3334.70208,652.6
2025-07-24T15:29:18.276973,LTC-USDT,114.38,114.39,4.97,0.93559
2025-07-24T15:29:18.314896,SOL-USDT,188.94,188.96,67.698,16.904993
2025-07-24T15:29:18.315410,ETH-USDT,3738.89,3738.9,4.13,4.088866
2025-07-24T15:29:18.325027,BTC-USDT,119018.1,119018.2,0.24912701,0.36479823
2025-07-24T15:29:18.381091,XRP-USDT,3.2325,3.2326,3892.566459,4.0
2025-07-24T15:29:18.417733,SOL-USDT,188.96,188.97,35.4648,35.9282
2025-07-24T15:29:18.417828,LTC-USDT,114.38,114.39,0.02,1.82133
2025-07-24T15:29:18.419837,ETH-USDT,3738.72,3738.73,5.739246,7.2018
2025-07-24T15:29:18.477306,BTC-USDT,119018.1,119018.2,0.21742249,0.36479823
2025-07-24T15:29:18.523811,SOL-USDT,188.96,188.97,23.0748,44.39949
2025-07-24T15:29:18.523853,LTC-USDT,114.38,114.39,0.02,6.77133
2025-07-24T15:29:18.523888,XRP-USDT,3.2325,3.2326,4044.979585,4.0
2025-07-24T15:29:18.576640,ETH-USDT,3738.72,3738.73,5.348246,2.332246
2025-07-24T15:29:18.577451,BTC-USDT,119018.1,119018.2,0.22382249,0.36479823
2025-07-24T15:29:18.624996,XRP-USDT,3.2326,3.2327,2455.375238,583.54066
2025-07-24T15:29:18.652328,LTC-USDT,114.38,114.39,6.95,1.82133
2025-07-24T15:29:18.652363,SOL-USDT,188.96,188.97,23.0748,44.39799
2025-07-24T15:29:18.677535,ETH-USDT,3738.72,3738.73,5.348246,1.338246
2025-07-24T15:29:18.761639,XRP-USDT,3.2326,3.2327,2555.375238,583.54066
2025-07-24T15:29:18.785557,LTC-USDT,114.38,114.4,6.95,6.96
2025-07-24T15:29:18.785597,SOL-USDT,188.96,188.97,23.0748,48.61949
2025-07-24T15:29:18.868773,XRP-USDT,3.2328,3.2329,3704.179585,2146.9
2025-07-24T15:29:18.883450,LTC-USDT,114.39,114.4,10.67286,0.01
2025-07-24T15:29:18.907327,SOL-USDT,188.97,188.98,44.87729,32.25335
2025-07-24T15:29:18.917651,ETH-USDT,3739.2,3739.21,3.324666,7.16586
2025-07-24T15:29:18.932138,BTC-USDT,119018.1,119018.2,0.39382249,0.2086303
2025-07-24T15:29:18.987168,XRP-USDT,3.2328,3.2329,2423.2,3825.30208
2025-07-24T15:29:19.009987,SOL-USDT,188.97,188.98,9.666,44.90426
2025-07-24T15:29:19.018811,ETH-USDT,3738.72,3738.8,0.7746,0.9496
2025-07-24T15:29:19.040896,BTC-USDT,119018.1,119018.2,0.17652136,0.30748728
2025-07-24T15:29:19.120538,XRP-USDT,3.2323,3.2327,3567.05501,6176.097031
2025-07-24T15:29:19.125689,LTC-USDT,114.38,114.39,2.035,6.77133
2025-07-24T15:29:19.125815,SOL-USDT,188.96,188.97,13.67914,76.54502
2025-07-24T15:29:19.168482,ETH-USDT,3738.56,3738.57,5.287,5.777671
2025-07-24T15:29:19.177366,BTC-USDT,119018.1,119018.2,0.11552136,0.33103728
2025-07-24T15:29:19.212810,XRP-USDT,3.2321,3.2322,1656.3,3215.979585
2025-07-24T15:29:19.220881,LTC-USDT,114.38,114.4,2.02,3.524572
2025-07-24T15:29:19.232640,SOL-USDT,188.94,188.95,25.7988,76.62244
2025-07-24T15:29:19.298847,ETH-USDT,3738.55,3738.56,3.166,14.721067
2025-07-24T15:29:19.316315,BTC-USDT,119018.1,119018.2,0.00113507,0.49480928
2025-07-24T15:29:19.340704,LTC-USDT,114.38,114.4,0.02,14.959568
2025-07-24T15:29:19.376848,SOL-USDT,188.95,188.96,63.080053,43.64335
2025-07-24T15:29:19.410924,ETH-USDT,3738.55,3738.56,4.892666,6.187725
2025-07-24T15:29:19.423919,BTC-USDT,119018.0,119018.2,0.02159101,0.51833728
2025-07-24T15:29:19.470184,XRP-USDT,3.232,3.2321,1.0,3301.479585
2025-07-24T15:29:19.470225,LTC-USDT,114.38,114.39,4.97,1.82133
2025-07-24T15:29:19.477952,SOL-USDT,188.95,188.96,58.22944,43.77335
2025-07-24T15:29:19.516274,ETH-USDT,3738.55,3738.56,4.554666,8.620725
2025-07-24T15:29:19.520260,BTC-USDT,119018.0,119018.1,0.02179483,1.15825894
2025-07-24T15:29:19.582853,LTC-USDT,114.37,114.39,12.746068,6.77133
2025-07-24T15:29:19.617773,ETH-USDT,3738.55,3738.56,4.404666,6.648109
2025-07-24T15:29:19.620100,XRP-USDT,3.2319,3.2321,654.495085,3301.479585
2025-07-24T15:29:19.622525,SOL-USDT,188.95,188.96,11.9148,49.21258
2025-07-24T15:29:19.730034,XRP-USDT,3.2319,3.232,3484.159271,4541.464126
2025-07-24T15:29:19.731572,ETH-USDT,3738.55,3738.56,1.388666,6.648109
2025-07-24T15:29:19.774619,SOL-USDT,188.94,188.95,71.19043,30.849
2025-07-24T15:29:19.847394,ETH-USDT,3738.48,3738.49,3.45111,11.59331
2025-07-24T15:29:19.870229,XRP-USDT,3.2319,3.232,2424.2,4687.966206
2025-07-24T15:29:19.921297,BTC-USDT,119018.0,119018.1,0.02259818,1.1590623
2025-07-24T15:29:19.923408,SOL-USDT,188.94,188.95,71.980472,41.6057
2025-07-24T15:29:19.972030,ETH-USDT,3738.63,3738.64,8.658287,2.339246
2025-07-24T15:29:19.972134,LTC-USDT,114.38,114.4,6.97,16.157126
2025-07-24T15:29:19.974121,XRP-USDT,3.2321,3.2322,2423.2,1707.374082
2025-07-24T15:29:20.073452,SOL-USDT,188.96,188.97,88.6875,69.53872
2025-07-24T15:29:20.077678,ETH-USDT,3738.63,3738.64,3.863886,7.337246
2025-07-24T15:29:20.080679,LTC-USDT,114.38,114.4,10.477274,9.328284
2025-07-24T15:29:20.116911,XRP-USDT,3.2321,3.2322,2423.2,1639.914416
2025-07-24T15:29:20.212283,ETH-USDT,3738.63,3738.64,6.388666,4.772246
2025-07-24T15:29:20.216288,BTC-USDT,119018.0,119018.1,0.02259818,1.2397062
2025-07-24T15:29:20.217235,XRP-USDT,3.2321,3.2322,2423.2,1473.353114
2025-07-24T15:29:20.312789,LTC-USDT,114.39,114.4,3.44007,9.328284
2025-07-24T15:29:20.319625,SOL-USDT,188.96,188.97,69.783093,70.12257
2025-07-24T15:29:20.321840,ETH-USDT,3738.63,3738.64,1.345246,5.772246
2025-07-24T15:29:20.324068,XRP-USDT,3.2322,3.2323,4340.177505,2820.090555
2025-07-24T15:29:20.417982,LTC-USDT,114.39,114.4,1.44007,9.328284
2025-07-24T15:29:20.448446,ETH-USDT,3738.98,3738.99,9.248666,2.3772
2025-07-24T15:29:20.475236,BTC-USDT,119018.0,119018.1,0.30117618,0.64394154
2025-07-24T15:29:20.480558,SOL-USDT,188.99,189.0,32.136,1.222735
2025-07-24T15:29:20.480594,XRP-USDT,3.2328,3.2329,3288.2,1722.072634
2025-07-24T15:29:20.524247,LTC-USDT,114.39,114.4,6.39007,0.01
2025-07-24T15:29:20.580551,SOL-USDT,188.99,189.0,209.549282,0.16445
2025-07-24T15:29:20.590526,ETH-USDT,3738.98,3738.99,10.129064,4.01
2025-07-24T15:29:20.599065,XRP-USDT,3.2328,3.2329,3766.70208,3868.772634
2025-07-24T15:29:20.616245,LTC-USDT,114.4,114.41,6.95,0.207807
2025-07-24T15:29:20.628184,BTC-USDT,119018.0,119018.1,0.37723569,0.55325154
2025-07-24T15:29:20.685330,SOL-USDT,188.99,189.0,210.131875,0.16445
2025-07-24T15:29:20.711644,XRP-USDT,3.2328,3.2329,3288.2,4786.174714
2025-07-24T15:29:20.712852,ETH-USDT,3738.98,3738.99,5.496064,4.01
2025-07-24T15:29:20.792936,BTC-USDT,119018.0,119018.1,0.51493569,0.40350865
2025-07-24T15:29:20.815137,SOL-USDT,188.99,189.0,235.963786,0.16445
2025-07-24T15:29:20.819463,XRP-USDT,3.2328,3.2329,2423.2,3064.10208
2025-07-24T15:29:20.821065,ETH-USDT,3738.98,3738.99,4.913064,4.501666
2025-07-24T15:29:20.913507,SOL-USDT,188.99,189.0,91.277567,37.3378
2025-07-24T15:29:20.923743,XRP-USDT,3.2328,3.2329,3188.2,3064.10208
2025-07-24T15:29:20.925086,ETH-USDT,3738.98,3738.99,1.348246,5.884866
2025-07-24T15:29:20.939456,LTC-USDT,114.4,114.41,2.0,5.157807
2025-07-24T15:29:21.071590,XRP-USDT,3.2328,3.2329,3334.70208,2146.7
2025-07-24T15:29:21.071657,ETH-USDT,3738.98,3738.99,1.931246,5.884866
2025-07-24T15:29:21.078747,LTC-USDT,114.4,114.41,5.669355,2.029137
2025-07-24T15:29:21.121747,BTC-USDT,119018.0,119018.1,0.51493569,0.36244554
2025-07-24T15:29:21.176055,XRP-USDT,3.2328,3.2329,2423.2,2146.7
2025-07-24T15:29:21.182818,LTC-USDT,114.4,114.41,0.719355,4.651678
2025-07-24T15:29:21.229084,SOL-USDT,188.99,189.0,1.372635,47.99832
2025-07-24T15:29:21.279430,XRP-USDT,3.2328,3.2329,3188.2,2146.7
2025-07-24T15:29:21.306765,ETH-USDT,3738.81,3738.99,0.28,8.084866
2025-07-24T15:29:21.334514,BTC-USDT,119018.0,119018.1,0.51493569,0.33480812
2025-07-24T15:29:21.393437,XRP-USDT,3.2328,3.2329,2423.2,3051.96629
2025-07-24T15:29:21.415569,LTC-USDT,114.39,114.4,6.965,1.82133
2025-07-24T15:29:21.415628,ETH-USDT,3738.81,3738.82,5.62,4.310825
2025-07-24T15:29:21.445742,SOL-USDT,188.99,189.0,0.582593,47.99832
2025-07-24T15:29:21.515783,XRP-USDT,3.2328,3.2329,3334.70208,2917.6
2025-07-24T15:29:21.517178,ETH-USDT,3738.81,3738.82,5.229,7.326825
2025-07-24T15:29:21.519259,LTC-USDT,114.39,114.41,4.965,0.207807
2025-07-24T15:29:21.575969,SOL-USDT,188.97,188.98,45.874817,53.15235
2025-07-24T15:29:21.586734,BTC-USDT,119018.0,119018.1,0.51493569,0.33464008
2025-07-24T15:29:21.617770,XRP-USDT,3.2328,3.2329,2423.2,3064.10208
2025-07-24T15:29:21.627017,ETH-USDT,3738.81,3738.82,5.099,4.310825
2025-07-24T15:29:21.693037,SOL-USDT,188.97,188.98,46.270632,47.93235
2025-07-24T15:29:21.712541,XRP-USDT,3.2327,3.2328,2423.2,3547.200001
2025-07-24T15:29:21.729654,ETH-USDT,3738.81,3738.82,0.15,7.326825
2025-07-24T15:29:21.780100,LTC-USDT,114.39,114.41,4.965,7.780374
2025-07-24T15:29:21.813554,SOL-USDT,188.97,188.98,46.270632,17.25
2025-07-24T15:29:21.909774,LTC-USDT,114.39,114.41,4.965,5.157807
2025-07-24T15:29:21.918344,BTC-USDT,119018.0,119018.1,0.20787618,0.27284979
2025-07-24T15:29:21.921073,SOL-USDT,188.97,189.0,50.95878,46.21918
2025-07-24T15:29:21.969948,XRP-USDT,3.2324,3.2325,2423.2,959.377505
2025-07-24T15:29:22.018009,LTC-USDT,114.39,114.4,4.965,0.93559
2025-07-24T15:29:22.019098,BTC-USDT,119018.0,119018.1,0.16817618,0.30413979
2025-07-24T15:29:22.019794,SOL-USDT,188.98,188.99,36.23794,96.51344
2025-07-24T15:29:22.077671,XRP-USDT,3.2324,3.2325,2423.2,1619.682334
2025-07-24T15:29:22.120861,ETH-USDT,3738.81,3738.82,0.338,7.326825
2025-07-24T15:29:22.121689,LTC-USDT,114.39,114.41,7.486166,7.157807
2025-07-24T15:29:22.124363,BTC-USDT,119018.0,119018.1,0.114525,0.20925614
2025-07-24T15:29:22.193706,XRP-USDT,3.2325,3.2326,3967.84161,647.253632
2025-07-24T15:29:22.221788,ETH-USDT,3738.81,3738.82,7.731158,2.377825
2025-07-24T15:29:22.277678,SOL-USDT,188.98,188.99,61.64129,73.78335
2025-07-24T15:29:22.277723,LTC-USDT,114.4,114.41,6.95,0.207807
2025-07-24T15:29:22.284549,BTC-USDT,119018.0,119018.1,0.10813511,0.23682281
2025-07-24T15:29:22.317329,XRP-USDT,3.2325,3.2326,3914.34369,647.253632
2025-07-24T15:29:22.322167,ETH-USDT,3738.81,3738.82,4.715158,4.943793
2025-07-24T15:29:22.377346,SOL-USDT,188.97,188.98,35.257282,66.13593
2025-07-24T15:29:22.384220,BTC-USDT,119018.0,119018.1,0.10813511,0.31746671
2025-07-24T15:29:22.394412,LTC-USDT,114.39,114.41,2.536166,5.157807
2025-07-24T15:29:22.412811,XRP-USDT,3.2325,3.2326,2423.2,3109.103122
2025-07-24T15:29:22.421360,ETH-USDT,3738.81,3738.82,2.088949,4.543793
2025-07-24T15:29:22.511766,BTC-USDT,119018.0,119018.1,0.1123021,0.31746671
2025-07-24T15:29:22.514220,SOL-USDT,188.97,188.98,45.829772,66.13593
2025-07-24T15:29:22.514260,LTC-USDT,114.39,114.41,7.486166,5.157807
2025-07-24T15:29:22.525680,XRP-USDT,3.2322,3.2323,2423.2,4679.081295
2025-07-24T15:29:22.528438,ETH-USDT,3738.64,3738.65,2.054929,10.169838
2025-07-24T15:29:22.619732,BTC-USDT,119018.0,119018.1,0.10726729,0.44635651
2025-07-24T15:29:22.628578,SOL-USDT,188.97,188.98,19.247282,66.76473
2025-07-24T15:29:22.628629,LTC-USDT,114.38,114.4,11.911162,10.3618
2025-07-24T15:29:22.673701,ETH-USDT,3738.64,3738.65,0.701191,10.461938
2025-07-24T15:29:22.726520,BTC-USDT,119018.0,119018.1,0.10726729,0.44635651
2025-07-24T15:29:22.734861,SOL-USDT,188.97,188.98,18.222667,66.666068
2025-07-24T15:29:22.774675,LTC-USDT,114.38,114.39,0.035,8.33525
2025-07-24T15:29:22.793939,ETH-USDT,3738.58,3738.63,0.000269,22.422101
2025-07-24T15:29:22.799535,XRP-USDT,3.232,3.2321,2570.70208,2423.2
2025-07-24T15:29:22.877438,BTC-USDT,119018.0,119018.1,0.02257818,0.61635651
2025-07-24T15:29:22.879145,SOL-USDT,188.97,188.98,37.504817,66.181378
2025-07-24T15:29:22.879183,LTC-USDT,114.38,114.39,0.02,3.38525
2025-07-24T15:29:22.911145,XRP-USDT,3.232,3.2321,2424.2,2423.2
2025-07-24T15:29:22.913023,ETH-USDT,3738.48,3738.49,3.95042,8.810921
2025-07-24T15:29:22.979779,LTC-USDT,114.38,114.39,0.02,8.33525
2025-07-24T15:29:23.083891,LTC-USDT,114.38,114.39,0.02,0.93559
2025-07-24T15:29:23.115026,ETH-USDT,3738.48,3738.49,4.442304,9.793248
2025-07-24T15:29:23.120332,SOL-USDT,188.97,188.98,52.235247,9.215448
2025-07-24T15:29:23.120374,XRP-USDT,3.232,3.2321,2424.2,959.377505
2025-07-24T15:29:23.216649,LTC-USDT,114.38,114.39,0.02,2.32084
2025-07-24T15:29:23.222796,SOL-USDT,188.97,188.98,44.923957,37.535498
2025-07-24T15:29:23.268527,ETH-USDT,3738.48,3738.49,4.066042,6.851778
2025-07-24T15:29:23.275661,XRP-USDT,3.232,3.2321,2424.2,2129.666385
2025-07-24T15:29:23.340491,SOL-USDT,188.97,188.98,44.923957,0.045448
2025-07-24T15:29:23.378733,XRP-USDT,3.2325,3.2326,2423.2,1232.0
2025-07-24T15:29:23.410742,ETH-USDT,3738.48,3738.49,6.266042,0.9496
2025-07-24T15:29:23.426560,LTC-USDT,114.38,114.39,0.02,9.27084
2025-07-24T15:29:23.471488,BTC-USDT,119018.0,119018.1,0.06227818,0.61635651
2025-07-24T15:29:23.473435,SOL-USDT,188.97,188.98,49.257924,0.045448
2025-07-24T15:29:23.480475,XRP-USDT,3.2324,3.2325,2423.2,3508.829807
