timestamp,symbol,bid,ask,bid_vol,ask_vol
2025-07-25T06:26:41.596231,BTC-USDT,1152343000,1152344000,44726,32039
2025-07-25T06:26:41.596388,BTC-USDT,0.0,1152460000,0.0,0
2025-07-25T06:26:41.596431,BTC-USDT,0.0,1152478000,0.0,96593
2025-07-25T06:26:42.676007,BTC-USDT,1152343000,0.0,62169,0.0
2025-07-25T06:26:42.694325,BTC-USDT,1152343000,0.0,137169,0.0
2025-07-25T06:26:42.698066,BTC-USDT,1152343000,0.0,228969,0.0
2025-07-25T06:26:43.152557,BTC-USDT,1152343000,1152344000,243969,15998
2025-07-25T06:26:43.159187,BTC-USDT,1152343000,1152478000,218531,0
2025-07-25T06:26:43.160722,BTC-USDT,1152358000,1152344000,7995,0
2025-07-25T06:26:43.161975,BTC-USDT,1152389000,1152462000,165080,23729
2025-07-25T06:26:43.163274,BTC-USDT,1152389000,1152390000,369875,0
2025-07-25T06:26:43.164382,BTC-USDT,1152390000,1152463000,179311,1
2025-07-25T06:26:43.165728,BTC-USDT,1152368000,0.0,7995,0.0
2025-07-25T06:26:43.166617,BTC-USDT,1152390000,1152507000,187306,17443
2025-07-25T06:26:43.167582,BTC-USDT,1152390000,1152507000,190089,0
2025-07-25T06:26:43.168819,BTC-USDT,0.0,1152627000,0.0,373
2025-07-25T06:26:43.185006,BTC-USDT,1152390000,0.0,187306,0.0
2025-07-25T06:26:43.185042,BTC-USDT,1152390000,0.0,179832,0.0
2025-07-25T06:26:43.185077,BTC-USDT,1152390000,1152391000,105944,35998
2025-07-25T06:26:43.185112,BTC-USDT,1152390000,0.0,180944,0.0
2025-07-25T06:26:43.185150,BTC-USDT,1152390000,0.0,163475,0.0
2025-07-25T06:26:43.185176,BTC-USDT,1152390000,0.0,163476,0.0
2025-07-25T06:26:43.185209,BTC-USDT,1152390000,0.0,89727,0.0
2025-07-25T06:26:43.185243,BTC-USDT,1152390000,0.0,97227,0.0
2025-07-25T06:26:43.185279,BTC-USDT,1152390000,0.0,114670,0.0
2025-07-25T06:26:43.185313,BTC-USDT,1152390000,0.0,114669,0.0
2025-07-25T06:26:43.185343,BTC-USDT,1152203000,0.0,0,0.0
2025-07-25T06:26:43.185378,BTC-USDT,1152390000,0.0,117452,0.0
2025-07-25T06:26:43.185407,BTC-USDT,0.0,1152604000,0.0,20000
2025-07-25T06:26:43.252161,BTC-USDT,0.0,1152561000,0.0,96550
2025-07-25T06:26:43.755139,BTC-USDT,1152390000,0.0,114669,0.0
2025-07-25T06:26:43.760400,BTC-USDT,1152344000,0.0,91800,0.0
2025-07-25T06:26:43.760440,BTC-USDT,1152390000,0.0,117452,0.0
2025-07-25T06:26:44.033257,BTC-USDT,1152390000,0.0,114669,0.0
2025-07-25T06:26:44.333147,BTC-USDT,1152343000,0.0,1,0.0
2025-07-25T06:26:44.699648,BTC-USDT,1152390000,0.0,122169,0.0
2025-07-25T06:26:44.703675,BTC-USDT,1152390000,0.0,124952,0.0
2025-07-25T06:26:44.704846,BTC-USDT,1152390000,0.0,122169,0.0
2025-07-25T06:26:44.780053,BTC-USDT,1152390000,0.0,124952,0.0
2025-07-25T06:26:44.894105,BTC-USDT,1152384000,0.0,7000,0.0
2025-07-25T06:26:45.014446,BTC-USDT,0.0,1152507000,0.0,0
2025-07-25T06:26:45.825404,BTC-USDT,1152390000,0.0,216752,0.0
2025-07-25T06:26:45.829973,BTC-USDT,1152390000,0.0,208757,0.0
2025-07-25T06:26:45.915554,BTC-USDT,1152390000,0.0,216753,0.0
2025-07-25T06:26:47.257256,BTC-USDT,1152343000,0.0,96392,0.0
2025-07-25T06:26:47.632005,BTC-USDT,1152343000,0.0,133192,0.0
2025-07-25T06:26:48.119246,BTC-USDT,1152216000,0.0,979,0.0
2025-07-25T06:26:48.178747,BTC-USDT,1152390000,0.0,213970,0.0
2025-07-25T06:26:48.539152,BTC-USDT,1152390000,0.0,122170,0.0
2025-07-25T06:26:48.542534,BTC-USDT,1152390000,0.0,124953,0.0
2025-07-25T06:26:48.542656,BTC-USDT,1152390000,0.0,122170,0.0
2025-07-25T06:26:48.542696,BTC-USDT,1152390000,0.0,213970,0.0
2025-07-25T06:26:48.901877,BTC-USDT,1152390000,0.0,216753,0.0
2025-07-25T06:26:49.419495,BTC-USDT,1152390000,0.0,213970,0.0
2025-07-25T06:26:49.808278,BTC-USDT,1152390000,0.0,216753,0.0
2025-07-25T06:26:49.816510,BTC-USDT,1152390000,0.0,213970,0.0
2025-07-25T06:26:49.817313,BTC-USDT,1152390000,0.0,216753,0.0
2025-07-25T06:26:49.842893,BTC-USDT,1152390000,0.0,213970,0.0
2025-07-25T06:26:50.021617,BTC-USDT,1152390000,0.0,216753,0.0
2025-07-25T06:26:50.447762,BTC-USDT,1152390000,0.0,213970,0.0
2025-07-25T06:26:50.448323,BTC-USDT,1152390000,0.0,216753,0.0
2025-07-25T06:26:50.524981,BTC-USDT,1152390000,0.0,213970,0.0
2025-07-25T06:26:50.682668,BTC-USDT,1152390000,0.0,216753,0.0
2025-07-25T06:26:50.822708,BTC-USDT,1152390000,0.0,213970,0.0
2025-07-25T06:26:50.882907,BTC-USDT,0.0,1152561000,0.0,0
2025-07-25T06:26:50.983008,BTC-USDT,1152390000,1152615000,216753,96270
2025-07-25T06:26:51.103566,BTC-USDT,1152390000,0.0,213970,0.0
2025-07-25T06:26:51.263682,BTC-USDT,1152390000,0.0,216753,0.0
2025-07-25T06:26:51.904709,BTC-USDT,0.0,1152615000,0.0,0
2025-07-25T06:26:52.004903,BTC-USDT,0.0,1152613000,0.0,96196
2025-07-25T06:26:52.760476,BTC-USDT,1152390000,0.0,213970,0.0
2025-07-25T06:26:52.766010,BTC-USDT,1152390000,0.0,216753,0.0
2025-07-25T06:26:52.887045,BTC-USDT,0.0,1152613000,0.0,0
2025-07-25T06:26:52.892185,BTC-USDT,0.0,1152391000,0.0,20000
2025-07-25T06:26:52.893005,BTC-USDT,1152390000,1152494000,249374,120
2025-07-25T06:26:52.893043,BTC-USDT,0.0,1152700000,0.0,26215
2025-07-25T06:26:52.893894,BTC-USDT,1152390000,1152462000,246591,0
2025-07-25T06:26:52.894020,BTC-USDT,1152390000,1152494000,271363,0
2025-07-25T06:26:52.894050,BTC-USDT,1152390000,1152804000,297352,79046
2025-07-25T06:26:52.894546,BTC-USDT,1152390000,1152733000,447352,827
2025-07-25T06:26:52.906426,BTC-USDT,0.0,1152627000,0.0,0
2025-07-25T06:26:52.926422,BTC-USDT,0.0,1152479000,0.0,15998
2025-07-25T06:26:52.966365,BTC-USDT,1152390000,0.0,543464,0.0
2025-07-25T06:26:53.006610,BTC-USDT,0.0,1152748000,0.0,26356
2025-07-25T06:26:53.066778,BTC-USDT,0.0,1152734000,0.0,96097
2025-07-25T06:26:53.106637,BTC-USDT,0.0,1152804000,0.0,52672
2025-07-25T06:26:53.146871,BTC-USDT,1152390000,1152762000,546247,373
2025-07-25T06:26:53.607695,BTC-USDT,0.0,1152746000,0.0,52673
2025-07-25T06:26:53.687900,BTC-USDT,0.0,1152391000,0.0,19470
2025-07-25T06:26:54.677722,BTC-USDT,0.0,1152623000,0.0,17510
2025-07-25T06:26:55.339828,BTC-USDT,1152390000,0.0,543464,0.0
2025-07-25T06:26:55.340639,BTC-USDT,0.0,1152746000,0.0,79007
2025-07-25T06:26:55.341555,BTC-USDT,1152390000,0.0,546247,0.0
2025-07-25T06:26:55.342569,BTC-USDT,1152390000,0.0,543464,0.0
2025-07-25T06:26:55.343722,BTC-USDT,1152309000,0.0,954,0.0
2025-07-25T06:26:55.344555,BTC-USDT,1152390000,0.0,543464,0.0
2025-07-25T06:26:55.510223,BTC-USDT,1152275000,0.0,600,0.0
2025-07-25T06:26:55.530250,BTC-USDT,1152390000,0.0,543464,0.0
2025-07-25T06:26:55.973299,BTC-USDT,1152390000,0.0,543459,0.0
2025-07-25T06:26:55.977716,BTC-USDT,0.0,1152623000,0.0,0
2025-07-25T06:26:55.978701,BTC-USDT,1152390000,0.0,543459,0.0
2025-07-25T06:26:56.430109,BTC-USDT,1152390000,0.0,546242,0.0
2025-07-25T06:26:56.433863,BTC-USDT,1152390000,0.0,543459,0.0
2025-07-25T06:26:56.852562,BTC-USDT,1152390000,0.0,546242,0.0
2025-07-25T06:26:57.313422,BTC-USDT,0.0,1152733000,0.0,0
2025-07-25T06:26:58.555637,BTC-USDT,0.0,1152746000,0.0,78962
2025-07-25T06:26:58.561883,BTC-USDT,0.0,1152804000,0.0,0
2025-07-25T06:26:58.563342,BTC-USDT,0.0,1152682000,0.0,850
2025-07-25T06:26:58.997135,BTC-USDT,0.0,1152746000,0.0,52673
2025-07-25T06:26:59.018033,BTC-USDT,0.0,1152748000,0.0,0
2025-07-25T06:26:59.055287,BTC-USDT,0.0,1152748000,0.0,26279
2025-07-25T06:26:59.796273,BTC-USDT,0.0,1152664000,0.0,0
2025-07-25T06:26:59.816357,BTC-USDT,0.0,1152651000,0.0,142410
2025-07-25T06:26:59.997451,BTC-USDT,0.0,1152734000,0.0,0
2025-07-25T06:27:00.097156,BTC-USDT,0.0,1152773000,0.0,95866
2025-07-25T06:27:00.143361,BTC-USDT,1152275000,0.0,0,0.0
2025-07-25T06:27:00.217342,BTC-USDT,0.0,1152746000,0.0,78937
2025-07-25T06:27:00.771873,BTC-USDT,1152275000,0.0,600,0.0
2025-07-25T06:27:00.779598,BTC-USDT,0.0,1152623000,0.0,17243
2025-07-25T06:27:00.780366,BTC-USDT,1152275000,0.0,0,0.0
2025-07-25T06:27:00.781567,BTC-USDT,1152390000,0.0,543459,0.0
2025-07-25T06:27:00.782071,BTC-USDT,1152390000,0.0,546128,0.0
2025-07-25T06:27:01.078610,BTC-USDT,1152390000,0.0,543459,0.0
2025-07-25T06:27:01.178860,BTC-USDT,0.0,1152391000,0.0,35468
2025-07-25T06:27:01.990472,BTC-USDT,0.0,1152623000,0.0,0
2025-07-25T06:27:01.996632,BTC-USDT,0.0,1152746000,0.0,52673
2025-07-25T06:27:01.997486,BTC-USDT,0.0,1152804000,0.0,26252
2025-07-25T06:27:01.997528,BTC-USDT,0.0,1152424000,0.0,0
2025-07-25T06:27:01.997554,BTC-USDT,1152154000,1152391000,0,15998
2025-07-25T06:27:01.997581,BTC-USDT,1152390000,1152505000,535468,8000
2025-07-25T06:27:01.998230,BTC-USDT,1152390000,1152493000,538137,20000
2025-07-25T06:27:01.998266,BTC-USDT,0.0,1152746000,0.0,78910
2025-07-25T06:27:01.998291,BTC-USDT,0.0,1152804000,0.0,0
2025-07-25T06:27:01.998313,BTC-USDT,0.0,1152746000,0.0,1
2025-07-25T06:27:01.999045,BTC-USDT,0.0,1152775000,0.0,26251
2025-07-25T06:27:01.999173,BTC-USDT,0.0,1152746000,0.0,52487
2025-07-25T06:27:02.140672,BTC-USDT,0.0,1152623000,0.0,17243
2025-07-25T06:27:02.180878,BTC-USDT,0.0,1152746000,0.0,78724
2025-07-25T06:27:02.221066,BTC-USDT,1152390000,1152391000,546128,0
2025-07-25T06:27:02.241881,BTC-USDT,1152421000,1152422000,389880,0
2025-07-25T06:27:02.260773,BTC-USDT,1152426000,1152427000,164880,0
2025-07-25T06:27:02.281301,BTC-USDT,1152492000,1152493000,73749,0
2025-07-25T06:27:02.301036,BTC-USDT,1152503000,1152623000,148749,0
2025-07-25T06:27:02.321067,BTC-USDT,1152503000,1152504000,90992,15998
2025-07-25T06:27:02.361614,BTC-USDT,1152503000,1152504000,23974,0
2025-07-25T06:27:02.402213,BTC-USDT,1152508000,1152746000,28954,1
2025-07-25T06:27:02.422139,BTC-USDT,0.0,1152546000,0.0,73749
2025-07-25T06:27:02.462376,BTC-USDT,1152515000,1152546000,17243,147498
2025-07-25T06:27:02.502599,BTC-USDT,1152520000,1152546000,23676,137548
2025-07-25T06:27:02.562641,BTC-USDT,1152533000,0.0,17243,0.0
2025-07-25T06:27:02.603208,BTC-USDT,1152538000,0.0,15758,0.0
2025-07-25T06:27:02.642646,BTC-USDT,1152534000,1152539000,36731,15998
2025-07-25T06:27:02.663611,BTC-USDT,0.0,1152539000,0.0,16348
2025-07-25T06:27:02.703003,BTC-USDT,1152533000,1152546000,0,0
2025-07-25T06:27:02.803845,BTC-USDT,0.0,1152682000,0.0,0
2025-07-25T06:27:02.864920,BTC-USDT,1152538000,0.0,90758,0.0
2025-07-25T06:27:02.904313,BTC-USDT,1152535000,0.0,7500,0.0
2025-07-25T06:27:02.983860,BTC-USDT,0.0,1152762000,0.0,0
2025-07-25T06:27:03.051880,BTC-USDT,1152506000,0.0,7991,0.0
2025-07-25T06:27:03.166386,BTC-USDT,1152538000,0.0,108001,0.0
2025-07-25T06:27:03.770163,BTC-USDT,0.0,1152617000,0.0,348
2025-07-25T06:27:03.834033,BTC-USDT,1152538000,1152706000,90758,851
2025-07-25T06:27:04.283007,BTC-USDT,1152464000,0.0,1,0.0
2025-07-25T06:27:04.283047,BTC-USDT,1152538000,0.0,108001,0.0
2025-07-25T06:27:04.327040,BTC-USDT,1152538000,0.0,115992,0.0
2025-07-25T06:27:06.212757,BTC-USDT,1152505000,0.0,1,0.0
2025-07-25T06:27:06.225485,BTC-USDT,1152538000,1152706000,98749,1
2025-07-25T06:27:06.225540,BTC-USDT,0.0,1152797000,0.0,852
2025-07-25T06:27:06.272226,BTC-USDT,1152538000,0.0,90758,0.0
2025-07-25T06:27:06.708947,BTC-USDT,1152538000,0.0,98752,0.0
2025-07-25T06:27:07.968967,BTC-USDT,1152536000,0.0,118998,0.0
2025-07-25T06:27:07.977000,BTC-USDT,1152252000,0.0,17536,0.0
2025-07-25T06:27:08.484688,BTC-USDT,1152482000,1152539000,0,92887
2025-07-25T06:27:08.489874,BTC-USDT,0.0,1152539000,0.0,241982
2025-07-25T06:27:08.516752,BTC-USDT,1152538000,1152539000,98752,241982
2025-07-25T06:27:08.519993,BTC-USDT,1152538000,1152539000,7994,281982
2025-07-25T06:27:08.520041,BTC-USDT,1152535000,1152539000,0,470683
2025-07-25T06:27:08.520885,BTC-USDT,1152410000,1152539000,7500,749865
2025-07-25T06:27:08.521879,BTC-USDT,1152534000,1152539000,36731,727145
2025-07-25T06:27:08.523084,BTC-USDT,1152224000,1152539000,24081,711147
2025-07-25T06:27:08.523123,BTC-USDT,1152419000,0.0,0,0.0
2025-07-25T06:27:08.523581,BTC-USDT,1152534000,0.0,30000,0.0
2025-07-25T06:27:08.523613,BTC-USDT,1152459000,1152617000,0,0
2025-07-25T06:27:08.523637,BTC-USDT,1152494000,1152539000,6731,809852
2025-07-25T06:27:08.523661,BTC-USDT,1152308000,0.0,0,0.0
2025-07-25T06:27:08.572279,BTC-USDT,0.0,1152539000,0.0,810200
2025-07-25T06:27:08.998073,BTC-USDT,1152224000,0.0,0,0.0
2025-07-25T06:27:09.005065,BTC-USDT,0.0,1152539000,0.0,830200
2025-07-25T06:27:09.006257,BTC-USDT,1152276000,1152620000,8000,0
2025-07-25T06:27:09.007172,BTC-USDT,1152494000,0.0,0,0.0
2025-07-25T06:27:09.824573,BTC-USDT,1152355000,0.0,0,0.0
2025-07-25T06:27:09.837593,BTC-USDT,1152459000,0.0,6731,0.0
2025-07-25T06:27:09.840056,BTC-USDT,1152338000,0.0,95646,0.0
2025-07-25T06:27:09.841373,BTC-USDT,1152210000,0.0,41357,0.0
2025-07-25T06:27:09.842263,BTC-USDT,0.0,1152784000,0.0,0
2025-07-25T06:27:09.843017,BTC-USDT,0.0,1152668000,0.0,95646
2025-07-25T06:27:09.853759,BTC-USDT,0.0,1152567000,0.0,129888
2025-07-25T06:27:09.893952,BTC-USDT,1152459000,1152539000,0,754854
2025-07-25T06:27:09.913873,BTC-USDT,1152536000,0.0,125729,0.0
2025-07-25T06:27:11.113707,BTC-USDT,1152538000,0.0,0,0.0
2025-07-25T06:27:11.116492,BTC-USDT,0.0,1152537000,0.0,15998
2025-07-25T06:27:11.117323,BTC-USDT,1152256000,1152537000,42715,542226
2025-07-25T06:27:11.117362,BTC-USDT,0.0,1152539000,0.0,200781
2025-07-25T06:27:11.117394,BTC-USDT,0.0,1152539000,0.0,195579
2025-07-25T06:27:11.117421,BTC-USDT,0.0,1152537000,0.0,599866
2025-07-25T06:27:11.117456,BTC-USDT,0.0,1152539000,0.0,94097
2025-07-25T06:27:11.117493,BTC-USDT,0.0,1152537000,0.0,602656
2025-07-25T06:27:11.117941,BTC-USDT,0.0,1152894000,0.0,52390
2025-07-25T06:27:12.019361,BTC-USDT,1152536000,0.0,118998,0.0
2025-07-25T06:27:12.023717,BTC-USDT,1152493000,0.0,6731,0.0
2025-07-25T06:27:12.025681,BTC-USDT,1152393000,0.0,7500,0.0
2025-07-25T06:27:12.026657,BTC-USDT,1152493000,0.0,0,0.0
2025-07-25T06:27:12.027317,BTC-USDT,1152458000,0.0,6731,0.0
2025-07-25T06:27:12.028084,BTC-USDT,1152536000,0.0,0,0.0
2025-07-25T06:27:12.028600,BTC-USDT,0.0,1152535000,0.0,357873
2025-07-25T06:27:12.051535,BTC-USDT,0.0,1152535000,0.0,358223
2025-07-25T06:27:12.057550,BTC-USDT,0.0,1152537000,0.0,138056
2025-07-25T06:27:12.077305,BTC-USDT,0.0,1152535000,0.0,682930
2025-07-25T06:27:12.117605,BTC-USDT,0.0,1152535000,0.0,820896
2025-07-25T06:27:12.197655,BTC-USDT,0.0,1152537000,0.0,0
2025-07-25T06:27:12.788564,BTC-USDT,0.0,1152535000,0.0,843386
2025-07-25T06:27:12.789183,BTC-USDT,1152458000,1152535000,0,768040
2025-07-25T06:27:12.789223,BTC-USDT,1152533000,0.0,6731,0.0
2025-07-25T06:27:12.799235,BTC-USDT,0.0,1152535000,0.0,750504
2025-07-25T06:27:13.432264,BTC-USDT,1152338000,0.0,0,0.0
2025-07-25T06:27:13.438554,BTC-USDT,1152368000,0.0,0,0.0
2025-07-25T06:27:13.441810,BTC-USDT,1152533000,1152535000,0,712026
2025-07-25T06:27:13.460897,BTC-USDT,1152416000,1152535000,719,750504
2025-07-25T06:27:13.500647,BTC-USDT,1152484000,1152539000,0,348
2025-07-25T06:27:13.541522,BTC-USDT,1152307000,1152535000,95622,1090108
2025-07-25T06:27:13.601003,BTC-USDT,1152425000,0.0,864,0.0
2025-07-25T06:27:13.640869,BTC-USDT,1152439000,0.0,6731,0.0
2025-07-25T06:27:13.680996,BTC-USDT,1152439000,0.0,0,0.0
2025-07-25T06:27:13.721383,BTC-USDT,1152435000,0.0,6731,0.0
2025-07-25T06:27:14.544146,BTC-USDT,1152350000,0.0,7500,0.0
2025-07-25T06:27:14.570117,BTC-USDT,0.0,1152535000,0.0,1050216
2025-07-25T06:27:14.570952,BTC-USDT,0.0,1152535000,0.0,1090098
2025-07-25T06:27:14.570992,BTC-USDT,0.0,1152535000,0.0,1066241
2025-07-25T06:27:14.571757,BTC-USDT,0.0,1152535000,0.0,1090092
2025-07-25T06:27:14.572384,BTC-USDT,1152435000,0.0,0,0.0
2025-07-25T06:27:14.572427,BTC-USDT,1152496000,0.0,6731,0.0
2025-07-25T06:27:14.683457,BTC-USDT,1152484000,0.0,7997,0.0
2025-07-25T06:27:15.401877,BTC-USDT,0.0,1152641000,0.0,0
2025-07-25T06:27:15.406076,BTC-USDT,0.0,1152791000,0.0,20000
2025-07-25T06:27:15.408010,BTC-USDT,1152300000,1152535000,20000,1110092
2025-07-25T06:27:15.408701,BTC-USDT,1152302000,0.0,17347,0.0
2025-07-25T06:27:16.377988,BTC-USDT,0.0,1152668000,0.0,0
2025-07-25T06:27:16.385109,BTC-USDT,0.0,1152553000,0.0,95593
2025-07-25T06:27:18.496160,BTC-USDT,1152384000,0.0,1,0.0
2025-07-25T06:27:20.068572,BTC-USDT,1152418000,0.0,0,0.0
2025-07-25T06:27:20.074136,BTC-USDT,1152534000,0.0,15000,0.0
2025-07-25T06:27:20.077134,BTC-USDT,1152534000,1152558000,0,999
2025-07-25T06:27:20.078392,BTC-USDT,0.0,1152507000,0.0,241632
2025-07-25T06:27:20.079325,BTC-USDT,0.0,1152507000,0.0,588154
2025-07-25T06:27:20.080158,BTC-USDT,1152506000,1152507000,30000,742742
2025-07-25T06:27:20.080825,BTC-USDT,0.0,1152535000,0.0,8004
2025-07-25T06:27:20.081266,BTC-USDT,0.0,1152507000,0.0,758780
2025-07-25T06:27:20.081485,BTC-USDT,0.0,1152534000,0.0,91700
2025-07-25T06:27:20.081514,BTC-USDT,0.0,1152507000,0.0,758780
2025-07-25T06:27:20.082470,BTC-USDT,1152425000,0.0,0,0.0
2025-07-25T06:27:20.577198,BTC-USDT,1152496000,0.0,0,0.0
2025-07-25T06:27:20.581101,BTC-USDT,1152186000,0.0,17347,0.0
2025-07-25T06:27:20.582114,BTC-USDT,1152453000,0.0,6731,0.0
2025-07-25T06:27:20.583190,BTC-USDT,0.0,1152507000,0.0,683434
2025-07-25T06:27:20.583745,BTC-USDT,1152241000,1152507000,20000,743434
2025-07-25T06:27:20.584956,BTC-USDT,1152506000,1152507000,15000,1069152
2025-07-25T06:27:20.593015,BTC-USDT,0.0,1152507000,0.0,1330915
2025-07-25T06:27:20.772606,BTC-USDT,1152484000,0.0,0,0.0
2025-07-25T06:27:20.872710,BTC-USDT,1152353000,0.0,0,0.0
2025-07-25T06:27:20.912996,BTC-USDT,1152496000,0.0,6731,0.0
2025-07-25T06:27:20.953136,BTC-USDT,1152396000,0.0,7500,0.0
2025-07-25T06:27:21.173130,BTC-USDT,0.0,1152534000,0.0,0
2025-07-25T06:27:22.511409,BTC-USDT,0.0,1152507000,0.0,1329633
2025-07-25T06:27:22.516029,BTC-USDT,1152276000,0.0,8000,0.0
2025-07-25T06:27:22.516367,BTC-USDT,0.0,1152507000,0.0,1330915
2025-07-25T06:27:22.615115,BTC-USDT,1152426000,0.0,0,0.0
2025-07-25T06:27:22.634942,BTC-USDT,0.0,1152507000,0.0,1313568
2025-07-25T06:27:23.139180,BTC-USDT,0.0,1152583000,0.0,824
2025-07-25T06:27:24.637952,BTC-USDT,0.0,1152507000,0.0,1281916
2025-07-25T06:27:25.010671,BTC-USDT,0.0,1152507000,0.0,1313558
2025-07-25T06:27:25.015506,BTC-USDT,0.0,1152507000,0.0,1311949
2025-07-25T06:27:25.019647,BTC-USDT,0.0,1152507000,0.0,1313558
2025-07-25T06:27:25.684574,BTC-USDT,1152496000,1152790000,0,60446
2025-07-25T06:27:25.687838,BTC-USDT,1152453000,0.0,6731,0.0
2025-07-25T06:27:25.689227,BTC-USDT,1152353000,0.0,7500,0.0
2025-07-25T06:27:25.690008,BTC-USDT,1152453000,0.0,0,0.0
2025-07-25T06:27:25.690636,BTC-USDT,1152496000,0.0,6731,0.0
2025-07-25T06:27:25.691695,BTC-USDT,1152496000,0.0,0,0.0
2025-07-25T06:27:25.692013,BTC-USDT,1152453000,0.0,6731,0.0
2025-07-25T06:27:25.860202,BTC-USDT,1152453000,0.0,0,0.0
2025-07-25T06:27:25.880053,BTC-USDT,1152496000,0.0,6731,0.0
2025-07-25T06:27:25.900142,BTC-USDT,1152396000,0.0,7500,0.0
2025-07-25T06:27:28.142435,BTC-USDT,0.0,1152583000,0.0,0
2025-07-25T06:27:28.153111,BTC-USDT,0.0,1152507000,0.0,1408911
2025-07-25T06:27:28.157025,BTC-USDT,0.0,1152628000,0.0,851
2025-07-25T06:27:28.567066,BTC-USDT,0.0,1152507000,0.0,1261413
2025-07-25T06:27:30.028002,BTC-USDT,0.0,1152507000,0.0,1251413
2025-07-25T06:27:30.047915,BTC-USDT,1152463000,0.0,2000,0.0
2025-07-25T06:27:30.654559,BTC-USDT,1152222000,0.0,1,0.0
2025-07-25T06:27:34.685356,BTC-USDT,1152307000,0.0,0,0.0
2025-07-25T06:27:34.689846,BTC-USDT,0.0,1152535000,0.0,20000
2025-07-25T06:27:34.690959,BTC-USDT,1152479000,1152537000,0,154076
2025-07-25T06:27:34.691463,BTC-USDT,1152426000,0.0,0,0.0
2025-07-25T06:27:34.691949,BTC-USDT,1152506000,0.0,0,0.0
2025-07-25T06:27:34.695988,BTC-USDT,1152463000,1152506000,0,246771
2025-07-25T06:27:34.715096,BTC-USDT,0.0,1152506000,0.0,893518
2025-07-25T06:27:34.736125,BTC-USDT,1152114000,1152506000,0,1138136
2025-07-25T06:27:34.775212,BTC-USDT,1152157000,1152506000,95540,1171291
2025-07-25T06:27:34.815450,BTC-USDT,1152179000,0.0,0,0.0
2025-07-25T06:27:34.835445,BTC-USDT,1152070000,0.0,60411,0.0
2025-07-25T06:27:34.935818,BTC-USDT,0.0,1152506000,0.0,1262991
2025-07-25T06:27:34.976356,BTC-USDT,1152071000,1152506000,24604,1408745
2025-07-25T06:27:35.847716,BTC-USDT,1152402000,1152506000,0,1399082
2025-07-25T06:27:35.856293,BTC-USDT,0.0,1152506000,0.0,1408739
2025-07-25T06:27:35.858011,BTC-USDT,0.0,1152506000,0.0,1439413
2025-07-25T06:27:35.859841,BTC-USDT,0.0,1152507000,0.0,95353
2025-07-25T06:27:35.860461,BTC-USDT,0.0,1152506000,0.0,1463783
2025-07-25T06:27:35.861249,BTC-USDT,1152364000,1152506000,0,1800846
2025-07-25T06:27:35.862113,BTC-USDT,1152259000,1152506000,0,1820210
2025-07-25T06:27:35.863536,BTC-USDT,1152207000,1152539000,2000,0
2025-07-25T06:27:35.863759,BTC-USDT,0.0,1152506000,0.0,1813712
2025-07-25T06:27:35.863835,BTC-USDT,1152123000,0.0,95702,0.0
2025-07-25T06:27:35.865021,BTC-USDT,1152207000,0.0,0,0.0
2025-07-25T06:27:35.865566,BTC-USDT,1152292000,0.0,2001,0.0
2025-07-25T06:27:35.865608,BTC-USDT,0.0,1152506000,0.0,1814079
2025-07-25T06:27:36.799267,BTC-USDT,1152123000,0.0,0,0.0
2025-07-25T06:27:36.799950,BTC-USDT,1152108000,0.0,95702,0.0
2025-07-25T06:27:36.799998,BTC-USDT,1152242000,0.0,0,0.0
2025-07-25T06:27:37.019054,BTC-USDT,1152242000,0.0,7500,0.0
2025-07-25T06:27:38.044258,BTC-USDT,0.0,1152589000,0.0,60510
2025-07-25T06:27:38.045019,BTC-USDT,1152242000,0.0,0,0.0
2025-07-25T06:27:39.014566,BTC-USDT,1152242000,0.0,7500,0.0
2025-07-25T06:27:39.016931,BTC-USDT,0.0,1152506000,0.0,1781279
2025-07-25T06:27:39.142408,BTC-USDT,0.0,1152506000,0.0,1814052
2025-07-25T06:27:39.720249,BTC-USDT,1152505000,1152304000,0,143401
2025-07-25T06:27:39.721371,BTC-USDT,1152243000,1152293000,37500,150288
2025-07-25T06:27:39.722406,BTC-USDT,0.0,1152293000,0.0,233071
2025-07-25T06:27:39.722443,BTC-USDT,1152292000,1152293000,8365,215142
2025-07-25T06:27:39.723631,BTC-USDT,1152292000,0.0,38365,0.0
2025-07-25T06:27:39.763725,BTC-USDT,1152243000,1152293000,7500,221507
2025-07-25T06:27:39.803585,BTC-USDT,0.0,1152293000,0.0,313207
2025-07-25T06:27:39.843870,BTC-USDT,0.0,1152293000,0.0,347058
2025-07-25T06:27:40.065151,BTC-USDT,0.0,1152293000,0.0,347413
2025-07-25T06:27:40.103874,BTC-USDT,0.0,1152293000,0.0,347058
2025-07-25T06:27:40.164033,BTC-USDT,0.0,1152293000,0.0,255358
2025-07-25T06:27:40.184742,BTC-USDT,0.0,1152293000,0.0,181609
2025-07-25T06:27:40.224244,BTC-USDT,0.0,1152293000,0.0,105070
2025-07-25T06:27:40.998423,BTC-USDT,1152177000,0.0,3000,0.0
2025-07-25T06:27:40.998991,BTC-USDT,1152177000,0.0,0,0.0
2025-07-25T06:27:40.999042,BTC-USDT,1152292000,0.0,36731,0.0
2025-07-25T06:27:40.999084,BTC-USDT,1152229000,0.0,1633,0.0
2025-07-25T06:27:40.999120,BTC-USDT,0.0,1152293000,0.0,196770
2025-07-25T06:27:41.546324,BTC-USDT,0.0,1152293000,0.0,105070
2025-07-25T06:27:41.646405,BTC-USDT,0.0,1152293000,0.0,200618
2025-07-25T06:27:42.160002,BTC-USDT,0.0,1152293000,0.0,292318
2025-07-25T06:27:42.165156,BTC-USDT,1152177000,0.0,3000,0.0
2025-07-25T06:27:42.207230,BTC-USDT,0.0,1152301000,0.0,0
2025-07-25T06:27:42.968564,BTC-USDT,1152177000,0.0,0,0.0
2025-07-25T06:27:42.975211,BTC-USDT,0.0,1152383000,0.0,1
2025-07-25T06:27:42.975941,BTC-USDT,1152177000,1152301000,0,91700
2025-07-25T06:27:43.588101,BTC-USDT,0.0,1152293000,0.0,200618
2025-07-25T06:27:43.593672,BTC-USDT,1152108000,1152293000,0,218547
2025-07-25T06:27:43.594318,BTC-USDT,0.0,1152293000,0.0,218902
2025-07-25T06:27:43.595382,BTC-USDT,1152292000,1152293000,30000,267332
2025-07-25T06:27:43.595424,BTC-USDT,1152243000,1152293000,0,533788
2025-07-25T06:27:43.595453,BTC-USDT,1152268000,1152293000,6731,619956
2025-07-25T06:27:43.595475,BTC-USDT,0.0,1152293000,0.0,652068
2025-07-25T06:27:43.595497,BTC-USDT,1152292000,1152293000,15000,1043585
2025-07-25T06:27:43.629120,BTC-USDT,1152292000,0.0,0,0.0
2025-07-25T06:27:43.649142,BTC-USDT,1152241000,1152272000,133122,221178
2025-07-25T06:27:43.669324,BTC-USDT,1152271000,1152272000,30000,630376
2025-07-25T06:27:43.730848,BTC-USDT,1152271000,1152272000,15000,1104149
2025-07-25T06:27:43.751366,BTC-USDT,1152271000,1152272000,0,1370586
2025-07-25T06:27:43.769467,BTC-USDT,1152270000,1152271000,0,102430
2025-07-25T06:27:43.789502,BTC-USDT,1151943000,1152269000,0,387850
2025-07-25T06:27:43.809528,BTC-USDT,1151928000,1152269000,41357,703551
2025-07-25T06:27:43.838862,BTC-USDT,0.0,1152269000,0.0,1185613
2025-07-25T06:27:43.869436,BTC-USDT,0.0,1152269000,0.0,1293179
2025-07-25T06:27:43.909733,BTC-USDT,0.0,1152269000,0.0,1360633
2025-07-25T06:27:43.929750,BTC-USDT,0.0,1152272000,0.0,107588
2025-07-25T06:27:43.969814,BTC-USDT,0.0,1152269000,0.0,1370290
2025-07-25T06:27:44.050062,BTC-USDT,0.0,1152269000,0.0,1397587
2025-07-25T06:27:44.387973,BTC-USDT,1152081000,0.0,821,0.0
2025-07-25T06:27:44.391707,BTC-USDT,1152242000,0.0,7500,0.0
2025-07-25T06:27:45.707146,BTC-USDT,1152244000,0.0,7500,0.0
2025-07-25T06:27:46.048857,BTC-USDT,0.0,1152270000,0.0,0
2025-07-25T06:27:46.049538,BTC-USDT,1152024000,1152499000,20000,0
2025-07-25T06:27:46.049592,BTC-USDT,1152046000,1152275000,8000,8000
2025-07-25T06:27:46.049706,BTC-USDT,0.0,1152331000,0.0,20000
2025-07-25T06:27:46.049747,BTC-USDT,1152268000,0.0,8364,0.0
2025-07-25T06:27:46.051314,BTC-USDT,1151970000,0.0,59125,0.0
2025-07-25T06:27:46.052165,BTC-USDT,1152268000,1152269000,38364,953365
2025-07-25T06:27:46.052203,BTC-USDT,0.0,1152269000,0.0,878019
2025-07-25T06:27:46.052957,BTC-USDT,1152268000,1152275000,30000,16000
2025-07-25T06:27:46.053671,BTC-USDT,1152268000,1152275000,15000,24000
2025-07-25T06:27:46.053775,BTC-USDT,1152268000,0.0,0,0.0
2025-07-25T06:27:46.054726,BTC-USDT,1152214000,1152225000,6731,279928
2025-07-25T06:27:46.056074,BTC-USDT,0.0,1152225000,0.0,427399
2025-07-25T06:27:46.056115,BTC-USDT,1152224000,1152225000,30000,427754
2025-07-25T06:27:46.056479,BTC-USDT,0.0,1152225000,0.0,477972
2025-07-25T06:27:46.057158,BTC-USDT,1151963000,0.0,96227,0.0
2025-07-25T06:27:46.057200,BTC-USDT,0.0,1152269000,0.0,50498
2025-07-25T06:27:46.057230,BTC-USDT,0.0,1152269000,0.0,27160
2025-07-25T06:27:46.057257,BTC-USDT,0.0,1152239000,0.0,91600
2025-07-25T06:27:46.057289,BTC-USDT,1152070000,0.0,0,0.0
2025-07-25T06:27:46.462976,BTC-USDT,1152214000,0.0,0,0.0
2025-07-25T06:27:46.463745,BTC-USDT,1151838000,0.0,17255,0.0
2025-07-25T06:27:46.463802,BTC-USDT,1152174000,0.0,6731,0.0
2025-07-25T06:27:46.463836,BTC-USDT,0.0,1152302000,0.0,1
2025-07-25T06:27:46.874766,BTC-USDT,0.0,1152225000,0.0,386372
2025-07-25T06:27:47.094829,BTC-USDT,0.0,1152225000,0.0,386372
2025-07-25T06:27:47.114912,BTC-USDT,1151963000,0.0,0,0.0
2025-07-25T06:27:47.195078,BTC-USDT,0.0,1152225000,0.0,386372
2025-07-25T06:27:47.215390,BTC-USDT,1151945000,0.0,96182,0.0
2025-07-25T06:27:47.635660,BTC-USDT,0.0,1152225000,0.0,311026
2025-07-25T06:27:47.638313,BTC-USDT,1151889000,0.0,59112,0.0
2025-07-25T06:27:48.075561,BTC-USDT,1152074000,1152225000,91600,402626
2025-07-25T06:27:48.078773,BTC-USDT,1152074000,0.0,0,0.0
2025-07-25T06:27:48.079644,BTC-USDT,1152174000,0.0,0,0.0
2025-07-25T06:27:48.080640,BTC-USDT,1152212000,0.0,6731,0.0
2025-07-25T06:27:48.081657,BTC-USDT,1152111000,0.0,7500,0.0
2025-07-25T06:27:48.317116,BTC-USDT,1151928000,0.0,0,0.0
2025-07-25T06:27:48.417248,BTC-USDT,1151945000,0.0,0,0.0
2025-07-25T06:27:48.437546,BTC-USDT,1152111000,0.0,0,0.0
2025-07-25T06:27:48.457495,BTC-USDT,1152073000,0.0,7500,0.0
2025-07-25T06:27:48.477212,BTC-USDT,1152224000,1152225000,15000,659591
2025-07-25T06:27:48.497170,BTC-USDT,0.0,1152225000,0.0,1061462
2025-07-25T06:27:48.537327,BTC-USDT,1152212000,1152225000,0,1189245
2025-07-25T06:27:49.114544,BTC-USDT,1152154000,0.0,0,0.0
2025-07-25T06:27:49.118911,BTC-USDT,1152193000,0.0,6731,0.0
2025-07-25T06:27:49.119283,BTC-USDT,1152073000,0.0,0,0.0
2025-07-25T06:27:49.119322,BTC-USDT,1152111000,0.0,7500,0.0
2025-07-25T06:27:49.694127,BTC-USDT,0.0,1152225000,0.0,1166078
2025-07-25T06:27:49.699019,BTC-USDT,0.0,1152225000,0.0,1189233
2025-07-25T06:27:49.699129,BTC-USDT,1151936000,0.0,0,0.0
2025-07-25T06:27:49.699962,BTC-USDT,1152046000,0.0,0,0.0
2025-07-25T06:27:49.702439,BTC-USDT,1152036000,0.0,1633,0.0
2025-07-25T06:27:49.702527,BTC-USDT,1152224000,1152225000,0,1254602
2025-07-25T06:27:49.702719,BTC-USDT,1152111000,1152224000,0,26410
2025-07-25T06:27:49.703319,BTC-USDT,1152134000,1152224000,6731,640272
2025-07-25T06:27:49.719050,BTC-USDT,0.0,1152224000,0.0,1018665
2025-07-25T06:27:49.759579,BTC-USDT,1151863000,1152224000,0,1044551
2025-07-25T06:27:49.799112,BTC-USDT,0.0,1152224000,0.0,1196946
2025-07-25T06:27:49.840178,BTC-USDT,0.0,1152225000,0.0,81286
2025-07-25T06:27:49.859645,BTC-USDT,1152134000,0.0,0,0.0
2025-07-25T06:27:49.899820,BTC-USDT,1152114000,1152224000,6731,1227091
2025-07-25T06:27:49.939906,BTC-USDT,1152167000,0.0,1633,0.0
2025-07-25T06:27:50.000261,BTC-USDT,0.0,1152224000,0.0,1302437
2025-07-25T06:27:50.039869,BTC-USDT,1151811000,1152419000,26130,20000
2025-07-25T06:27:50.100288,BTC-USDT,0.0,1152225000,0.0,28597
2025-07-25T06:27:50.140550,BTC-USDT,1151867000,1152224000,26103,1353578
2025-07-25T06:27:50.220761,BTC-USDT,0.0,1152281000,0.0,0
2025-07-25T06:27:50.260827,BTC-USDT,0.0,1152399000,0.0,20000
2025-07-25T06:27:50.741145,BTC-USDT,1151867000,0.0,0,0.0
2025-07-25T06:27:50.801078,BTC-USDT,1151810000,1152275000,26089,0
2025-07-25T06:27:50.821032,BTC-USDT,0.0,1152224000,0.0,1261978
2025-07-25T06:27:50.841176,BTC-USDT,1151867000,0.0,26089,0.0
2025-07-25T06:27:51.803026,BTC-USDT,0.0,1152239000,0.0,0
2025-07-25T06:27:51.883973,BTC-USDT,1151868000,0.0,26102,0.0
2025-07-25T06:27:51.902898,BTC-USDT,0.0,1152310000,0.0,0
2025-07-25T06:27:52.403863,BTC-USDT,1152223000,1152224000,18764,1019089
2025-07-25T06:27:52.424144,BTC-USDT,1151895000,1152224000,41357,981877
2025-07-25T06:27:52.464328,BTC-USDT,0.0,1152399000,0.0,0
2025-07-25T06:27:52.503751,BTC-USDT,1151993000,1152224000,20000,1078517
2025-07-25T06:27:53.187959,BTC-USDT,1152115000,0.0,91600,0.0
2025-07-25T06:27:53.193736,BTC-USDT,1152033000,1152275000,25604,24000
2025-07-25T06:27:53.194605,BTC-USDT,1152115000,0.0,0,0.0
2025-07-25T06:27:53.194646,BTC-USDT,1152107000,0.0,90875,0.0
2025-07-25T06:27:53.205113,BTC-USDT,0.0,1152224000,0.0,1047843
2025-07-25T06:27:53.245422,BTC-USDT,0.0,1152224000,0.0,1078517
2025-07-25T06:27:53.465406,BTC-USDT,0.0,1152224000,0.0,1059667
2025-07-25T06:27:53.565701,BTC-USDT,0.0,1152224000,0.0,1078509
2025-07-25T06:27:53.746095,BTC-USDT,1152107000,0.0,108130,0.0
2025-07-25T06:27:53.806200,BTC-USDT,1152115000,0.0,91600,0.0
2025-07-25T06:27:53.946752,BTC-USDT,0.0,1152369000,0.0,20000
2025-07-25T06:27:54.601669,BTC-USDT,0.0,1152224000,0.0,1046397
2025-07-25T06:27:54.601886,BTC-USDT,0.0,1152224000,0.0,1078496
2025-07-25T06:27:54.667687,BTC-USDT,1151921000,0.0,61243,0.0
2025-07-25T06:27:55.989662,BTC-USDT,1151895000,0.0,0,0.0
2025-07-25T06:27:56.029775,BTC-USDT,1151895000,0.0,41357,0.0
2025-07-25T06:27:59.395381,BTC-USDT,1152115000,0.0,0,0.0
2025-07-25T06:27:59.424421,BTC-USDT,1152107000,0.0,90875,0.0
2025-07-25T06:27:59.830340,BTC-USDT,1151966000,0.0,649,0.0
2025-07-25T06:27:59.955817,BTC-USDT,1151891000,0.0,96610,0.0
2025-07-25T06:28:00.036645,BTC-USDT,1152000000,0.0,0,0.0
2025-07-25T06:28:00.075957,BTC-USDT,1152040000,0.0,7500,0.0
2025-07-25T06:28:00.816067,BTC-USDT,1152107000,0.0,108694,0.0
2025-07-25T06:28:00.816109,BTC-USDT,1152107000,0.0,90875,0.0
2025-07-25T06:28:01.217540,BTC-USDT,0.0,1152224000,0.0,1057933
2025-07-25T06:28:01.317761,BTC-USDT,0.0,1152224000,0.0,1078491
2025-07-25T06:28:01.498024,BTC-USDT,0.0,1152224000,0.0,1042789
2025-07-25T06:28:01.558369,BTC-USDT,0.0,1152224000,0.0,1078482
2025-07-25T06:28:01.918816,BTC-USDT,0.0,1152258000,0.0,0
2025-07-25T06:28:02.880559,BTC-USDT,1152107000,0.0,108694,0.0
2025-07-25T06:28:02.900100,BTC-USDT,0.0,1152289000,0.0,845
2025-07-25T06:28:03.120509,BTC-USDT,1152223000,0.0,17973,0.0
2025-07-25T06:28:03.160986,BTC-USDT,1152107000,0.0,90875,0.0
2025-07-25T06:28:03.183230,BTC-USDT,1152107000,0.0,108694,0.0
2025-07-25T06:28:04.162996,BTC-USDT,0.0,1152224000,0.0,981842
2025-07-25T06:28:04.182486,BTC-USDT,0.0,1152289000,0.0,0
2025-07-25T06:28:04.202292,BTC-USDT,0.0,1152224000,0.0,717343
2025-07-25T06:28:04.222349,BTC-USDT,1152146000,1152224000,6731,537642
2025-07-25T06:28:04.282518,BTC-USDT,0.0,1152224000,0.0,634154
2025-07-25T06:28:04.724656,BTC-USDT,0.0,1152497000,0.0,20000
2025-07-25T06:28:04.729610,BTC-USDT,1152003000,1152275000,20000,16000
2025-07-25T06:28:05.562083,BTC-USDT,0.0,1152321000,0.0,0
2025-07-25T06:28:05.567111,BTC-USDT,1152115000,1152275000,956,24000
2025-07-25T06:28:05.568269,BTC-USDT,1152223000,1152224000,16340,633300
2025-07-25T06:28:05.569464,BTC-USDT,0.0,1152358000,0.0,0
2025-07-25T06:28:05.569687,BTC-USDT,0.0,1152241000,0.0,20000
2025-07-25T06:28:05.724996,BTC-USDT,1152111000,0.0,0,0.0
2025-07-25T06:28:05.744923,BTC-USDT,0.0,1152353000,0.0,845
2025-07-25T06:28:05.765079,BTC-USDT,1152107000,0.0,90875,0.0
2025-07-25T06:28:05.824816,BTC-USDT,1152003000,1152233000,0,0
2025-07-25T06:28:05.845025,BTC-USDT,0.0,1152465000,0.0,20000
2025-07-25T06:28:05.884865,BTC-USDT,0.0,1152275000,0.0,0
2025-07-25T06:28:07.514480,BTC-USDT,0.0,1152236000,0.0,20000
2025-07-25T06:28:07.518354,BTC-USDT,1151970000,1152224000,20000,653300
2025-07-25T06:28:07.519186,BTC-USDT,0.0,1152224000,0.0,630756
2025-07-25T06:28:07.988199,BTC-USDT,1152107000,0.0,108179,0.0
2025-07-25T06:28:08.024331,BTC-USDT,1152223000,1152224000,16340,630756
2025-07-25T06:28:08.128343,BTC-USDT,0.0,1152224000,0.0,653296
2025-07-25T06:28:09.193648,BTC-USDT,1152022000,1152268000,202281,154034
2025-07-25T06:28:10.451651,BTC-USDT,0.0,1152224000,0.0,434534
2025-07-25T06:28:10.472583,BTC-USDT,1152046000,1152268000,8000,0
2025-07-25T06:28:10.491557,BTC-USDT,0.0,1152287000,0.0,0
2025-07-25T06:28:10.876198,BTC-USDT,1151992000,0.0,59124,0.0
2025-07-25T06:28:10.880863,BTC-USDT,1152223000,1152224000,31340,25511
2025-07-25T06:28:10.882330,BTC-USDT,1152146000,0.0,0,0.0
2025-07-25T06:28:10.883863,BTC-USDT,1152223000,1152300000,105940,23574
2025-07-25T06:28:10.884238,BTC-USDT,1152223000,1152303000,108427,120
2025-07-25T06:28:10.884909,BTC-USDT,0.0,1152224000,0.0,121695
2025-07-25T06:28:10.885843,BTC-USDT,0.0,1152360000,0.0,0
2025-07-25T06:28:10.912378,BTC-USDT,1152108000,0.0,4100,0.0
2025-07-25T06:28:10.953171,BTC-USDT,0.0,1152392000,0.0,843
2025-07-25T06:28:11.451615,BTC-USDT,1152223000,0.0,33827,0.0
2025-07-25T06:28:11.455196,BTC-USDT,1152202000,0.0,6731,0.0
2025-07-25T06:28:11.456486,BTC-USDT,1152223000,0.0,51131,0.0
2025-07-25T06:28:11.457365,BTC-USDT,1152202000,1152392000,0,0
2025-07-25T06:28:11.493452,BTC-USDT,0.0,1152224000,0.0,25511
2025-07-25T06:28:11.593899,BTC-USDT,1152223000,1152249000,142731,96201
2025-07-25T06:28:11.694666,BTC-USDT,1152223000,0.0,51131,0.0
2025-07-25T06:28:11.834822,BTC-USDT,1152213000,0.0,6731,0.0
2025-07-25T06:28:11.874109,BTC-USDT,1152110000,0.0,91551,0.0
2025-07-25T06:28:11.974108,BTC-USDT,0.0,1152422000,0.0,846
2025-07-25T06:28:12.254419,BTC-USDT,1152223000,0.0,51131,0.0
2025-07-25T06:28:12.623336,BTC-USDT,1152214000,0.0,6731,0.0
2025-07-25T06:28:13.157342,BTC-USDT,1152114000,0.0,7500,0.0
2025-07-25T06:28:13.161209,BTC-USDT,1151988000,0.0,96201,0.0
2025-07-25T06:28:13.161903,BTC-USDT,1152116000,1152299000,91600,91600
2025-07-25T06:28:13.162641,BTC-USDT,0.0,1152302000,0.0,1
2025-07-25T06:28:13.360876,BTC-USDT,1152223000,1152224000,33827,42815
2025-07-25T06:28:13.384084,BTC-USDT,1152108000,1152224000,0,25511
2025-07-25T06:28:13.496466,BTC-USDT,1152046000,1152224000,0,5511
2025-07-25T06:28:13.536586,BTC-USDT,0.0,1152275000,0.0,0
2025-07-25T06:28:13.576321,BTC-USDT,1151988000,1152224000,0,97111
2025-07-25T06:28:13.656550,BTC-USDT,1151966000,0.0,166560,0.0
2025-07-25T06:28:13.696655,BTC-USDT,1152108000,0.0,3000,0.0
2025-07-25T06:28:14.017226,BTC-USDT,1152116000,0.0,0,0.0
2025-07-25T06:28:14.883512,BTC-USDT,0.0,1152224000,0.0,114415
2025-07-25T06:28:14.886931,BTC-USDT,1152170000,0.0,111284,0.0
2025-07-25T06:28:14.887747,BTC-USDT,0.0,1152275000,0.0,8000
2025-07-25T06:28:14.888378,BTC-USDT,1152011000,1152260000,20000,20000
2025-07-25T06:28:14.889102,BTC-USDT,0.0,1152248000,0.0,91600
2025-07-25T06:28:14.889735,BTC-USDT,1152162000,0.0,0,0.0
2025-07-25T06:28:14.889775,BTC-USDT,1152154000,0.0,683,0.0
2025-07-25T06:28:14.890373,BTC-USDT,1152081000,0.0,24933,0.0
2025-07-25T06:28:14.958530,BTC-USDT,1152046000,1152224000,8000,5511
2025-07-25T06:28:14.978864,BTC-USDT,1152224000,1152224000,2487,0
2025-07-25T06:28:14.999152,BTC-USDT,1152224000,1152259000,0,64492
2025-07-25T06:28:15.051620,BTC-USDT,1152231000,1152258000,73749,5511
2025-07-25T06:28:15.078688,BTC-USDT,1152232000,1152258000,2487,97111
2025-07-25T06:28:15.139204,BTC-USDT,1152232000,1152257000,0,98653
2025-07-25T06:28:15.179375,BTC-USDT,1152234000,1152256000,73749,91600
2025-07-25T06:28:15.198997,BTC-USDT,0.0,1152257000,0.0,67993
2025-07-25T06:28:15.219373,BTC-USDT,1152223000,1152235000,16340,5511
2025-07-25T06:28:15.239075,BTC-USDT,1152234000,1152254000,15000,74000
2025-07-25T06:28:15.259188,BTC-USDT,0.0,1152255000,0.0,47906
2025-07-25T06:28:15.299267,BTC-USDT,0.0,1152254000,0.0,0
2025-07-25T06:28:15.339302,BTC-USDT,0.0,1152235000,0.0,0
2025-07-25T06:28:15.823408,BTC-USDT,0.0,1152235000,0.0,5511
2025-07-25T06:28:15.828434,BTC-USDT,0.0,1152235000,0.0,0
2025-07-25T06:28:15.828884,BTC-USDT,1152235000,1152257000,2487,70003
2025-07-25T06:28:15.828934,BTC-USDT,1152235000,1152236000,0,2790
2025-07-25T06:28:15.828976,BTC-USDT,1152235000,1152236000,2487,5511
2025-07-25T06:28:15.830294,BTC-USDT,1152235000,1152236000,0,0
2025-07-25T06:28:15.831440,BTC-USDT,0.0,1152252000,0.0,2790
2025-07-25T06:28:15.831498,BTC-USDT,1152120000,1152250000,0,2790
2025-07-25T06:28:15.831527,BTC-USDT,0.0,1152271000,0.0,91600
2025-07-25T06:28:15.831554,BTC-USDT,1152171000,1152224000,0,5511
2025-07-25T06:28:15.831587,BTC-USDT,1152110000,1152224000,84051,0
2025-07-25T06:28:15.831621,BTC-USDT,0.0,1152248000,0.0,0
2025-07-25T06:28:15.831814,BTC-USDT,0.0,1152259000,0.0,5511
2025-07-25T06:28:15.861094,BTC-USDT,0.0,1152258000,0.0,164426
2025-07-25T06:28:16.501069,BTC-USDT,0.0,1152224000,0.0,5511
2025-07-25T06:28:16.524318,BTC-USDT,0.0,1152229000,0.0,0
2025-07-25T06:28:16.990041,BTC-USDT,0.0,1152258000,0.0,0
2025-07-25T06:28:16.991806,BTC-USDT,0.0,1152224000,0.0,5511
2025-07-25T06:28:16.992975,BTC-USDT,0.0,1152224000,0.0,0
2025-07-25T06:28:16.993901,BTC-USDT,0.0,1152224000,0.0,5511
2025-07-25T06:28:16.994574,BTC-USDT,0.0,1152224000,0.0,0
2025-07-25T06:28:16.996270,BTC-USDT,0.0,1152224000,0.0,5511
2025-07-25T06:28:16.997401,BTC-USDT,0.0,1152224000,0.0,0
2025-07-25T06:28:16.997901,BTC-USDT,0.0,1152257000,0.0,64821
2025-07-25T06:28:16.998625,BTC-USDT,0.0,1152256000,0.0,5511
2025-07-25T06:28:16.998664,BTC-USDT,0.0,1152224000,0.0,5511
2025-07-25T06:28:16.999163,BTC-USDT,0.0,1152224000,0.0,8301
2025-07-25T06:28:16.999201,BTC-USDT,0.0,1152255000,0.0,47906
2025-07-25T06:28:16.999839,BTC-USDT,0.0,1152255000,0.0,22020
2025-07-25T06:28:16.999877,BTC-USDT,0.0,1152224000,0.0,5511
2025-07-25T06:28:17.000539,BTC-USDT,0.0,1152258000,0.0,0
2025-07-25T06:28:17.001201,BTC-USDT,1152171000,0.0,91500,0.0
2025-07-25T06:28:17.001237,BTC-USDT,1152116000,0.0,91500,0.0
2025-07-25T06:28:17.002078,BTC-USDT,0.0,1152224000,0.0,0
2025-07-25T06:28:17.002116,BTC-USDT,0.0,1152259000,0.0,233005
2025-07-25T06:28:17.002732,BTC-USDT,1152147000,1152258000,104109,155992
2025-07-25T06:28:17.002802,BTC-USDT,0.0,1152224000,0.0,5511
2025-07-25T06:28:17.002840,BTC-USDT,1152208000,1152257000,0,0
2025-07-25T06:28:17.002864,BTC-USDT,0.0,1152258000,0.0,91500
2025-07-25T06:28:17.533034,BTC-USDT,1152171000,1152224000,0,0
2025-07-25T06:28:17.537539,BTC-USDT,0.0,1152257000,0.0,5511
2025-07-25T06:28:17.538627,BTC-USDT,0.0,1152257000,0.0,0
2025-07-25T06:28:17.539132,BTC-USDT,0.0,1152256000,0.0,98653
2025-07-25T06:28:17.540609,BTC-USDT,0.0,1152224000,0.0,5511
2025-07-25T06:28:17.541076,BTC-USDT,0.0,1152255000,0.0,0
2025-07-25T06:28:17.778876,BTC-USDT,1152171000,0.0,73000,0.0
2025-07-25T06:28:17.883639,BTC-USDT,1152171000,0.0,0,0.0
2025-07-25T06:28:17.903553,BTC-USDT,1151991000,0.0,17537,0.0
2025-07-25T06:28:19.125252,BTC-USDT,1152242000,1152224000,122601,0
2025-07-25T06:28:19.130567,BTC-USDT,1152243000,1152259000,2487,0
2025-07-25T06:28:19.132123,BTC-USDT,1152242000,0.0,125088,0.0
2025-07-25T06:28:19.132800,BTC-USDT,1152243000,1152259000,0,5511
2025-07-25T06:28:19.133762,BTC-USDT,1152243000,0.0,2487,0.0
2025-07-25T06:28:19.134847,BTC-USDT,1152243000,1152254000,0,2790
2025-07-25T06:28:19.135913,BTC-USDT,1152234000,1152253000,2487,34161
2025-07-25T06:28:19.136821,BTC-USDT,0.0,1152253000,0.0,77914
2025-07-25T06:28:19.137621,BTC-USDT,1152242000,1152252000,122601,70003
2025-07-25T06:28:19.138064,BTC-USDT,1152233000,1152251000,2487,34161
2025-07-25T06:28:19.138815,BTC-USDT,1152243000,1152250000,2487,122313
2025-07-25T06:28:19.138853,BTC-USDT,1152243000,1152244000,0,2790
2025-07-25T06:28:19.139759,BTC-USDT,1152243000,0.0,76236,0.0
2025-07-25T06:28:19.139846,BTC-USDT,0.0,1152250000,0.0,0
2025-07-25T06:28:19.297064,BTC-USDT,1152128000,1152244000,2914,8301
2025-07-25T06:28:19.300910,BTC-USDT,1152155000,0.0,0,0.0
2025-07-25T06:28:19.301500,BTC-USDT,0.0,1152253000,0.0,0
2025-07-25T06:28:19.301548,BTC-USDT,0.0,1152244000,0.0,24339
2025-07-25T06:28:19.505962,BTC-USDT,1152155000,0.0,67100,0.0
2025-07-25T06:28:19.647401,BTC-USDT,1152243000,1152244000,93773,21549
2025-07-25T06:28:19.666467,BTC-USDT,1152243000,1152273000,108773,0
2025-07-25T06:28:19.686466,BTC-USDT,1152111000,0.0,0,0.0
2025-07-25T06:28:19.766470,BTC-USDT,0.0,1152302000,0.0,96003
2025-07-25T06:28:20.488133,BTC-USDT,1152183000,0.0,91500,0.0
2025-07-25T06:28:20.507747,BTC-USDT,1152224000,0.0,25607,0.0
2025-07-25T06:28:21.154735,BTC-USDT,1152239000,0.0,6731,0.0
2025-07-25T06:28:21.159690,BTC-USDT,1152239000,0.0,0,0.0
2025-07-25T06:28:21.582959,BTC-USDT,1152243000,0.0,115504,0.0
2025-07-25T06:28:21.585462,BTC-USDT,0.0,1152302000,0.0,1
2025-07-25T06:28:21.586235,BTC-USDT,0.0,1152339000,0.0,95988
2025-07-25T06:28:22.439485,BTC-USDT,1152243000,0.0,108773,0.0
2025-07-25T06:28:22.449759,BTC-USDT,0.0,1152339000,0.0,0
2025-07-25T06:28:22.451055,BTC-USDT,1152128000,0.0,5914,0.0
2025-07-25T06:28:22.451645,BTC-USDT,1152243000,0.0,115504,0.0
2025-07-25T06:28:22.452622,BTC-USDT,1152146000,0.0,7500,0.0
2025-07-25T06:28:22.453043,BTC-USDT,1152150000,1152346000,0,95972
2025-07-25T06:28:22.454023,BTC-USDT,1152243000,0.0,115504,0.0
2025-07-25T06:28:22.454757,BTC-USDT,1152128000,0.0,5914,0.0
2025-07-25T06:28:22.454818,BTC-USDT,1152243000,0.0,108773,0.0
2025-07-25T06:28:22.456092,BTC-USDT,1152243000,0.0,115504,0.0
2025-07-25T06:28:22.471751,BTC-USDT,1152146000,0.0,7500,0.0
2025-07-25T06:28:22.872299,BTC-USDT,1152243000,0.0,41755,0.0
2025-07-25T06:28:23.892867,BTC-USDT,1152243000,0.0,24218,0.0
2025-07-25T06:28:24.753369,BTC-USDT,1152183000,0.0,0,0.0
2025-07-25T06:28:24.757182,BTC-USDT,1152224000,0.0,0,0.0
2025-07-25T06:28:24.757975,BTC-USDT,1152143000,0.0,715,0.0
2025-07-25T06:28:24.758711,BTC-USDT,1152148000,0.0,24702,0.0
2025-07-25T06:28:25.916704,BTC-USDT,1152171000,0.0,91500,0.0
2025-07-25T06:28:25.917891,BTC-USDT,0.0,1152565000,0.0,846
2025-07-25T06:28:26.318564,BTC-USDT,1152243000,0.0,41581,0.0
2025-07-25T06:28:26.323258,BTC-USDT,1152128000,0.0,2914,0.0
2025-07-25T06:28:26.324612,BTC-USDT,1152128000,0.0,5914,0.0
2025-07-25T06:28:26.436258,BTC-USDT,1152183000,0.0,91500,0.0
2025-07-25T06:28:27.157388,BTC-USDT,1152128000,0.0,2914,0.0
2025-07-25T06:28:27.378934,BTC-USDT,1151985000,0.0,0,0.0
2025-07-25T06:28:27.398026,BTC-USDT,1152114000,0.0,95813,0.0
2025-07-25T06:28:27.498089,BTC-USDT,1152128000,0.0,7014,0.0
2025-07-25T06:28:27.518520,BTC-USDT,1152155000,0.0,37500,0.0
2025-07-25T06:28:28.541301,BTC-USDT,1152243000,0.0,56581,0.0
2025-07-25T06:28:28.560153,BTC-USDT,1152243000,0.0,49850,0.0
2025-07-25T06:28:28.579736,BTC-USDT,1151991000,0.0,17363,0.0
2025-07-25T06:28:28.640184,BTC-USDT,1152243000,0.0,56581,0.0
2025-07-25T06:28:30.983530,BTC-USDT,0.0,1152346000,0.0,0
2025-07-25T06:28:31.023226,BTC-USDT,0.0,1152244000,0.0,5511
2025-07-25T06:28:31.043472,BTC-USDT,1152243000,1152277000,127843,0
2025-07-25T06:28:31.063476,BTC-USDT,1152243000,1152244000,121112,0
2025-07-25T06:28:31.083549,BTC-USDT,1152299000,1152302000,165000,0
2025-07-25T06:28:31.123446,BTC-USDT,1152299000,0.0,197487,0.0
2025-07-25T06:28:31.143450,BTC-USDT,0.0,1152324000,0.0,0
2025-07-25T06:28:31.163454,BTC-USDT,0.0,1152328000,0.0,0
2025-07-25T06:28:31.243853,BTC-USDT,0.0,1152348000,0.0,0
2025-07-25T06:28:31.839887,BTC-USDT,0.0,1152300000,0.0,23950
2025-07-25T06:28:31.843713,BTC-USDT,0.0,1152300000,0.0,378200
2025-07-25T06:28:31.844728,BTC-USDT,0.0,1152300000,0.0,430102
2025-07-25T06:28:31.845614,BTC-USDT,0.0,1152513000,0.0,820
2025-07-25T06:28:31.846385,BTC-USDT,1152179000,0.0,7500,0.0
2025-07-25T06:28:31.847169,BTC-USDT,1152275000,0.0,6731,0.0
2025-07-25T06:28:32.347056,BTC-USDT,0.0,1152300000,0.0,430478
2025-07-25T06:28:32.351865,BTC-USDT,1152113000,1152351000,20000,20000
2025-07-25T06:28:32.353584,BTC-USDT,1152105000,0.0,44867,0.0
2025-07-25T06:28:32.354837,BTC-USDT,0.0,1152513000,0.0,0
2025-07-25T06:28:32.355119,BTC-USDT,1152299000,0.0,180124,0.0
2025-07-25T06:28:32.365424,BTC-USDT,1152171000,0.0,0,0.0
2025-07-25T06:28:32.405237,BTC-USDT,1152299000,0.0,106236,0.0
2025-07-25T06:28:32.883562,BTC-USDT,1152299000,0.0,32487,0.0
2025-07-25T06:28:34.388405,BTC-USDT,1152183000,0.0,0,0.0
2025-07-25T06:28:35.830074,BTC-USDT,1152115000,0.0,70357,0.0
2025-07-25T06:28:36.397452,BTC-USDT,1152192000,0.0,123538,0.0
2025-07-25T06:28:38.814348,BTC-USDT,0.0,1152390000,0.0,878
2025-07-25T06:28:39.848725,BTC-USDT,1152299000,1152425000,50398,0
2025-07-25T06:28:39.853193,BTC-USDT,1152275000,1152300000,0,430102
2025-07-25T06:28:39.854044,BTC-USDT,1151991000,0.0,17911,0.0
2025-07-25T06:28:39.855520,BTC-USDT,0.0,1152485000,0.0,95356
2025-07-25T06:28:39.856408,BTC-USDT,1152299000,0.0,32487,0.0
2025-07-25T06:28:39.856934,BTC-USDT,1152295000,0.0,6731,0.0
2025-07-25T06:28:39.858100,BTC-USDT,1152148000,0.0,0,0.0
2025-07-25T06:28:39.996901,BTC-USDT,0.0,1152300000,0.0,408458
2025-07-25T06:28:40.016883,BTC-USDT,1152062000,0.0,25887,0.0
2025-07-25T06:28:40.038545,BTC-USDT,0.0,1152300000,0.0,430476
2025-07-25T06:28:40.657960,BTC-USDT,0.0,1152300000,0.0,435151
2025-07-25T06:28:40.798115,BTC-USDT,1152299000,0.0,50398,0.0
2025-07-25T06:28:40.838574,BTC-USDT,1152218000,0.0,805,0.0
2025-07-25T06:28:41.222134,BTC-USDT,0.0,1152521000,0.0,851
2025-07-25T06:28:41.225185,BTC-USDT,1152299000,0.0,32487,0.0
2025-07-25T06:28:42.925318,BTC-USDT,0.0,1152353000,0.0,841
2025-07-25T06:28:43.081351,BTC-USDT,0.0,1152353000,0.0,0
2025-07-25T06:28:43.100846,BTC-USDT,1152295000,0.0,0,0.0
2025-07-25T06:28:43.120953,BTC-USDT,1151991000,0.0,17911,0.0
2025-07-25T06:28:43.666525,BTC-USDT,0.0,1152300000,0.0,428846
2025-07-25T06:28:43.670875,BTC-USDT,1152295000,0.0,6731,0.0
2025-07-25T06:28:44.569894,BTC-USDT,0.0,1152300000,0.0,428846
2025-07-25T06:28:44.799838,BTC-USDT,0.0,1152521000,0.0,0
2025-07-25T06:28:44.805303,BTC-USDT,1152299000,0.0,50098,0.0
2025-07-25T06:28:45.310727,BTC-USDT,0.0,1152360000,0.0,843
2025-07-25T06:28:45.404301,BTC-USDT,0.0,1152360000,0.0,0
2025-07-25T06:28:46.479950,BTC-USDT,0.0,1152523000,0.0,843
2025-07-25T06:28:46.480946,BTC-USDT,1152299000,0.0,32487,0.0
2025-07-25T06:28:47.150231,BTC-USDT,1152295000,0.0,0,0.0
2025-07-25T06:28:47.166501,BTC-USDT,1152229000,0.0,7500,0.0
2025-07-25T06:28:47.206557,BTC-USDT,1152299000,0.0,39218,0.0
2025-07-25T06:28:49.829009,BTC-USDT,1152299000,0.0,36731,0.0
2025-07-25T06:28:49.833333,BTC-USDT,1152299000,0.0,30000,0.0
2025-07-25T06:28:49.834513,BTC-USDT,1152256000,1152450000,6731,0
2025-07-25T06:28:49.835039,BTC-USDT,1152256000,0.0,0,0.0
2025-07-25T06:28:49.835831,BTC-USDT,1152299000,0.0,36731,0.0
2025-07-25T06:28:49.836384,BTC-USDT,1152202000,0.0,15000,0.0
2025-07-25T06:28:49.891085,BTC-USDT,0.0,1152300000,0.0,429227
2025-07-25T06:28:50.680647,BTC-USDT,0.0,1152300000,0.0,406737
2025-07-25T06:28:50.681574,BTC-USDT,1152062000,0.0,23744,0.0
2025-07-25T06:28:50.772279,BTC-USDT,1152222000,1152300000,2489,429223
2025-07-25T06:28:51.979769,BTC-USDT,0.0,1152378000,0.0,95267
2025-07-25T06:28:52.374578,BTC-USDT,0.0,1152539000,0.0,78968
2025-07-25T06:28:52.378386,BTC-USDT,0.0,1152378000,0.0,0
2025-07-25T06:28:52.380767,BTC-USDT,0.0,1152382000,0.0,115267
2025-07-25T06:28:52.380830,BTC-USDT,1152093000,0.0,20000,0.0
2025-07-25T06:28:54.037491,BTC-USDT,1152114000,0.0,0,0.0
2025-07-25T06:28:54.042420,BTC-USDT,1152154000,0.0,95860,0.0
2025-07-25T06:28:54.617910,BTC-USDT,1152299000,1152364000,39219,101088
2025-07-25T06:28:55.555578,BTC-USDT,1152299000,0.0,32488,0.0
2025-07-25T06:28:55.561330,BTC-USDT,1152256000,0.0,6731,0.0
2025-07-25T06:28:55.562041,BTC-USDT,1152155000,0.0,7500,0.0
2025-07-25T06:28:55.562169,BTC-USDT,0.0,1152382000,0.0,20000
2025-07-25T06:28:55.563052,BTC-USDT,1152154000,0.0,683,0.0
2025-07-25T06:28:55.563099,BTC-USDT,0.0,1152374000,0.0,95117
2025-07-25T06:28:55.563907,BTC-USDT,1152151000,0.0,95117,0.0
2025-07-25T06:28:55.564917,BTC-USDT,0.0,1152300000,0.0,424021
2025-07-25T06:28:55.564973,BTC-USDT,0.0,1152300000,0.0,429222
2025-07-25T06:28:55.765432,BTC-USDT,0.0,1152374000,0.0,0
2025-07-25T06:28:55.919554,BTC-USDT,1152105000,1152375000,0,95134
2025-07-25T06:28:56.815374,BTC-USDT,1152256000,0.0,0,0.0
2025-07-25T06:28:56.822431,BTC-USDT,1152290000,0.0,6731,0.0
2025-07-25T06:28:56.823827,BTC-USDT,1152151000,0.0,0,0.0
2025-07-25T06:28:56.825330,BTC-USDT,1152156000,0.0,95122,0.0
2025-07-25T06:28:56.840608,BTC-USDT,1152155000,0.0,0,0.0
2025-07-25T06:28:56.861110,BTC-USDT,1152195000,0.0,7500,0.0
2025-07-25T06:28:59.666751,BTC-USDT,0.0,1152375000,0.0,0
2025-07-25T06:28:59.671224,BTC-USDT,0.0,1152366000,0.0,95038
2025-07-25T06:28:59.671587,BTC-USDT,0.0,1152300000,0.0,412807
2025-07-25T06:28:59.671633,BTC-USDT,0.0,1152300000,0.0,429218
2025-07-25T06:28:59.684184,BTC-USDT,0.0,1152300000,0.0,403332
2025-07-25T06:28:59.784775,BTC-USDT,1152156000,1152300000,0,375617
2025-07-25T06:28:59.805909,BTC-USDT,1152299000,1152300000,30000,545183
2025-07-25T06:29:00.355529,BTC-USDT,1152290000,1152300000,0,545183
2025-07-25T06:29:00.361738,BTC-USDT,1152299000,1152300000,15000,891775
2025-07-25T06:29:00.363328,BTC-USDT,1152299000,1152300000,0,968767
2025-07-25T06:29:00.364409,BTC-USDT,1152264000,1152275000,15000,16000
2025-07-25T06:29:00.365684,BTC-USDT,1152264000,1152264000,0,98653
2025-07-25T06:29:00.381847,BTC-USDT,1152224000,1152264000,15000,219710
2025-07-25T06:29:00.386279,BTC-USDT,1152224000,1152264000,30000,506042
2025-07-25T06:29:00.387201,BTC-USDT,0.0,1152264000,0.0,539874
2025-07-25T06:29:00.387247,BTC-USDT,1152112000,0.0,0,0.0
2025-07-25T06:29:00.387286,BTC-USDT,1152263000,0.0,6732,0.0
2025-07-25T06:29:00.387319,BTC-USDT,1152263000,1152264000,36731,540247
2025-07-25T06:29:00.427000,BTC-USDT,0.0,1152300000,0.0,13060
2025-07-25T06:29:00.685642,BTC-USDT,0.0,1152276000,0.0,20000
2025-07-25T06:29:01.753036,BTC-USDT,0.0,1152264000,0.0,521702
2025-07-25T06:29:01.764836,BTC-USDT,0.0,1152264000,0.0,540242
2025-07-25T06:29:01.765455,BTC-USDT,0.0,1152300000,0.0,11260
2025-07-25T06:29:02.690049,BTC-USDT,1152143000,0.0,715,0.0
2025-07-25T06:29:02.694776,BTC-USDT,1152108000,0.0,94976,0.0
2025-07-25T06:29:02.695728,BTC-USDT,0.0,1152264000,0.0,522917
2025-07-25T06:29:03.129287,BTC-USDT,0.0,1152275000,0.0,24000
2025-07-25T06:29:03.850493,BTC-USDT,0.0,1152264000,0.0,506879
2025-07-25T06:29:04.050491,BTC-USDT,0.0,1152264000,0.0,522912
2025-07-25T06:29:04.091064,BTC-USDT,0.0,1152366000,0.0,0
2025-07-25T06:29:04.110709,BTC-USDT,0.0,1152309000,0.0,94903
2025-07-25T06:29:04.451104,BTC-USDT,1152198000,1152264000,0,727242
2025-07-25T06:29:04.471314,BTC-USDT,1152182000,0.0,2489,0.0
2025-07-25T06:29:04.839804,BTC-USDT,1152263000,1152264000,30000,938492
2025-07-25T06:29:04.843975,BTC-USDT,1152233000,1152264000,0,904045
2025-07-25T06:29:04.844929,BTC-USDT,1152263000,0.0,36731,0.0
2025-07-25T06:29:04.844967,BTC-USDT,0.0,1152267000,0.0,124257
2025-07-25T06:29:04.845000,BTC-USDT,0.0,1152419000,0.0,151476
2025-07-25T06:29:04.845021,BTC-USDT,0.0,1152264000,0.0,904408
2025-07-25T06:29:04.845039,BTC-USDT,1152208000,0.0,104589,0.0
2025-07-25T06:29:04.852830,BTC-USDT,1152178000,0.0,847,0.0
2025-07-25T06:29:04.932060,BTC-USDT,0.0,1152264000,0.0,866273
2025-07-25T06:29:07.376950,BTC-USDT,0.0,1152264000,0.0,938832
2025-07-25T06:29:07.384980,BTC-USDT,1152023000,0.0,24711,0.0
2025-07-25T06:29:07.386588,BTC-USDT,1152147000,0.0,121279,0.0
2025-07-25T06:29:07.387588,BTC-USDT,1152263000,1152264000,39219,1033592
2025-07-25T06:29:07.388672,BTC-USDT,0.0,1152264000,0.0,938832
2025-07-25T06:29:07.390991,BTC-USDT,0.0,1152280000,0.0,94760
