timestamp,symbol,bid,ask,bid_vol,ask_vol
2025-07-24T06:13:27.274688,BTC-USDT,1177046000,1177047000,641370,378395
2025-07-24T06:13:27.274916,BTC-USDT,1177046000,1177047000,622186,397579
2025-07-24T06:13:27.274963,BTC-USDT,0.0,1177047000,0.0,378395
2025-07-24T06:13:27.274995,BTC-USDT,1176771000,0.0,0,0.0
2025-07-24T06:13:27.275018,BTC-USDT,0.0,1177252000,0.0,2500
2025-07-24T06:13:27.275041,BTC-USDT,1176830000,0.0,93456,0.0
2025-07-24T06:13:27.403996,BTC-USDT,0.0,1177047000,0.0,397579
2025-07-24T06:13:27.884478,BTC-USDT,0.0,1177047000,0.0,378395
2025-07-24T06:13:28.946068,BTC-USDT,0.0,1177047000,0.0,397579
2025-07-24T06:13:28.966301,BTC-USDT,0.0,1177150000,0.0,83500
2025-07-24T06:13:29.087337,BTC-USDT,0.0,1177047000,0.0,378395
2025-07-24T06:13:29.808032,BTC-USDT,0.0,1177047000,0.0,397539
2025-07-24T06:13:30.287790,BTC-USDT,0.0,1177047000,0.0,378395
2025-07-24T06:13:30.309700,BTC-USDT,1177046000,0.0,641330,0.0
2025-07-24T06:13:30.348415,BTC-USDT,1177046000,1177047000,622186,397539
2025-07-24T06:13:30.368234,BTC-USDT,1177046000,1177047000,535126,424217
2025-07-24T06:13:30.389351,BTC-USDT,1177046000,1177047000,226481,533834
2025-07-24T06:13:30.409075,BTC-USDT,1176939000,0.0,711,0.0
2025-07-24T06:13:30.448431,BTC-USDT,1177046000,1177047000,205897,561815
2025-07-24T06:13:30.494526,BTC-USDT,0.0,1177047000,0.0,654013
2025-07-24T06:13:30.509169,BTC-USDT,1177046000,1177047000,47963,1031566
2025-07-24T06:13:30.548218,BTC-USDT,1177046000,1177047000,402,1035082
2025-07-24T06:13:30.588492,BTC-USDT,1177046000,1177046000,0,35241
2025-07-24T06:13:30.608296,BTC-USDT,1177045000,1177046000,201,346373
2025-07-24T06:13:30.636016,BTC-USDT,1177045000,1177046000,402,930441
2025-07-24T06:13:30.676128,BTC-USDT,0.0,1177046000,0.0,1231179
2025-07-24T06:13:30.709952,BTC-USDT,0.0,1177046000,0.0,1596711
2025-07-24T06:13:30.728382,BTC-USDT,0.0,1177046000,0.0,1626711
2025-07-24T06:13:30.929242,BTC-USDT,0.0,1177047000,0.0,114304
2025-07-24T06:13:30.969613,BTC-USDT,0.0,1177046000,0.0,1626715
2025-07-24T06:13:31.089841,BTC-USDT,1176932000,0.0,0,0.0
2025-07-24T06:13:31.209335,BTC-USDT,0.0,1177047000,0.0,93720
2025-07-24T06:13:31.249951,BTC-USDT,0.0,1177046000,0.0,1647299
2025-07-24T06:13:31.351836,BTC-USDT,1176923000,1177046000,0,1647371
2025-07-24T06:13:31.374087,BTC-USDT,1176840000,0.0,23908,0.0
2025-07-24T06:13:31.550093,BTC-USDT,0.0,1177197000,0.0,8000
2025-07-24T06:13:31.590075,BTC-USDT,1176832000,1177124000,20000,20000
2025-07-24T06:13:32.616985,BTC-USDT,0.0,1177046000,0.0,1628227
2025-07-24T06:13:32.619134,BTC-USDT,0.0,1177046000,0.0,1491466
2025-07-24T06:13:32.620507,BTC-USDT,0.0,1177046000,0.0,1326555
2025-07-24T06:13:32.911899,BTC-USDT,1176864000,0.0,83600,0.0
2025-07-24T06:13:33.473139,BTC-USDT,0.0,1177046000,0.0,1354522
2025-07-24T06:13:34.013767,BTC-USDT,1176864000,0.0,0,0.0
2025-07-24T06:13:34.771917,BTC-USDT,1176715000,0.0,253925,0.0
2025-07-24T06:13:34.776998,BTC-USDT,1176682000,0.0,47237,0.0
2025-07-24T06:13:34.777040,BTC-USDT,1176832000,1177124000,0,0
2025-07-24T06:13:34.777454,BTC-USDT,1176727000,1177294000,0,20000
2025-07-24T06:13:34.778717,BTC-USDT,1176924000,1177149000,0,20000
2025-07-24T06:13:34.778796,BTC-USDT,1176964000,1177046000,0,1504522
2025-07-24T06:13:34.779367,BTC-USDT,1176875000,1177046000,0,1621626
2025-07-24T06:13:34.815168,BTC-USDT,0.0,1177046000,0.0,1621622
2025-07-24T06:13:34.855934,BTC-USDT,0.0,1177046000,0.0,1558989
2025-07-24T06:13:34.895688,BTC-USDT,0.0,1177046000,0.0,1621608
2025-07-24T06:13:34.995444,BTC-USDT,0.0,1177046000,0.0,1621559
2025-07-24T06:13:35.016519,BTC-USDT,1176840000,1177046000,0,1645925
2025-07-24T06:13:35.076276,BTC-USDT,1176574000,0.0,19144,0.0
2025-07-24T06:13:35.676553,BTC-USDT,0.0,1177064000,0.0,3087
2025-07-24T06:13:35.716889,BTC-USDT,1176790000,1177097000,25519,2500
2025-07-24T06:13:35.836764,BTC-USDT,0.0,1177197000,0.0,24000
2025-07-24T06:13:35.896842,BTC-USDT,1176745000,1177046000,20000,1665925
2025-07-24T06:13:35.997172,BTC-USDT,0.0,1177269000,0.0,197972
2025-07-24T06:13:36.640137,BTC-USDT,0.0,1177064000,0.0,587
2025-07-24T06:13:36.682004,BTC-USDT,0.0,1177097000,0.0,0
2025-07-24T06:13:37.318596,BTC-USDT,1176801000,0.0,0,0.0
2025-07-24T06:13:37.327140,BTC-USDT,1176744000,0.0,0,0.0
2025-07-24T06:13:37.333341,BTC-USDT,1176540000,0.0,651,0.0
2025-07-24T06:13:37.333413,BTC-USDT,1176847000,1177046000,0,1748160
2025-07-24T06:13:37.334632,BTC-USDT,1176758000,1177046000,0,1759860
2025-07-24T06:13:37.335724,BTC-USDT,1176745000,1177046000,24002,1750660
2025-07-24T06:13:37.337373,BTC-USDT,1176492000,1177046000,0,1728160
2025-07-24T06:13:37.338947,BTC-USDT,0.0,1177046000,0.0,1723160
2025-07-24T06:13:37.339985,BTC-USDT,1176463000,0.0,25877,0.0
2025-07-24T06:13:37.341709,BTC-USDT,1176552000,0.0,25519,0.0
2025-07-24T06:13:37.460045,BTC-USDT,1176492000,0.0,8000,0.0
2025-07-24T06:13:37.499846,BTC-USDT,1176650000,0.0,0,0.0
2025-07-24T06:13:37.540126,BTC-USDT,1176573000,0.0,0,0.0
2025-07-24T06:13:37.601592,BTC-USDT,1176455000,0.0,19144,0.0
2025-07-24T06:13:37.720306,BTC-USDT,1176463000,0.0,25877,0.0
2025-07-24T06:13:37.800432,BTC-USDT,1176463000,0.0,0,0.0
2025-07-24T06:13:37.900683,BTC-USDT,1176542000,0.0,20000,0.0
2025-07-24T06:13:37.941188,BTC-USDT,1176573000,0.0,0,0.0
2025-07-24T06:13:37.980920,BTC-USDT,1176609000,0.0,0,0.0
2025-07-24T06:13:38.161921,BTC-USDT,0.0,1177046000,0.0,1728160
2025-07-24T06:13:38.262137,BTC-USDT,1176745000,0.0,0,0.0
2025-07-24T06:13:38.305920,BTC-USDT,1176430000,1177046000,0,1773160
2025-07-24T06:13:38.321288,BTC-USDT,1176513000,0.0,0,0.0
2025-07-24T06:13:38.441586,BTC-USDT,1176755000,0.0,0,0.0
2025-07-24T06:13:38.481566,BTC-USDT,1176641000,0.0,24002,0.0
2025-07-24T06:13:38.925358,BTC-USDT,1176759000,0.0,24002,0.0
2025-07-24T06:13:39.445846,BTC-USDT,1176412000,0.0,25867,0.0
2025-07-24T06:13:39.451551,BTC-USDT,1176470000,0.0,25867,0.0
2025-07-24T06:13:39.452977,BTC-USDT,1176412000,0.0,51792,0.0
2025-07-24T06:13:39.453857,BTC-USDT,1176528000,0.0,25852,0.0
2025-07-24T06:13:39.455224,BTC-USDT,1176470000,0.0,0,0.0
2025-07-24T06:13:39.455976,BTC-USDT,1176528000,0.0,0,0.0
2025-07-24T06:13:39.464145,BTC-USDT,1176470000,0.0,25852,0.0
2025-07-24T06:13:39.524662,BTC-USDT,1176412000,0.0,25896,0.0
2025-07-24T06:13:39.564079,BTC-USDT,1176412000,0.0,0,0.0
2025-07-24T06:13:40.004789,BTC-USDT,0.0,1177046000,0.0,1778160
2025-07-24T06:13:40.225291,BTC-USDT,1176470000,0.0,0,0.0
2025-07-24T06:13:40.246007,BTC-USDT,1176412000,0.0,25839,0.0
2025-07-24T06:13:40.585859,BTC-USDT,1176470000,0.0,25839,0.0
2025-07-24T06:13:40.625967,BTC-USDT,1176412000,0.0,0,0.0
2025-07-24T06:13:40.706124,BTC-USDT,1176412000,0.0,51764,0.0
2025-07-24T06:13:40.866626,BTC-USDT,0.0,1177047000,0.0,201
2025-07-24T06:13:40.968661,BTC-USDT,1176412000,1177046000,25882,1872044
2025-07-24T06:13:41.007173,BTC-USDT,1176412000,0.0,0,0.0
2025-07-24T06:13:41.450206,BTC-USDT,0.0,1177046000,0.0,1778160
2025-07-24T06:13:41.487446,BTC-USDT,1176786000,0.0,20000,0.0
2025-07-24T06:13:41.507710,BTC-USDT,0.0,1177046000,0.0,1778161
2025-07-24T06:13:41.527163,BTC-USDT,1176786000,0.0,0,0.0
2025-07-24T06:13:41.547363,BTC-USDT,1176558000,0.0,20000,0.0
2025-07-24T06:13:41.567354,BTC-USDT,1176534000,0.0,0,0.0
2025-07-24T06:13:41.612592,BTC-USDT,1176542000,1177046000,0,1741290
2025-07-24T06:13:41.667970,BTC-USDT,0.0,1177046000,0.0,1778133
2025-07-24T06:13:41.687682,BTC-USDT,0.0,1177046000,0.0,1871998
2025-07-24T06:13:41.708075,BTC-USDT,1176593000,0.0,25872,0.0
2025-07-24T06:13:41.768100,BTC-USDT,0.0,1177046000,0.0,1778133
2025-07-24T06:13:41.868619,BTC-USDT,0.0,1177046000,0.0,1871998
2025-07-24T06:13:41.908366,BTC-USDT,1176470000,0.0,51732,0.0
2025-07-24T06:13:41.948307,BTC-USDT,1176412000,0.0,20000,0.0
2025-07-24T06:13:42.009725,BTC-USDT,0.0,1177046000,0.0,1778133
2025-07-24T06:13:42.048049,BTC-USDT,1176528000,0.0,77523,0.0
2025-07-24T06:13:42.088291,BTC-USDT,1176470000,1177046000,0,1783133
2025-07-24T06:13:42.131007,BTC-USDT,0.0,1177046000,0.0,1783133
2025-07-24T06:13:42.169079,BTC-USDT,1176556000,0.0,43835,0.0
2025-07-24T06:13:42.649376,BTC-USDT,0.0,1177046000,0.0,1877007
2025-07-24T06:13:42.658006,BTC-USDT,1176556000,0.0,0,0.0
2025-07-24T06:13:42.660548,BTC-USDT,0.0,1177046000,0.0,1783133
2025-07-24T06:13:42.661288,BTC-USDT,0.0,1177046000,0.0,1877007
2025-07-24T06:13:42.662531,BTC-USDT,1176643000,0.0,20000,0.0
2025-07-24T06:13:42.664800,BTC-USDT,1176573000,0.0,18489,0.0
2025-07-24T06:13:42.809640,BTC-USDT,1176556000,0.0,43835,0.0
2025-07-24T06:13:42.909968,BTC-USDT,1176556000,0.0,0,0.0
2025-07-24T06:13:43.113182,BTC-USDT,0.0,1177163000,0.0,4829
2025-07-24T06:13:43.270895,BTC-USDT,0.0,1177046000,0.0,1783133
2025-07-24T06:13:43.310521,BTC-USDT,1176614000,0.0,132530,0.0
2025-07-24T06:13:43.351249,BTC-USDT,1176600000,0.0,107813,0.0
2025-07-24T06:13:43.390825,BTC-USDT,1176704000,1177046000,2379,1738133
2025-07-24T06:13:43.451580,BTC-USDT,0.0,1177046000,0.0,1831976
2025-07-24T06:13:43.471490,BTC-USDT,0.0,1177046000,0.0,1839476
2025-07-24T06:13:43.510910,BTC-USDT,1176643000,1177046000,0,1856976
2025-07-24T06:13:43.552191,BTC-USDT,0.0,1177163000,0.0,0
2025-07-24T06:13:43.691114,BTC-USDT,0.0,1177163000,0.0,4829
2025-07-24T06:13:43.712029,BTC-USDT,1176799000,0.0,25872,0.0
2025-07-24T06:13:43.731076,BTC-USDT,1176877000,0.0,24002,0.0
2025-07-24T06:13:43.791400,BTC-USDT,1176585000,1177149000,77465,0
2025-07-24T06:13:43.833528,BTC-USDT,1176800000,1177046000,83500,1754741
2025-07-24T06:13:43.851912,BTC-USDT,1176691000,0.0,18489,0.0
2025-07-24T06:13:43.872014,BTC-USDT,0.0,1177046000,0.0,1660898
2025-07-24T06:13:43.971767,BTC-USDT,1176548000,1177046000,20000,1754736
2025-07-24T06:13:44.032190,BTC-USDT,1176840000,1177046000,2379,1489426
2025-07-24T06:13:44.092043,BTC-USDT,0.0,1177345000,0.0,344539
2025-07-24T06:13:44.151168,BTC-USDT,0.0,1177249000,0.0,23743
2025-07-24T06:13:44.171853,BTC-USDT,0.0,1177269000,0.0,0
2025-07-24T06:13:44.212114,BTC-USDT,0.0,1177046000,0.0,1583266
2025-07-24T06:13:44.232911,BTC-USDT,0.0,1177255000,0.0,0
2025-07-24T06:13:44.272177,BTC-USDT,0.0,1177046000,0.0,1499666
2025-07-24T06:13:44.332167,BTC-USDT,0.0,1177197000,0.0,0
2025-07-24T06:13:44.412992,BTC-USDT,0.0,1177046000,0.0,1429184
2025-07-24T06:13:44.453002,BTC-USDT,0.0,1177046000,0.0,1288269
2025-07-24T06:13:44.513236,BTC-USDT,1177045000,1177045000,0,211446
2025-07-24T06:13:44.532595,BTC-USDT,0.0,1177045000,0.0,539236
2025-07-24T06:13:44.552583,BTC-USDT,0.0,1177045000,0.0,745729
2025-07-24T06:13:44.572964,BTC-USDT,0.0,1177045000,0.0,1104375
2025-07-24T06:13:44.612665,BTC-USDT,0.0,1177045000,0.0,1401844
2025-07-24T06:13:44.953558,BTC-USDT,0.0,1177276000,0.0,197973
2025-07-24T06:13:44.973514,BTC-USDT,1176764000,1177045000,20000,1299855
2025-07-24T06:13:45.013319,BTC-USDT,1176952000,0.0,20000,0.0
2025-07-24T06:13:45.054026,BTC-USDT,1176621000,0.0,25810,0.0
2025-07-24T06:13:45.094792,BTC-USDT,1176650000,0.0,43835,0.0
2025-07-24T06:13:45.133822,BTC-USDT,1176585000,1177045000,0,1357585
2025-07-24T06:13:45.193857,BTC-USDT,0.0,1177045000,0.0,1404648
2025-07-24T06:13:45.575495,BTC-USDT,1176692000,0.0,57985,0.0
2025-07-24T06:13:45.775270,BTC-USDT,1176800000,0.0,0,0.0
2025-07-24T06:13:46.516024,BTC-USDT,0.0,1177045000,0.0,1404647
2025-07-24T06:13:46.757452,BTC-USDT,1176878000,0.0,83500,0.0
2025-07-24T06:13:48.435329,BTC-USDT,1176995000,0.0,24002,0.0
2025-07-24T06:13:48.437272,BTC-USDT,1176878000,0.0,84117,0.0
2025-07-24T06:13:48.438384,BTC-USDT,1176791000,0.0,742,0.0
2025-07-24T06:13:48.439174,BTC-USDT,1176883000,0.0,20000,0.0
2025-07-24T06:13:48.740057,BTC-USDT,1176884000,0.0,83500,0.0
2025-07-24T06:13:49.361779,BTC-USDT,1176878000,0.0,0,0.0
2025-07-24T06:13:49.561300,BTC-USDT,0.0,1177046000,0.0,5000
2025-07-24T06:13:49.957947,BTC-USDT,0.0,1177045000,0.0,1498374
2025-07-24T06:13:51.424941,BTC-USDT,0.0,1177045000,0.0,1498062
2025-07-24T06:13:51.443843,BTC-USDT,1176884000,0.0,0,0.0
2025-07-24T06:13:51.483769,BTC-USDT,1176952000,0.0,0,0.0
2025-07-24T06:13:51.964319,BTC-USDT,1176883000,0.0,0,0.0
2025-07-24T06:13:51.969089,BTC-USDT,1176765000,0.0,20000,0.0
2025-07-24T06:13:51.969138,BTC-USDT,0.0,1177045000,0.0,1503062
2025-07-24T06:13:51.969699,BTC-USDT,0.0,1177045000,0.0,1513062
2025-07-24T06:13:51.969967,BTC-USDT,0.0,1177045000,0.0,1520562
2025-07-24T06:13:51.971751,BTC-USDT,1176862000,0.0,83500,0.0
2025-07-24T06:13:51.971781,BTC-USDT,1176862000,0.0,0,0.0
2025-07-24T06:13:52.691446,BTC-USDT,0.0,1177045000,0.0,1482191
2025-07-24T06:13:52.697140,BTC-USDT,0.0,1177045000,0.0,1520538
2025-07-24T06:13:52.698215,BTC-USDT,1176841000,0.0,83500,0.0
2025-07-24T06:13:52.726124,BTC-USDT,1176841000,0.0,0,0.0
2025-07-24T06:13:52.926243,BTC-USDT,0.0,1177117000,0.0,0
2025-07-24T06:13:52.946274,BTC-USDT,0.0,1177065000,0.0,5000
2025-07-24T06:13:52.966479,BTC-USDT,0.0,1177062000,0.0,7500
2025-07-24T06:13:53.688166,BTC-USDT,0.0,1177045000,0.0,1573538
2025-07-24T06:13:53.708049,BTC-USDT,1176995000,0.0,0,0.0
2025-07-24T06:13:53.768433,BTC-USDT,0.0,1177045000,0.0,1520538
2025-07-24T06:13:54.727052,BTC-USDT,0.0,1177062000,0.0,0
2025-07-24T06:13:54.730234,BTC-USDT,0.0,1177117000,0.0,7500
2025-07-24T06:13:54.731043,BTC-USDT,0.0,1177177000,0.0,0
2025-07-24T06:13:54.732717,BTC-USDT,1176841000,0.0,83500,0.0
2025-07-24T06:13:55.950966,BTC-USDT,0.0,1177045000,0.0,1426811
2025-07-24T06:13:55.971400,BTC-USDT,0.0,1177045000,0.0,1409311
2025-07-24T06:13:55.991092,BTC-USDT,0.0,1177045000,0.0,1404311
2025-07-24T06:13:56.013263,BTC-USDT,1176765000,1177150000,0,0
2025-07-24T06:13:56.051580,BTC-USDT,1176861000,1177045000,0,1497981
2025-07-24T06:13:56.111971,BTC-USDT,1176573000,1177045000,18366,1487981
2025-07-24T06:13:56.553899,BTC-USDT,0.0,1177162000,0.0,5000
2025-07-24T06:13:56.560838,BTC-USDT,1176587000,0.0,58723,0.0
2025-07-24T06:13:56.560908,BTC-USDT,0.0,1177108000,0.0,2500
2025-07-24T06:13:56.563250,BTC-USDT,0.0,1177045000,0.0,1394311
2025-07-24T06:13:56.563380,BTC-USDT,0.0,1177338000,0.0,0
2025-07-24T06:13:56.566073,BTC-USDT,1176702000,1177197000,40000,24000
2025-07-24T06:13:56.566113,BTC-USDT,0.0,1177045000,0.0,1487967
2025-07-24T06:13:56.567648,BTC-USDT,0.0,1177083000,0.0,7500
2025-07-24T06:13:56.567685,BTC-USDT,0.0,1177062000,0.0,2500
2025-07-24T06:13:56.568300,BTC-USDT,0.0,1177162000,0.0,7500
2025-07-24T06:13:56.569142,BTC-USDT,0.0,1177086000,0.0,15000
2025-07-24T06:13:57.256355,BTC-USDT,1176841000,0.0,0,0.0
2025-07-24T06:13:57.262061,BTC-USDT,1176727000,1177064000,8000,20587
2025-07-24T06:13:57.262105,BTC-USDT,0.0,1177086000,0.0,5000
2025-07-24T06:13:57.264205,BTC-USDT,0.0,1177066000,0.0,5000
2025-07-24T06:13:57.265050,BTC-USDT,0.0,1177064000,0.0,587
2025-07-24T06:13:57.265100,BTC-USDT,1176788000,1177151000,107189,0
2025-07-24T06:13:57.265678,BTC-USDT,1176618000,1177082000,43835,23869
2025-07-24T06:13:57.268235,BTC-USDT,0.0,1177120000,0.0,20000
2025-07-24T06:13:57.268287,BTC-USDT,0.0,1177129000,0.0,20000
2025-07-24T06:13:57.673817,BTC-USDT,1176800000,0.0,83500,0.0
2025-07-24T06:13:58.014069,BTC-USDT,0.0,1177082000,0.0,0
2025-07-24T06:13:58.034429,BTC-USDT,0.0,1177196000,0.0,23869
2025-07-24T06:13:59.428193,BTC-USDT,0.0,1177045000,0.0,1469858
2025-07-24T06:13:59.880407,BTC-USDT,1177044000,1177045000,19024,1376202
2025-07-24T06:13:59.906915,BTC-USDT,1177007000,1177213000,24002,0
2025-07-24T06:13:59.921224,BTC-USDT,1176964000,0.0,2379,0.0
2025-07-24T06:13:59.957685,BTC-USDT,1176962000,1177045000,8000,1111899
2025-07-24T06:14:00.005359,BTC-USDT,1177044000,1177045000,43026,1076658
2025-07-24T06:14:00.046727,BTC-USDT,1176936000,1177045000,0,981247
2025-07-24T06:14:00.103083,BTC-USDT,1177005000,1177045000,24134,981448
2025-07-24T06:14:00.166718,BTC-USDT,1176706000,1177065000,20000,800
2025-07-24T06:14:00.182350,BTC-USDT,1177044000,1177045000,409169,469927
2025-07-24T06:14:00.218662,BTC-USDT,1177044000,1177310000,525572,24756
2025-07-24T06:14:00.850104,BTC-USDT,1177044000,1177045000,556778,455673
2025-07-24T06:14:00.875167,BTC-USDT,1177044000,0.0,525572,0.0
2025-07-24T06:14:00.875204,BTC-USDT,1177044000,0.0,544194,0.0
2025-07-24T06:14:00.875233,BTC-USDT,0.0,1177045000,0.0,455673
2025-07-24T06:14:00.875261,BTC-USDT,1177044000,1177045000,525572,489500
2025-07-24T06:14:00.875290,BTC-USDT,0.0,1177045000,0.0,455673
2025-07-24T06:14:00.875366,BTC-USDT,1177044000,0.0,525572,0.0
2025-07-24T06:14:00.875395,BTC-USDT,1177044000,0.0,544194,0.0
2025-07-24T06:14:00.875636,BTC-USDT,1176800000,0.0,0,0.0
2025-07-24T06:14:00.875679,BTC-USDT,1177044000,0.0,525572,0.0
2025-07-24T06:14:00.875712,BTC-USDT,0.0,1177045000,0.0,489500
2025-07-24T06:14:00.875742,BTC-USDT,1177044000,1177045000,544194,455673
2025-07-24T06:14:00.946484,BTC-USDT,1177044000,0.0,575400,0.0
2025-07-24T06:14:01.081541,BTC-USDT,0.0,1177197000,0.0,8000
2025-07-24T06:14:01.124376,BTC-USDT,1176962000,1177167000,8000,20000
2025-07-24T06:14:01.226921,BTC-USDT,1177044000,0.0,544194,0.0
2025-07-24T06:14:01.267139,BTC-USDT,1177044000,0.0,575400,0.0
2025-07-24T06:14:01.301685,BTC-USDT,1177044000,0.0,510609,0.0
2025-07-24T06:14:01.344451,BTC-USDT,1177044000,1177163000,625497,0
2025-07-24T06:14:01.381925,BTC-USDT,1177044000,0.0,649631,0.0
2025-07-24T06:14:01.527969,BTC-USDT,1176770000,1177086000,58044,10000
2025-07-24T06:14:01.560991,BTC-USDT,1176687000,1177062000,93698,0
2025-07-24T06:14:01.569817,BTC-USDT,0.0,1177402000,0.0,18622
2025-07-24T06:14:01.587101,BTC-USDT,0.0,1177163000,0.0,18622
2025-07-24T06:14:01.621034,BTC-USDT,0.0,1177045000,0.0,455656
2025-07-24T06:14:01.681316,BTC-USDT,0.0,1177163000,0.0,0
2025-07-24T06:14:02.141792,BTC-USDT,0.0,1177080000,0.0,0
2025-07-24T06:14:02.153103,BTC-USDT,0.0,1177045000,0.0,361992
2025-07-24T06:14:02.153187,BTC-USDT,0.0,1177423000,0.0,0
2025-07-24T06:14:02.153223,BTC-USDT,0.0,1177197000,0.0,16000
2025-07-24T06:14:02.153255,BTC-USDT,1177044000,1177045000,620876,455680
2025-07-24T06:14:02.153285,BTC-USDT,1176925000,1177197000,20000,8000
2025-07-24T06:14:02.153313,BTC-USDT,1176962000,1177197000,8000,16000
2025-07-24T06:14:02.153342,BTC-USDT,0.0,1177197000,0.0,24000
2025-07-24T06:14:02.153371,BTC-USDT,1177013000,0.0,84026,0.0
2025-07-24T06:14:02.153659,BTC-USDT,1176808000,1177423000,51287,51298
2025-07-24T06:14:02.669428,BTC-USDT,1177044000,0.0,649619,0.0
2025-07-24T06:14:02.679505,BTC-USDT,0.0,1177395000,0.0,43835
2025-07-24T06:14:02.681409,BTC-USDT,0.0,1177395000,0.0,0
2025-07-24T06:14:02.686157,BTC-USDT,0.0,1177395000,0.0,43835
2025-07-24T06:14:02.686234,BTC-USDT,0.0,1177045000,0.0,422517
2025-07-24T06:14:02.688800,BTC-USDT,0.0,1177395000,0.0,0
2025-07-24T06:14:02.945541,BTC-USDT,0.0,1177395000,0.0,43835
2025-07-24T06:14:02.963536,BTC-USDT,0.0,1177045000,0.0,455665
2025-07-24T06:14:03.266385,BTC-USDT,1176978000,0.0,20000,0.0
2025-07-24T06:14:03.788037,BTC-USDT,0.0,1177395000,0.0,0
2025-07-24T06:14:03.807521,BTC-USDT,0.0,1177045000,0.0,452784
2025-07-24T06:14:03.829665,BTC-USDT,1176965000,1177112000,58654,0
2025-07-24T06:14:03.852655,BTC-USDT,0.0,1177420000,0.0,0
2025-07-24T06:14:03.870992,BTC-USDT,1176978000,1177134000,0,154503
2025-07-24T06:14:03.927490,BTC-USDT,0.0,1177288000,0.0,2808
2025-07-24T06:14:03.967471,BTC-USDT,1176962000,1177184000,0,800
2025-07-24T06:14:03.984622,BTC-USDT,1176690000,1177123000,18622,0
2025-07-24T06:14:04.027166,BTC-USDT,1176857000,1177426000,58784,0
2025-07-24T06:14:04.069936,BTC-USDT,0.0,1177520000,0.0,18622
2025-07-24T06:14:04.773804,BTC-USDT,0.0,1177482000,0.0,25604
2025-07-24T06:14:04.801427,BTC-USDT,0.0,1177513000,0.0,43835
2025-07-24T06:14:04.801527,BTC-USDT,1177044000,0.0,733219,0.0
2025-07-24T06:14:04.801569,BTC-USDT,0.0,1177481000,0.0,25639
2025-07-24T06:14:04.801607,BTC-USDT,1177044000,0.0,649619,0.0
2025-07-24T06:14:04.801650,BTC-USDT,1176962000,1177197000,8000,8000
2025-07-24T06:14:04.851488,BTC-USDT,0.0,1177423000,0.0,25639
2025-07-24T06:14:04.867596,BTC-USDT,1176965000,1177197000,78654,16000
2025-07-24T06:14:04.886862,BTC-USDT,0.0,1177197000,0.0,24000
2025-07-24T06:14:04.908267,BTC-USDT,0.0,1177143000,0.0,2500
2025-07-24T06:14:04.951031,BTC-USDT,0.0,1177177000,0.0,2500
2025-07-24T06:14:05.049628,BTC-USDT,0.0,1177045000,0.0,377784
2025-07-24T06:14:05.227388,BTC-USDT,0.0,1177395000,0.0,0
2025-07-24T06:14:05.308281,BTC-USDT,0.0,1177395000,0.0,43835
2025-07-24T06:14:05.427157,BTC-USDT,0.0,1177395000,0.0,0
2025-07-24T06:14:05.489483,BTC-USDT,0.0,1177423000,0.0,25639
2025-07-24T06:14:05.511859,BTC-USDT,0.0,1177143000,0.0,0
2025-07-24T06:14:05.547603,BTC-USDT,0.0,1177196000,0.0,54400
2025-07-24T06:14:05.570308,BTC-USDT,0.0,1177183000,0.0,2500
2025-07-24T06:14:05.587360,BTC-USDT,0.0,1177045000,0.0,284096
2025-07-24T06:14:05.627504,BTC-USDT,1176965000,1177182000,58654,93716
2025-07-24T06:14:05.689829,BTC-USDT,1176962000,1177191000,0,800
2025-07-24T06:14:05.730209,BTC-USDT,1176775000,1177511000,20000,20000
2025-07-24T06:14:06.386359,BTC-USDT,0.0,1177482000,0.0,25570
2025-07-24T06:14:06.395236,BTC-USDT,0.0,1177481000,0.0,25606
2025-07-24T06:14:06.395354,BTC-USDT,0.0,1177424000,0.0,25570
2025-07-24T06:14:06.545966,BTC-USDT,1177044000,0.0,733219,0.0
2025-07-24T06:14:06.573605,BTC-USDT,0.0,1177249000,0.0,83600
2025-07-24T06:14:06.771273,BTC-USDT,1176872000,1177249000,93844,0
2025-07-24T06:14:07.022957,BTC-USDT,1177044000,1177045000,733219,284096
2025-07-24T06:14:07.034604,BTC-USDT,1176979000,0.0,932,0.0
2025-07-24T06:14:07.172079,BTC-USDT,0.0,1177424000,0.0,0
2025-07-24T06:14:07.214472,BTC-USDT,0.0,1177482000,0.0,25556
2025-07-24T06:14:07.350106,BTC-USDT,0.0,1177424000,0.0,25556
2025-07-24T06:14:07.415773,BTC-USDT,0.0,1177481000,0.0,51173
2025-07-24T06:14:07.768295,BTC-USDT,1176757000,0.0,1,0.0
2025-07-24T06:14:07.975080,BTC-USDT,0.0,1177424000,0.0,0
2025-07-24T06:14:08.011724,BTC-USDT,0.0,1177424000,0.0,25543
2025-07-24T06:14:08.732263,BTC-USDT,1176976000,0.0,106612,0.0
2025-07-24T06:14:08.752640,BTC-USDT,1177044000,0.0,737231,0.0
2025-07-24T06:14:08.834240,BTC-USDT,1177044000,1177163000,653631,18622
2025-07-24T06:14:08.857820,BTC-USDT,1176995000,1177190000,20000,20000
2025-07-24T06:14:08.872838,BTC-USDT,1177044000,1177180000,649619,20000
2025-07-24T06:14:08.933808,BTC-USDT,1177044000,0.0,630997,0.0
2025-07-24T06:14:08.974056,BTC-USDT,1177044000,0.0,649619,0.0
2025-07-24T06:14:09.014937,BTC-USDT,0.0,1177088000,0.0,89083
2025-07-24T06:14:09.056508,BTC-USDT,1177044000,1177073000,630997,800
2025-07-24T06:14:09.260078,BTC-USDT,1177044000,0.0,649619,0.0
2025-07-24T06:14:10.014035,BTC-USDT,0.0,1177163000,0.0,0
2025-07-24T06:14:10.114110,BTC-USDT,0.0,1177163000,0.0,18347
2025-07-24T06:14:10.414688,BTC-USDT,1177044000,0.0,633321,0.0
2025-07-24T06:14:10.435126,BTC-USDT,1177044000,0.0,649596,0.0
2025-07-24T06:14:11.296775,BTC-USDT,1177044000,0.0,630974,0.0
2025-07-24T06:14:11.576788,BTC-USDT,1177044000,0.0,649321,0.0
2025-07-24T06:14:11.637110,BTC-USDT,0.0,1177045000,0.0,283784
2025-07-24T06:14:12.137784,BTC-USDT,0.0,1177163000,0.0,0
2025-07-24T06:14:12.178221,BTC-USDT,0.0,1177163000,0.0,18347
2025-07-24T06:14:12.198225,BTC-USDT,0.0,1177180000,0.0,0
2025-07-24T06:14:12.220042,BTC-USDT,0.0,1177300000,0.0,20000
2025-07-24T06:14:12.240674,BTC-USDT,0.0,1177190000,0.0,0
2025-07-24T06:14:12.259063,BTC-USDT,0.0,1177328000,0.0,20000
2025-07-24T06:14:12.378392,BTC-USDT,0.0,1177163000,0.0,0
2025-07-24T06:14:12.619149,BTC-USDT,0.0,1177163000,0.0,0
2025-07-24T06:14:12.819200,BTC-USDT,0.0,1177163000,0.0,18347
2025-07-24T06:14:12.859640,BTC-USDT,0.0,1177163000,0.0,0
2025-07-24T06:14:13.059182,BTC-USDT,0.0,1177163000,0.0,18347
2025-07-24T06:14:13.159472,BTC-USDT,0.0,1177163000,0.0,0
2025-07-24T06:14:13.479977,BTC-USDT,0.0,1177197000,0.0,16000
2025-07-24T06:14:13.520785,BTC-USDT,0.0,1177073000,0.0,0
2025-07-24T06:14:13.600448,BTC-USDT,0.0,1177197000,0.0,0
2025-07-24T06:14:13.660014,BTC-USDT,0.0,1177230000,0.0,0
2025-07-24T06:14:13.721178,BTC-USDT,0.0,1177111000,0.0,800
2025-07-24T06:14:14.200778,BTC-USDT,1176855000,0.0,0,0.0
2025-07-24T06:14:14.694015,BTC-USDT,0.0,1177163000,0.0,18347
2025-07-24T06:14:14.700954,BTC-USDT,1176957000,0.0,93724,0.0
2025-07-24T06:14:14.702201,BTC-USDT,0.0,1177163000,0.0,18347
2025-07-24T06:14:14.882031,BTC-USDT,0.0,1177182000,0.0,0
2025-07-24T06:14:14.981981,BTC-USDT,0.0,1177150000,0.0,93716
2025-07-24T06:14:17.104973,BTC-USDT,1177044000,0.0,629263,0.0
2025-07-24T06:14:17.159660,BTC-USDT,1177044000,0.0,649316,0.0
2025-07-24T06:14:18.366365,BTC-USDT,0.0,1177163000,0.0,18347
2025-07-24T06:14:18.628218,BTC-USDT,0.0,1177163000,0.0,0
2025-07-24T06:14:18.731491,BTC-USDT,1176962000,1177300000,0,0
2025-07-24T06:14:18.749123,BTC-USDT,1176792000,0.0,20000,0.0
2025-07-24T06:14:18.908588,BTC-USDT,1176792000,0.0,0,0.0
2025-07-24T06:14:18.948408,BTC-USDT,1176962000,1177312000,8000,20000
2025-07-24T06:14:19.439590,BTC-USDT,0.0,1177163000,0.0,18347
2025-07-24T06:14:19.489018,BTC-USDT,1177044000,0.0,630969,0.0
2025-07-24T06:14:19.569140,BTC-USDT,0.0,1177045000,0.0,284584
2025-07-24T06:14:19.629251,BTC-USDT,1177044000,1177045000,631170,303087
2025-07-24T06:14:19.650012,BTC-USDT,0.0,1177193000,0.0,20000
2025-07-24T06:14:19.669195,BTC-USDT,1176965000,0.0,610,0.0
2025-07-24T06:14:19.710151,BTC-USDT,1176957000,1177217000,0,20000
2025-07-24T06:14:19.729560,BTC-USDT,1176993000,1177299000,0,57314
2025-07-24T06:14:19.749518,BTC-USDT,1177044000,1177045000,298531,357024
2025-07-24T06:14:19.789824,BTC-USDT,1177044000,1177045000,278478,374196
2025-07-24T06:14:19.829936,BTC-USDT,1176941000,1177045000,0,467832
2025-07-24T06:14:19.850822,BTC-USDT,1176690000,0.0,18503,0.0
2025-07-24T06:14:19.909887,BTC-USDT,1176899000,0.0,0,0.0
2025-07-24T06:14:19.949940,BTC-USDT,1176897000,0.0,87175,0.0
2025-07-24T06:14:19.969901,BTC-USDT,1176911000,0.0,84137,0.0
2025-07-24T06:14:20.009949,BTC-USDT,1176926000,0.0,18503,0.0
2025-07-24T06:14:20.049988,BTC-USDT,1177044000,1177045000,197170,474981
2025-07-24T06:14:20.110103,BTC-USDT,1176926000,1177045000,18503,474981
2025-07-24T06:14:22.129738,BTC-USDT,1176941000,1177197000,20000,8000
2025-07-24T06:14:22.129778,BTC-USDT,1177044000,1177197000,265216,24000
2025-07-24T06:14:22.129813,BTC-USDT,0.0,1177045000,0.0,456478
2025-07-24T06:14:22.129847,BTC-USDT,1177044000,0.0,283719,0.0
2025-07-24T06:14:22.129907,BTC-USDT,1177044000,1177045000,265216,429219
2025-07-24T06:14:22.129947,BTC-USDT,1177044000,0.0,283719,0.0
2025-07-24T06:14:22.129980,BTC-USDT,1176927000,0.0,83700,0.0
2025-07-24T06:14:22.130013,BTC-USDT,1177044000,1177212000,337322,20000
2025-07-24T06:14:22.130045,BTC-USDT,0.0,1177229000,0.0,20000
2025-07-24T06:14:22.130078,BTC-USDT,1177044000,0.0,318819,0.0
2025-07-24T06:14:22.130112,BTC-USDT,1177044000,0.0,337322,0.0
2025-07-24T06:14:22.130144,BTC-USDT,1177044000,0.0,318819,0.0
2025-07-24T06:14:22.130178,BTC-USDT,1176985000,0.0,20000,0.0
2025-07-24T06:14:22.130211,BTC-USDT,1177044000,0.0,337322,0.0
2025-07-24T06:14:22.130245,BTC-USDT,1177044000,0.0,283719,0.0
2025-07-24T06:14:22.130278,BTC-USDT,1176943000,0.0,83700,0.0
2025-07-24T06:14:22.130312,BTC-USDT,1177044000,0.0,265216,0.0
2025-07-24T06:14:22.130346,BTC-USDT,1177044000,0.0,283719,0.0
2025-07-24T06:14:22.130380,BTC-USDT,1177044000,0.0,265216,0.0
2025-07-24T06:14:22.130414,BTC-USDT,1176943000,0.0,0,0.0
2025-07-24T06:14:22.130449,BTC-USDT,1177044000,0.0,283719,0.0
2025-07-24T06:14:22.130483,BTC-USDT,0.0,1177045000,0.0,335583
2025-07-24T06:14:22.130517,BTC-USDT,1177044000,0.0,286644,0.0
2025-07-24T06:14:22.130553,BTC-USDT,1177044000,0.0,320471,0.0
2025-07-24T06:14:22.130587,BTC-USDT,1177044000,1177045000,374537,301756
2025-07-24T06:14:22.130619,BTC-USDT,1177044000,1177045000,398046,300956
2025-07-24T06:14:23.325179,BTC-USDT,1177044000,0.0,373479,0.0
2025-07-24T06:14:23.325213,BTC-USDT,0.0,1177280000,0.0,25330
2025-07-24T06:14:23.325242,BTC-USDT,0.0,1177045000,0.0,394665
2025-07-24T06:14:23.325268,BTC-USDT,1177044000,0.0,398267,0.0
2025-07-24T06:14:23.325293,BTC-USDT,1177044000,1177163000,422829,0
2025-07-24T06:14:23.325320,BTC-USDT,1177044000,1177045000,643623,283784
2025-07-24T06:14:23.326586,BTC-USDT,0.0,1177113000,0.0,0
2025-07-24T06:14:23.326636,BTC-USDT,1177044000,1177045000,650313,377493
2025-07-24T06:14:23.326669,BTC-USDT,1176910000,1177045000,93699,283784
2025-07-24T06:14:23.326711,BTC-USDT,0.0,1177134000,0.0,140703
2025-07-24T06:14:23.326746,BTC-USDT,0.0,1177134000,0.0,0
2025-07-24T06:14:23.326785,BTC-USDT,0.0,1177164000,0.0,0
2025-07-24T06:14:23.326821,BTC-USDT,1177036000,1177274000,20000,20000
2025-07-24T06:14:23.326855,BTC-USDT,0.0,1177084000,0.0,93699
2025-07-24T06:14:23.326911,BTC-USDT,0.0,1177084000,0.0,0
2025-07-24T06:14:23.326941,BTC-USDT,0.0,1177295000,0.0,981
2025-07-24T06:14:23.326964,BTC-USDT,0.0,1177150000,0.0,93691
2025-07-24T06:14:23.327005,BTC-USDT,1177020000,0.0,20000,0.0
2025-07-24T06:14:23.327036,BTC-USDT,1177044000,0.0,626272,0.0
2025-07-24T06:14:23.336193,BTC-USDT,1177044000,0.0,710072,0.0
2025-07-24T06:14:24.021947,BTC-USDT,1176910000,0.0,0,0.0
2025-07-24T06:14:24.021971,BTC-USDT,1176989000,0.0,93691,0.0
2025-07-24T06:14:24.021989,BTC-USDT,1177044000,1177045000,1319697,15201
2025-07-24T06:14:24.022013,BTC-USDT,0.0,1177274000,0.0,0
2025-07-24T06:14:24.022033,BTC-USDT,1177036000,0.0,0,0.0
2025-07-24T06:14:24.022052,BTC-USDT,1176962000,0.0,0,0.0
2025-07-24T06:14:24.022069,BTC-USDT,0.0,1177362000,0.0,0
2025-07-24T06:14:24.022087,BTC-USDT,0.0,1177156000,0.0,0
2025-07-24T06:14:24.022104,BTC-USDT,0.0,1177281000,0.0,0
2025-07-24T06:14:24.036976,BTC-USDT,0.0,1177281000,0.0,18503
2025-07-24T06:14:24.116649,BTC-USDT,0.0,1177157000,0.0,800
2025-07-24T06:14:24.156697,BTC-USDT,0.0,1177395000,0.0,0
2025-07-24T06:14:24.257607,BTC-USDT,1176955000,0.0,58179,0.0
2025-07-24T06:14:24.277403,BTC-USDT,1177044000,1177045000,1690793,201
2025-07-24T06:14:24.297205,BTC-USDT,1176962000,1177202000,8000,0
2025-07-24T06:14:24.317121,BTC-USDT,0.0,1177045000,0.0,0
2025-07-24T06:14:24.337144,BTC-USDT,1177045000,1177271000,531334,0
2025-07-24T06:14:24.357298,BTC-USDT,1177045000,1177046000,1423526,402
2025-07-24T06:14:24.377615,BTC-USDT,1177045000,1177381000,1640160,97151
2025-07-24T06:14:24.398736,BTC-USDT,1177045000,1177378000,1866302,0
2025-07-24T06:14:24.418202,BTC-USDT,1177045000,0.0,1915774,0.0
2025-07-24T06:14:24.457915,BTC-USDT,1177045000,1177401000,2110990,0
2025-07-24T06:14:24.498859,BTC-USDT,0.0,1177457000,0.0,0
2025-07-24T06:14:24.517639,BTC-USDT,0.0,1177679000,0.0,800
2025-07-24T06:14:24.558486,BTC-USDT,1177045000,1177501000,2156183,0
2025-07-24T06:14:24.597730,BTC-USDT,0.0,1177558000,0.0,0
2025-07-24T06:14:24.637811,BTC-USDT,0.0,1177430000,0.0,800
2025-07-24T06:14:24.697701,BTC-USDT,1177045000,0.0,2306183,0.0
2025-07-24T06:14:24.737800,BTC-USDT,1177045000,0.0,2420519,0.0
2025-07-24T06:14:25.313640,BTC-USDT,1177045000,0.0,2479390,0.0
2025-07-24T06:14:25.313741,BTC-USDT,1177028000,0.0,20000,0.0
2025-07-24T06:14:25.313891,BTC-USDT,1176923000,1177483000,20000,20000
2025-07-24T06:14:25.313947,BTC-USDT,1177037000,1177608000,153673,20000
2025-07-24T06:14:25.338780,BTC-USDT,1177045000,0.0,2494390,0.0
2025-07-24T06:14:25.459150,BTC-USDT,1177045000,0.0,2494390,0.0
2025-07-24T06:14:25.759648,BTC-USDT,1176928000,0.0,38353,0.0
2025-07-24T06:14:25.860010,BTC-USDT,1177045000,0.0,2549937,0.0
2025-07-24T06:14:25.919780,BTC-USDT,0.0,1177562000,0.0,0
2025-07-24T06:14:25.960311,BTC-USDT,0.0,1177559000,0.0,0
2025-07-24T06:14:26.837235,BTC-USDT,0.0,1177566000,0.0,0
2025-07-24T06:14:26.846955,BTC-USDT,0.0,1177487000,0.0,0
2025-07-24T06:14:26.847971,BTC-USDT,0.0,1177430000,0.0,0
2025-07-24T06:14:26.848610,BTC-USDT,0.0,1177433000,0.0,800
2025-07-24T06:14:26.849199,BTC-USDT,0.0,1177670000,0.0,53519
2025-07-24T06:14:26.849815,BTC-USDT,1177045000,1177433000,2549931,0
2025-07-24T06:14:26.851184,BTC-USDT,1176989000,0.0,0,0.0
2025-07-24T06:14:26.861346,BTC-USDT,1177045000,0.0,2643565,0.0
2025-07-24T06:14:26.922155,BTC-USDT,0.0,1177635000,0.0,0
2025-07-24T06:14:26.961414,BTC-USDT,0.0,1177580000,0.0,1
2025-07-24T06:14:27.201635,BTC-USDT,0.0,1177636000,0.0,18503
2025-07-24T06:14:27.422087,BTC-USDT,0.0,1177636000,0.0,0
2025-07-24T06:14:27.462551,BTC-USDT,0.0,1177636000,0.0,18503
2025-07-24T06:14:27.482810,BTC-USDT,0.0,1177636000,0.0,0
2025-07-24T06:14:27.542896,BTC-USDT,1177045000,0.0,2588018,0.0
2025-07-24T06:14:27.587743,BTC-USDT,0.0,1177636000,0.0,18503
2025-07-24T06:14:27.602356,BTC-USDT,0.0,1177588000,0.0,0
2025-07-24T06:14:27.662907,BTC-USDT,0.0,1177614000,0.0,0
2025-07-24T06:14:27.702606,BTC-USDT,0.0,1177636000,0.0,18503
2025-07-24T06:14:27.922950,BTC-USDT,1177045000,1177636000,2555050,0
2025-07-24T06:14:27.963316,BTC-USDT,1177045000,1177754000,2663007,18503
2025-07-24T06:14:27.983108,BTC-USDT,1176879000,0.0,2500,0.0
2025-07-24T06:14:28.023168,BTC-USDT,0.0,1177636000,0.0,18503
2025-07-24T06:14:28.206577,BTC-USDT,0.0,1177725000,0.0,53635
2025-07-24T06:14:29.089606,BTC-USDT,1177045000,0.0,2656852,0.0
2025-07-24T06:14:29.094970,BTC-USDT,1177045000,0.0,2712399,0.0
2025-07-24T06:14:29.096508,BTC-USDT,1176928000,0.0,38353,0.0
2025-07-24T06:14:29.096546,BTC-USDT,0.0,1177046000,0.0,0
2025-07-24T06:14:29.097080,BTC-USDT,1177497000,1177483000,205659,0
2025-07-24T06:14:29.097593,BTC-USDT,1177497000,1177498000,250537,0
2025-07-24T06:14:29.098623,BTC-USDT,1177554000,1177710000,169458,2500
2025-07-24T06:14:29.098824,BTC-USDT,1177554000,0.0,169458,0.0
2025-07-24T06:14:29.160002,BTC-USDT,1177176000,1177555000,25399,3117
2025-07-24T06:14:29.204576,BTC-USDT,1177119000,0.0,0,0.0
2025-07-24T06:14:29.244596,BTC-USDT,1177554000,0.0,250766,0.0
2025-07-24T06:14:29.286577,BTC-USDT,1177442000,1177622000,83800,83800
2025-07-24T06:14:29.726209,BTC-USDT,1177045000,0.0,131071,0.0
2025-07-24T06:14:29.785659,BTC-USDT,1177045000,0.0,52506,0.0
2025-07-24T06:14:29.946398,BTC-USDT,0.0,1177555000,0.0,735631
2025-07-24T06:14:29.986497,BTC-USDT,1177554000,1177555000,250967,809686
2025-07-24T06:14:30.266847,BTC-USDT,1177441000,0.0,78824,0.0
2025-07-24T06:14:30.306844,BTC-USDT,1177554000,0.0,124008,0.0
2025-07-24T06:14:30.466861,BTC-USDT,1177385000,0.0,58041,0.0
2025-07-24T06:14:30.991684,BTC-USDT,0.0,1177622000,0.0,0
2025-07-24T06:14:30.996940,BTC-USDT,1177554000,1177555000,384238,599230
2025-07-24T06:14:30.997742,BTC-USDT,1177554000,1177555000,604195,407678
2025-07-24T06:14:30.999987,BTC-USDT,1177554000,1177555000,743460,284066
2025-07-24T06:14:31.001022,BTC-USDT,1177433000,1177623000,0,0
2025-07-24T06:14:31.027656,BTC-USDT,0.0,1177854000,0.0,0
2025-07-24T06:14:31.047589,BTC-USDT,0.0,1177633000,0.0,0
2025-07-24T06:14:31.128296,BTC-USDT,0.0,1177655000,0.0,0
2025-07-24T06:14:31.147810,BTC-USDT,1177554000,1177990000,745142,19032
2025-07-24T06:14:31.188006,BTC-USDT,1177554000,0.0,752073,0.0
2025-07-24T06:14:31.228056,BTC-USDT,0.0,1177767000,0.0,93516
2025-07-24T06:14:31.247811,BTC-USDT,0.0,1177748000,0.0,83800
2025-07-24T06:14:31.309522,BTC-USDT,0.0,1177753000,0.0,83800
2025-07-24T06:14:31.508907,BTC-USDT,1177554000,1177614000,752079,800
2025-07-24T06:14:31.549580,BTC-USDT,1177554000,0.0,776379,0.0
2025-07-24T06:14:31.608542,BTC-USDT,1177554000,0.0,757876,0.0
2025-07-24T06:14:31.689067,BTC-USDT,1177438000,1177668000,20000,16000
2025-07-24T06:14:31.728714,BTC-USDT,0.0,1177668000,0.0,24000
2025-07-24T06:14:31.949922,BTC-USDT,1177459000,1177555000,58715,0
2025-07-24T06:14:31.969579,BTC-USDT,1177642000,1177662000,127426,0
2025-07-24T06:14:31.990813,BTC-USDT,1177661000,1177704000,175506,0
2025-07-24T06:14:32.011220,BTC-USDT,1177661000,1177667000,432042,15000
2025-07-24T06:14:32.029958,BTC-USDT,1177782000,1177667000,339433,0
2025-07-24T06:14:32.050386,BTC-USDT,1177826000,1177903000,243131,0
2025-07-24T06:14:32.070922,BTC-USDT,1177826000,1177827000,380922,0
2025-07-24T06:14:32.089947,BTC-USDT,1177950000,1178115000,188224,83800
2025-07-24T06:14:32.110036,BTC-USDT,1177950000,1177951000,260977,0
2025-07-24T06:14:32.154982,BTC-USDT,1178114000,1178263000,161110,2500
2025-07-24T06:14:32.155722,BTC-USDT,1178114000,1178116000,192316,0
2025-07-24T06:14:32.170138,BTC-USDT,1178114000,1178115000,211348,98800
2025-07-24T06:14:32.190187,BTC-USDT,1178114000,1178115000,227623,113800
2025-07-24T06:14:32.230272,BTC-USDT,1178114000,1178588000,398556,0
2025-07-24T06:14:32.270628,BTC-USDT,1177662000,1178115000,83800,114001
2025-07-24T06:14:32.290211,BTC-USDT,1177826000,0.0,213448,0.0
2025-07-24T06:14:32.330901,BTC-USDT,1178114000,1178115000,398556,660136
2025-07-24T06:14:32.370418,BTC-USDT,1177950000,1178115000,21411,671677
2025-07-24T06:14:32.410597,BTC-USDT,1177826000,1178257000,118300,0
2025-07-24T06:14:32.450671,BTC-USDT,1177774000,1178233000,20000,19032
2025-07-24T06:14:32.590723,BTC-USDT,1178114000,0.0,398556,0.0
2025-07-24T06:14:32.630843,BTC-USDT,1178114000,0.0,379524,0.0
2025-07-24T06:14:32.650970,BTC-USDT,1178114000,0.0,398556,0.0
2025-07-24T06:14:32.670847,BTC-USDT,1178113000,0.0,201,0.0
2025-07-24T06:14:32.712119,BTC-USDT,1178114000,0.0,398757,0.0
2025-07-24T06:14:32.751064,BTC-USDT,1177826000,1178115000,76342,714403
2025-07-24T06:14:32.872110,BTC-USDT,0.0,1178362000,0.0,0
2025-07-24T06:14:32.891613,BTC-USDT,0.0,1178648000,0.0,19032
2025-07-24T06:14:32.952011,BTC-USDT,0.0,1178283000,0.0,0
2025-07-24T06:14:32.991713,BTC-USDT,0.0,1178170000,0.0,2804
2025-07-24T06:14:33.031421,BTC-USDT,0.0,1178494000,0.0,25419
2025-07-24T06:14:33.091709,BTC-USDT,0.0,1178494000,0.0,50835
2025-07-24T06:14:33.231776,BTC-USDT,1177662000,1178381000,0,7500
2025-07-24T06:14:33.334960,BTC-USDT,1177950000,0.0,19032,0.0
2025-07-24T06:14:33.357928,BTC-USDT,1178114000,1178115000,867167,208867
2025-07-24T06:14:33.395013,BTC-USDT,1178114000,1178381000,893629,0
2025-07-24T06:14:33.432810,BTC-USDT,0.0,1178381000,0.0,7500
2025-07-24T06:14:33.495807,BTC-USDT,0.0,1178286000,0.0,0
2025-07-24T06:14:33.537923,BTC-USDT,1178114000,1178648000,874597,19032
2025-07-24T06:14:33.592997,BTC-USDT,0.0,1178218000,0.0,93617
2025-07-24T06:14:33.673850,BTC-USDT,1177852000,0.0,57385,0.0
2025-07-24T06:14:33.713911,BTC-USDT,1177459000,1178115000,0,193897
2025-07-24T06:14:33.752953,BTC-USDT,1177861000,0.0,20000,0.0
2025-07-24T06:14:33.792770,BTC-USDT,1178009000,1178261000,20000,20000
2025-07-24T06:14:33.933090,BTC-USDT,0.0,1178115000,0.0,193897
2025-07-24T06:14:34.014180,BTC-USDT,0.0,1178218000,0.0,0
2025-07-24T06:14:34.194316,BTC-USDT,0.0,1178216000,0.0,93655
2025-07-24T06:14:34.233565,BTC-USDT,0.0,1178215000,0.0,83800
2025-07-24T06:14:34.374276,BTC-USDT,1178114000,1178494000,874597,0
2025-07-24T06:14:34.434121,BTC-USDT,0.0,1178215000,0.0,0
2025-07-24T06:14:34.473974,BTC-USDT,1178009000,1178263000,0,0
2025-07-24T06:14:34.534061,BTC-USDT,1177861000,0.0,0,0.0
2025-07-24T06:14:34.594210,BTC-USDT,0.0,1178494000,0.0,50760
2025-07-24T06:14:34.634284,BTC-USDT,0.0,1178552000,0.0,25378
2025-07-24T06:14:34.694963,BTC-USDT,0.0,1178494000,0.0,25378
2025-07-24T06:14:34.736775,BTC-USDT,0.0,1178233000,0.0,0
2025-07-24T06:14:34.799139,BTC-USDT,0.0,1178381000,0.0,0
2025-07-24T06:14:34.876031,BTC-USDT,0.0,1178216000,0.0,0
2025-07-24T06:14:34.915964,BTC-USDT,0.0,1178303000,0.0,0
2025-07-24T06:14:34.995957,BTC-USDT,0.0,1178251000,0.0,93678
2025-07-24T06:14:35.055586,BTC-USDT,1177926000,1178693000,93678,1
2025-07-24T06:14:35.117101,BTC-USDT,0.0,1178251000,0.0,0
2025-07-24T06:14:35.215467,BTC-USDT,0.0,1178362000,0.0,57100
2025-07-24T06:14:35.255495,BTC-USDT,0.0,1178257000,0.0,93768
2025-07-24T06:14:35.295756,BTC-USDT,0.0,1178494000,0.0,25378
2025-07-24T06:14:35.315569,BTC-USDT,0.0,1178233000,0.0,19032
2025-07-24T06:14:35.395824,BTC-USDT,0.0,1178115000,0.0,176725
2025-07-24T06:14:35.435990,BTC-USDT,0.0,1178233000,0.0,0
2025-07-24T06:14:35.477793,BTC-USDT,0.0,1178552000,0.0,0
2025-07-24T06:14:35.515947,BTC-USDT,0.0,1178494000,0.0,25378
2025-07-24T06:14:35.536057,BTC-USDT,0.0,1178552000,0.0,25346
2025-07-24T06:14:35.696228,BTC-USDT,0.0,1178494000,0.0,0
2025-07-24T06:14:35.736999,BTC-USDT,0.0,1178170000,0.0,0
2025-07-24T06:14:35.776975,BTC-USDT,1178029000,1178262000,57074,20000
2025-07-24T06:14:35.816790,BTC-USDT,0.0,1178494000,0.0,0
2025-07-24T06:14:35.836681,BTC-USDT,1178008000,1178298000,23779,93913
2025-07-24T06:14:35.856647,BTC-USDT,0.0,1178495000,0.0,0
2025-07-24T06:14:35.877195,BTC-USDT,1178114000,1178115000,850593,176725
2025-07-24T06:14:35.917048,BTC-USDT,1178114000,1178233000,852060,19032
2025-07-24T06:14:35.958925,BTC-USDT,1178114000,1178115000,850593,217598
2025-07-24T06:14:35.986107,BTC-USDT,0.0,1178115000,0.0,198566
2025-07-24T06:14:36.017823,BTC-USDT,1178114000,1178473000,874597,24734
2025-07-24T06:14:36.064565,BTC-USDT,0.0,1178115000,0.0,176725
2025-07-24T06:14:36.197241,BTC-USDT,0.0,1178297000,0.0,83900
2025-07-24T06:14:36.237311,BTC-USDT,0.0,1178261000,0.0,78400
2025-07-24T06:14:36.300580,BTC-USDT,1177913000,1178233000,57266,0
2025-07-24T06:14:36.337671,BTC-USDT,0.0,1178382000,0.0,0
2025-07-24T06:14:36.497850,BTC-USDT,0.0,1178233000,0.0,19032
2025-07-24T06:14:36.537828,BTC-USDT,1178114000,0.0,874595,0.0
2025-07-24T06:14:36.798365,BTC-USDT,0.0,1178382000,0.0,7500
2025-07-24T06:14:36.978786,BTC-USDT,1178096000,0.0,91520,0.0
2025-07-24T06:14:36.998901,BTC-USDT,0.0,1178152000,0.0,155062
2025-07-24T06:14:37.020083,BTC-USDT,0.0,1178159000,0.0,893
2025-07-24T06:14:37.039291,BTC-USDT,0.0,1178205000,0.0,734
2025-07-24T06:14:37.119689,BTC-USDT,0.0,1178269000,0.0,93923
2025-07-24T06:14:37.199635,BTC-USDT,0.0,1178261000,0.0,0
2025-07-24T06:14:37.239255,BTC-USDT,0.0,1178297000,0.0,0
2025-07-24T06:14:37.280423,BTC-USDT,0.0,1178115000,0.0,195757
2025-07-24T06:14:37.339311,BTC-USDT,0.0,1178115000,0.0,176725
2025-07-24T06:14:37.479346,BTC-USDT,0.0,1178269000,0.0,0
2025-07-24T06:14:37.560378,BTC-USDT,0.0,1178248000,0.0,93991
2025-07-24T06:14:37.839995,BTC-USDT,1177934000,1178494000,57022,0
2025-07-24T06:14:37.860413,BTC-USDT,0.0,1178233000,0.0,0
2025-07-24T06:14:37.881362,BTC-USDT,0.0,1178233000,0.0,19032
2025-07-24T06:14:37.941174,BTC-USDT,1177988000,1178233000,0,19032
2025-07-24T06:14:37.980817,BTC-USDT,1178007000,1178233000,0,0
2025-07-24T06:14:38.000510,BTC-USDT,0.0,1178553000,0.0,2863
2025-07-24T06:14:38.080557,BTC-USDT,0.0,1178487000,0.0,1
2025-07-24T06:14:38.160356,BTC-USDT,0.0,1178495000,0.0,50650
2025-07-24T06:14:38.220756,BTC-USDT,0.0,1178494000,0.0,70608
2025-07-24T06:14:38.260815,BTC-USDT,0.0,1178324000,0.0,2500
2025-07-24T06:14:38.320924,BTC-USDT,0.0,1178494000,0.0,45330
2025-07-24T06:14:38.360923,BTC-USDT,0.0,1178494000,0.0,20000
2025-07-24T06:14:38.401392,BTC-USDT,0.0,1178324000,0.0,0
2025-07-24T06:14:38.463198,BTC-USDT,0.0,1178233000,0.0,0
2025-07-24T06:14:38.501205,BTC-USDT,0.0,1178233000,0.0,19032
2025-07-24T06:14:39.042829,BTC-USDT,0.0,1178446000,0.0,1
2025-07-24T06:14:39.599125,BTC-USDT,0.0,1178382000,0.0,7500
2025-07-24T06:14:39.610090,BTC-USDT,0.0,1178382000,0.0,0
2025-07-24T06:14:39.703487,BTC-USDT,0.0,1178304000,0.0,0
2025-07-24T06:14:39.784176,BTC-USDT,0.0,1178233000,0.0,0
2025-07-24T06:14:39.803201,BTC-USDT,0.0,1178530000,0.0,18989
2025-07-24T06:14:40.004137,BTC-USDT,0.0,1178494000,0.0,45338
2025-07-24T06:14:40.043693,BTC-USDT,0.0,1178405000,0.0,1
2025-07-24T06:14:40.064462,BTC-USDT,0.0,1178370000,0.0,0
2025-07-24T06:14:40.083675,BTC-USDT,0.0,1178530000,0.0,18989
2025-07-24T06:14:40.143854,BTC-USDT,0.0,1178494000,0.0,70626
2025-07-24T06:14:40.184588,BTC-USDT,0.0,1178234000,0.0,94477
2025-07-24T06:14:40.284049,BTC-USDT,0.0,1178233000,0.0,18989
2025-07-24T06:14:40.404119,BTC-USDT,0.0,1178234000,0.0,0
2025-07-24T06:14:40.484304,BTC-USDT,0.0,1178233000,0.0,0
2025-07-24T06:14:40.524490,BTC-USDT,0.0,1178233000,0.0,18989
2025-07-24T06:14:40.764992,BTC-USDT,1178013000,1178255000,20000,20000
2025-07-24T06:14:40.845752,BTC-USDT,1178008000,1178115000,0,195714
2025-07-24T06:14:40.884900,BTC-USDT,1178114000,0.0,600383,0.0
2025-07-24T06:14:40.925208,BTC-USDT,1177840000,0.0,23329,0.0
2025-07-24T06:14:41.025197,BTC-USDT,1178096000,0.0,0,0.0
2025-07-24T06:14:41.045301,BTC-USDT,1178086000,0.0,0,0.0
2025-07-24T06:14:41.086651,BTC-USDT,1178034000,0.0,0,0.0
2025-07-24T06:14:41.154966,BTC-USDT,1177926000,1178257000,0,2911
2025-07-24T06:14:41.165472,BTC-USDT,0.0,1178254000,0.0,23846
2025-07-24T06:14:41.205567,BTC-USDT,1178114000,1178115000,26582,823238
2025-07-24T06:14:41.265556,BTC-USDT,0.0,1178115000,0.0,848108
2025-07-24T06:14:41.305802,BTC-USDT,1177950000,1178126000,0,2911
2025-07-24T06:14:41.325823,BTC-USDT,1177590000,0.0,18989,0.0
2025-07-24T06:14:41.506489,BTC-USDT,1178114000,0.0,2580,0.0
2025-07-24T06:14:41.547383,BTC-USDT,1178009000,0.0,24004,0.0
2025-07-24T06:14:41.606627,BTC-USDT,0.0,1178126000,0.0,0
2025-07-24T06:14:41.646280,BTC-USDT,1177802000,0.0,94527,0.0
2025-07-24T06:14:42.013249,BTC-USDT,0.0,1178321000,0.0,237045
2025-07-24T06:14:42.027025,BTC-USDT,0.0,1178257000,0.0,0
2025-07-24T06:14:42.047065,BTC-USDT,1177787000,0.0,1,0.0
2025-07-24T06:14:42.126974,BTC-USDT,1177965000,0.0,83900,0.0
2025-07-24T06:14:42.407365,BTC-USDT,1177960000,0.0,0,0.0
2025-07-24T06:14:42.467396,BTC-USDT,1178036000,0.0,20000,0.0
2025-07-24T06:14:43.048422,BTC-USDT,1178036000,0.0,0,0.0
2025-07-24T06:14:43.128190,BTC-USDT,1178014000,0.0,83900,0.0
2025-07-24T06:14:43.148610,BTC-USDT,1177996000,0.0,18989,0.0
2025-07-24T06:14:43.189400,BTC-USDT,1178014000,0.0,0,0.0
2025-07-24T06:14:43.530096,BTC-USDT,0.0,1178265000,0.0,2910
2025-07-24T06:14:43.549307,BTC-USDT,1178114000,0.0,201,0.0
2025-07-24T06:14:43.578627,BTC-USDT,1177884000,1178115000,146370,998108
2025-07-24T06:14:43.601475,BTC-USDT,1178114000,1178114000,0,35241
2025-07-24T06:14:43.615581,BTC-USDT,1178013000,1178114000,0,559171
2025-07-24T06:14:43.650744,BTC-USDT,1177746000,1178114000,94459,1229244
2025-07-24T06:14:43.690019,BTC-USDT,0.0,1178114000,0.0,1655341
2025-07-24T06:14:43.749679,BTC-USDT,1177959000,0.0,0,0.0
2025-07-24T06:14:43.789985,BTC-USDT,1177854000,1178114000,20000,1679355
2025-07-24T06:14:43.809670,BTC-USDT,1177905000,1178114000,0,1679419
2025-07-24T06:14:43.829696,BTC-USDT,0.0,1178114000,0.0,1704329
2025-07-24T06:14:43.849792,BTC-USDT,1177746000,0.0,1,0.0
2025-07-24T06:14:43.889829,BTC-USDT,1178009000,1178114000,0,1767062
2025-07-24T06:14:43.930295,BTC-USDT,1177566000,0.0,50846,0.0
2025-07-24T06:14:43.950568,BTC-USDT,1177884000,0.0,0,0.0
2025-07-24T06:14:43.989864,BTC-USDT,1177904000,1178115000,0,25261
2025-07-24T06:14:44.030218,BTC-USDT,1177854000,1178114000,0,1787642
2025-07-24T06:14:44.070271,BTC-USDT,1177869000,0.0,1,0.0
2025-07-24T06:14:44.110065,BTC-USDT,1177748000,1178115000,83800,201
2025-07-24T06:14:44.155546,BTC-USDT,1177566000,1178114000,0,1812702
2025-07-24T06:14:44.231129,BTC-USDT,1177605000,0.0,0,0.0
2025-07-24T06:14:44.270996,BTC-USDT,1177472000,1178384000,18989,59057
2025-07-24T06:14:44.706806,BTC-USDT,1177591000,1178351000,94486,18989
2025-07-24T06:14:44.711617,BTC-USDT,1177747000,0.0,40000,0.0
2025-07-24T06:14:44.771250,BTC-USDT,0.0,1178114000,0.0,1782608
2025-07-24T06:14:44.953213,BTC-USDT,0.0,1178114000,0.0,1812720
2025-07-24T06:14:45.051726,BTC-USDT,1177911000,0.0,1,0.0
2025-07-24T06:14:45.572607,BTC-USDT,1177591000,1178281000,0,5001
2025-07-24T06:14:45.593169,BTC-USDT,0.0,1178239000,0.0,201600
2025-07-24T06:14:46.053855,BTC-USDT,1177952000,0.0,1,0.0
2025-07-24T06:14:46.233848,BTC-USDT,0.0,1178114000,0.0,1907185
2025-07-24T06:14:46.374463,BTC-USDT,0.0,1178234000,0.0,2500
2025-07-24T06:14:46.474165,BTC-USDT,0.0,1178114000,0.0,1907241
2025-07-24T06:14:46.514203,BTC-USDT,1177918000,0.0,24010,0.0
2025-07-24T06:14:46.694416,BTC-USDT,0.0,1178234000,0.0,0
2025-07-24T06:14:46.735061,BTC-USDT,0.0,1178114000,0.0,1883732
2025-07-24T06:14:46.774521,BTC-USDT,0.0,1178114000,0.0,1907262
2025-07-24T06:14:46.954958,BTC-USDT,0.0,1178384000,0.0,0
2025-07-24T06:14:47.575513,BTC-USDT,1177993000,0.0,1,0.0
2025-07-24T06:14:47.936582,BTC-USDT,0.0,1178114000,0.0,1982262
2025-07-24T06:14:48.036513,BTC-USDT,0.0,1178281000,0.0,1
2025-07-24T06:14:48.056670,BTC-USDT,1178034000,1178244000,1,5000
2025-07-24T06:14:48.686096,BTC-USDT,1177748000,0.0,0,0.0
2025-07-24T06:14:49.060321,BTC-USDT,1178076000,0.0,1,0.0
2025-07-24T06:14:49.138480,BTC-USDT,1177788000,0.0,0,0.0
2025-07-24T06:14:49.676539,BTC-USDT,1177781000,1178333000,0,59549
2025-07-24T06:14:49.679287,BTC-USDT,1177918000,0.0,0,0.0
2025-07-24T06:14:49.679451,BTC-USDT,1177831000,0.0,0,0.0
2025-07-24T06:14:49.679800,BTC-USDT,1177708000,1178205000,0,5734
2025-07-24T06:14:49.700465,BTC-USDT,1177705000,0.0,125780,0.0
2025-07-24T06:14:49.720616,BTC-USDT,1177750000,1178114000,0,1982262
2025-07-24T06:14:50.247469,BTC-USDT,1177604000,1178126000,670,5000
2025-07-24T06:14:50.254989,BTC-USDT,1177747000,1178114000,0,2041860
2025-07-24T06:14:50.735497,BTC-USDT,1177618000,0.0,2379,0.0
2025-07-24T06:14:50.738449,BTC-USDT,1177671000,0.0,0,0.0
2025-07-24T06:14:50.740695,BTC-USDT,1177669000,1178283000,8000,20000
2025-07-24T06:14:50.741614,BTC-USDT,1177633000,0.0,0,0.0
2025-07-24T06:14:50.743530,BTC-USDT,1178113000,1178114000,190,2055160
2025-07-24T06:14:50.744032,BTC-USDT,1177530000,1178256000,0,5000
2025-07-24T06:14:50.746831,BTC-USDT,1177669000,1178231000,0,0
2025-07-24T06:14:50.746973,BTC-USDT,1177750000,1178256000,24010,0
2025-07-24T06:14:50.747741,BTC-USDT,1177405000,1178114000,18692,2041860
2025-07-24T06:14:50.748505,BTC-USDT,1177584000,1178114000,20000,2046160
2025-07-24T06:14:50.753074,BTC-USDT,0.0,1178231000,0.0,4200
2025-07-24T06:14:50.753300,BTC-USDT,0.0,1178317000,0.0,20000
2025-07-24T06:14:50.780958,BTC-USDT,1177669000,0.0,8000,0.0
2025-07-24T06:14:51.668949,BTC-USDT,1177828000,0.0,24016,0.0
2025-07-24T06:14:51.673064,BTC-USDT,1177713000,0.0,20000,0.0
2025-07-24T06:14:51.674976,BTC-USDT,1177418000,0.0,51266,0.0
2025-07-24T06:14:51.782331,BTC-USDT,1178113000,0.0,179,0.0
2025-07-24T06:14:52.263295,BTC-USDT,1177476000,0.0,51330,0.0
2025-07-24T06:14:52.283248,BTC-USDT,1177418000,0.0,0,0.0
2025-07-24T06:14:52.343513,BTC-USDT,0.0,1178114000,0.0,1956695
2025-07-24T06:14:52.363268,BTC-USDT,1177534000,0.0,51330,0.0
2025-07-24T06:14:52.383328,BTC-USDT,1177476000,0.0,25665,0.0
2025-07-24T06:14:52.423597,BTC-USDT,1177476000,0.0,0,0.0
2025-07-24T06:14:52.483592,BTC-USDT,0.0,1178114000,0.0,1964195
2025-07-24T06:14:52.879541,BTC-USDT,0.0,1178114000,0.0,2096944
2025-07-24T06:14:52.886020,BTC-USDT,1177534000,0.0,0,0.0
2025-07-24T06:14:52.886184,BTC-USDT,1177476000,0.0,51330,0.0
2025-07-24T06:14:52.887506,BTC-USDT,0.0,1178114000,0.0,2081944
2025-07-24T06:14:52.887661,BTC-USDT,0.0,1178114000,0.0,2061944
2025-07-24T06:14:52.924658,BTC-USDT,0.0,1178114000,0.0,2066944
2025-07-24T06:14:53.004349,BTC-USDT,0.0,1178114000,0.0,2061944
2025-07-24T06:14:53.044175,BTC-USDT,0.0,1178114000,0.0,2051944
2025-07-24T06:14:53.725793,BTC-USDT,1177534000,0.0,51392,0.0
2025-07-24T06:14:53.745617,BTC-USDT,1177476000,0.0,0,0.0
2025-07-24T06:14:53.925833,BTC-USDT,1177860000,0.0,20000,0.0
2025-07-24T06:14:53.966047,BTC-USDT,1177641000,0.0,18692,0.0
2025-07-24T06:14:54.051045,BTC-USDT,1177641000,0.0,0,0.0
2025-07-24T06:14:54.577270,BTC-USDT,1177534000,0.0,0,0.0
2025-07-24T06:14:54.579637,BTC-USDT,1177492000,0.0,51456,0.0
2025-07-24T06:14:55.108130,BTC-USDT,1177492000,0.0,0,0.0
2025-07-24T06:14:55.129536,BTC-USDT,1177492000,0.0,51518,0.0
2025-07-24T06:14:55.168070,BTC-USDT,1177673000,0.0,139682,0.0
2025-07-24T06:14:55.254668,BTC-USDT,0.0,1178114000,0.0,2046499
2025-07-24T06:14:55.311598,BTC-USDT,0.0,1178114000,0.0,2051948
2025-07-24T06:14:55.489017,BTC-USDT,1177550000,0.0,25759,0.0
2025-07-24T06:14:55.534810,BTC-USDT,1177641000,0.0,18692,0.0
2025-07-24T06:14:55.629802,BTC-USDT,1177641000,0.0,0,0.0
2025-07-24T06:14:55.829171,BTC-USDT,1177641000,0.0,18692,0.0
2025-07-24T06:14:56.992632,BTC-USDT,0.0,1178114000,0.0,2025419
2025-07-24T06:14:57.091719,BTC-USDT,1177641000,0.0,0,0.0
2025-07-24T06:14:57.131056,BTC-USDT,1177641000,0.0,18692,0.0
2025-07-24T06:14:57.892271,BTC-USDT,1177608000,0.0,51670,0.0
2025-07-24T06:14:57.912572,BTC-USDT,1177550000,0.0,0,0.0
2025-07-24T06:14:57.932350,BTC-USDT,1177608000,0.0,0,0.0
2025-07-24T06:14:57.993255,BTC-USDT,1177608000,0.0,51670,0.0
2025-07-24T06:14:58.012534,BTC-USDT,1177550000,0.0,0,0.0
2025-07-24T06:14:58.033973,BTC-USDT,0.0,1178114000,0.0,2040419
2025-07-24T06:14:58.072330,BTC-USDT,1177641000,0.0,0,0.0
2025-07-24T06:14:58.112736,BTC-USDT,1177608000,1178114000,0,2025419
2025-07-24T06:14:58.152490,BTC-USDT,1177550000,0.0,51742,0.0
2025-07-24T06:14:58.534479,BTC-USDT,1177641000,0.0,18692,0.0
2025-07-24T06:14:58.534513,BTC-USDT,1177608000,0.0,25871,0.0
2025-07-24T06:14:58.902178,BTC-USDT,1177608000,1178114000,51742,2040419
2025-07-24T06:14:58.908847,BTC-USDT,0.0,1178114000,0.0,2028878
2025-07-24T06:14:58.910591,BTC-USDT,0.0,1178114000,0.0,2040513
2025-07-24T06:14:58.915527,BTC-USDT,0.0,1178114000,0.0,2013254
2025-07-24T06:14:58.974723,BTC-USDT,0.0,1178114000,0.0,2040534
2025-07-24T06:14:59.195042,BTC-USDT,0.0,1178114000,0.0,2070534
2025-07-24T06:14:59.294941,BTC-USDT,0.0,1178114000,0.0,2040534
2025-07-24T06:15:00.235340,BTC-USDT,0.0,1178114000,0.0,1945285
2025-07-24T06:15:00.856147,BTC-USDT,0.0,1178114000,0.0,2040377
2025-07-24T06:15:00.863815,BTC-USDT,0.0,1178114000,0.0,2070377
2025-07-24T06:15:00.866571,BTC-USDT,1177949000,1178114000,24015,1975285
2025-07-24T06:15:00.866703,BTC-USDT,1177652000,0.0,52821,0.0
2025-07-24T06:15:00.868631,BTC-USDT,1177608000,0.0,0,0.0
2025-07-24T06:15:00.871234,BTC-USDT,0.0,1178231000,0.0,0
2025-07-24T06:15:00.872916,BTC-USDT,0.0,1178114000,0.0,1975085
2025-07-24T06:15:00.876009,BTC-USDT,0.0,1178240000,0.0,5001
2025-07-24T06:15:00.901256,BTC-USDT,1177627000,0.0,23836,0.0
2025-07-24T06:15:00.906814,BTC-USDT,0.0,1178114000,0.0,2070166
2025-07-24T06:15:00.910788,BTC-USDT,0.0,1178231000,0.0,4100
2025-07-24T06:15:00.914295,BTC-USDT,0.0,1178114000,0.0,1933405
2025-07-24T06:15:00.917038,BTC-USDT,1177618000,1178114000,0,1350929
2025-07-24T06:15:00.919014,BTC-USDT,1177870000,1178114000,2379,1193602
2025-07-24T06:15:00.921798,BTC-USDT,1178086000,1178114000,0,1171102
2025-07-24T06:15:00.941771,BTC-USDT,1178016000,1178114000,24015,1192744
2025-07-24T06:15:00.959161,BTC-USDT,0.0,1178114000,0.0,1226571
2025-07-24T06:15:00.998545,BTC-USDT,1178113000,1178077000,0,35241
2025-07-24T06:15:01.018449,BTC-USDT,1178076000,1178077000,202,887233
2025-07-24T06:15:01.039016,BTC-USDT,0.0,1178116000,0.0,0
2025-07-24T06:15:01.077690,BTC-USDT,1178076000,1178077000,201,1477942
2025-07-24T06:15:01.098481,BTC-USDT,1177734000,1178077000,4116,1729899
2025-07-24T06:15:01.137970,BTC-USDT,0.0,1178077000,0.0,1694658
2025-07-24T06:15:01.177038,BTC-USDT,1178076000,1178076000,0,211446
2025-07-24T06:15:01.686055,BTC-USDT,0.0,1178076000,0.0,600369
2025-07-24T06:15:01.694202,BTC-USDT,0.0,1178076000,0.0,975654
2025-07-24T06:15:01.696608,BTC-USDT,0.0,1178076000,0.0,1331298
2025-07-24T06:15:01.698013,BTC-USDT,0.0,1178077000,0.0,127365
2025-07-24T06:15:01.698660,BTC-USDT,0.0,1178076000,0.0,1331305
2025-07-24T06:15:01.700288,BTC-USDT,1177904000,1178076000,8000,1361305
2025-07-24T06:15:01.701068,BTC-USDT,0.0,1178076000,0.0,1363589
2025-07-24T06:15:01.701972,BTC-USDT,0.0,1178080000,0.0,2841
2025-07-24T06:15:01.703886,BTC-USDT,1178016000,1178076000,0,1371089
2025-07-24T06:15:01.704811,BTC-USDT,1177904000,1178278000,0,320925
2025-07-24T06:15:01.705541,BTC-USDT,1177815000,1178351000,0,18989
2025-07-24T06:15:01.706382,BTC-USDT,1177860000,0.0,0,0.0
2025-07-24T06:15:01.707008,BTC-USDT,1177626000,0.0,20837,0.0
2025-07-24T06:15:01.719028,BTC-USDT,1177567000,1178076000,20000,1396831
2025-07-24T06:15:01.738948,BTC-USDT,0.0,1178114000,0.0,0
2025-07-24T06:15:01.797927,BTC-USDT,0.0,1178076000,0.0,1434067
2025-07-24T06:15:01.917928,BTC-USDT,1177743000,1178299000,20000,20000
2025-07-24T06:15:02.453218,BTC-USDT,0.0,1178109000,0.0,0
2025-07-24T06:15:02.470172,BTC-USDT,0.0,1178076000,0.0,1439067
2025-07-24T06:15:02.479170,BTC-USDT,0.0,1178076000,0.0,1451567
2025-07-24T06:15:02.485700,BTC-USDT,0.0,1178096000,0.0,5000
2025-07-24T06:15:02.492137,BTC-USDT,0.0,1178205000,0.0,0
2025-07-24T06:15:02.497691,BTC-USDT,0.0,1178076000,0.0,1480310
2025-07-24T06:15:02.504225,BTC-USDT,0.0,1178076000,0.0,1482810
2025-07-24T06:15:02.507980,BTC-USDT,1177734000,0.0,0,0.0
2025-07-24T06:15:02.512483,BTC-USDT,1177930000,1178194000,0,59646
2025-07-24T06:15:02.519537,BTC-USDT,1177788000,0.0,2379,0.0
2025-07-24T06:15:02.523057,BTC-USDT,0.0,1178076000,0.0,1475310
2025-07-24T06:15:02.526071,BTC-USDT,1177624000,1178076000,26678,1467810
2025-07-24T06:15:02.529662,BTC-USDT,1177669000,1178257000,0,58592
2025-07-24T06:15:02.531691,BTC-USDT,1177845000,1178077000,24008,0
2025-07-24T06:15:02.535044,BTC-USDT,1177582000,0.0,51974,0.0
2025-07-24T06:15:02.582500,BTC-USDT,0.0,1178076000,0.0,1562950
2025-07-24T06:15:02.699502,BTC-USDT,0.0,1178076000,0.0,1467810
2025-07-24T06:15:02.799408,BTC-USDT,0.0,1178076000,0.0,1562945
2025-07-24T06:15:02.839537,BTC-USDT,0.0,1178076000,0.0,1592945
2025-07-24T06:15:02.879653,BTC-USDT,0.0,1178167000,0.0,5000
2025-07-24T06:15:02.939675,BTC-USDT,1177701000,1178076000,20000,1509145
2025-07-24T06:15:03.160090,BTC-USDT,0.0,1178096000,0.0,203111
2025-07-24T06:15:04.075451,BTC-USDT,0.0,1178076000,0.0,1592845
2025-07-24T06:15:04.902783,BTC-USDT,0.0,1178076000,0.0,1590922
2025-07-24T06:15:05.183060,BTC-USDT,1177705000,0.0,661,0.0
2025-07-24T06:15:05.225470,BTC-USDT,0.0,1178076000,0.0,1412087
2025-07-24T06:15:05.243622,BTC-USDT,0.0,1178076000,0.0,1372087
2025-07-24T06:15:05.263244,BTC-USDT,0.0,1178207000,0.0,5000
2025-07-24T06:15:05.283398,BTC-USDT,0.0,1178076000,0.0,1369587
2025-07-24T06:15:05.323904,BTC-USDT,0.0,1178076000,0.0,1371511
2025-07-24T06:15:05.344612,BTC-USDT,1177701000,1178076000,0,1491590
2025-07-24T06:15:05.363816,BTC-USDT,0.0,1178076000,0.0,1499090
2025-07-24T06:15:05.403795,BTC-USDT,1177669000,1178076000,0,1504090
2025-07-24T06:15:05.443826,BTC-USDT,0.0,1178096000,0.0,0
2025-07-24T06:15:05.464250,BTC-USDT,1177841000,1178076000,91959,1409011
2025-07-24T06:15:05.503983,BTC-USDT,1177976000,1178076000,24008,1371511
2025-07-24T06:15:05.566845,BTC-USDT,1177647000,1178076000,52130,1474090
2025-07-24T06:15:05.603814,BTC-USDT,1177582000,1178076000,0,1504090
2025-07-24T06:15:05.664249,BTC-USDT,0.0,1178076000,0.0,1509090
2025-07-24T06:15:05.684540,BTC-USDT,0.0,1178106000,0.0,0
2025-07-24T06:15:05.726273,BTC-USDT,0.0,1178092000,0.0,0
2025-07-24T06:15:05.784279,BTC-USDT,0.0,1178161000,0.0,0
2025-07-24T06:15:06.220366,BTC-USDT,0.0,1178097000,0.0,7500
2025-07-24T06:15:06.226699,BTC-USDT,0.0,1178110000,0.0,0
2025-07-24T06:15:06.227497,BTC-USDT,1177842000,1178097000,83700,0
2025-07-24T06:15:06.228385,BTC-USDT,1177669000,1178218000,8000,0
2025-07-24T06:15:06.229973,BTC-USDT,0.0,1178076000,0.0,1506590
2025-07-24T06:15:06.230071,BTC-USDT,0.0,1178076000,0.0,1471590
2025-07-24T06:15:06.230849,BTC-USDT,0.0,1178284000,0.0,0
2025-07-24T06:15:06.232260,BTC-USDT,1177593000,0.0,0,0.0
2025-07-24T06:15:06.232378,BTC-USDT,1177847000,0.0,20000,0.0
2025-07-24T06:15:06.233049,BTC-USDT,0.0,1178076000,0.0,1376511
2025-07-24T06:15:06.233920,BTC-USDT,1177788000,0.0,0,0.0
2025-07-24T06:15:06.266093,BTC-USDT,1177870000,1178076000,2379,1371511
2025-07-24T06:15:06.317680,BTC-USDT,0.0,1178076000,0.0,1466608
2025-07-24T06:15:06.325907,BTC-USDT,0.0,1178195000,0.0,0
2025-07-24T06:15:06.365707,BTC-USDT,0.0,1178116000,0.0,5000
2025-07-24T06:15:06.505990,BTC-USDT,1177976000,0.0,0,0.0
2025-07-24T06:15:06.526444,BTC-USDT,1177972000,0.0,24011,0.0
2025-07-24T06:15:06.567105,BTC-USDT,1177847000,1178076000,0,1469108
2025-07-24T06:15:06.846116,BTC-USDT,1177871000,1178080000,83700,0
2025-07-24T06:15:06.926910,BTC-USDT,0.0,1178076000,0.0,1501608
2025-07-24T06:15:06.946955,BTC-USDT,0.0,1178076000,0.0,1506608
2025-07-24T06:15:07.024190,BTC-USDT,1178075000,1178076000,201,1506608
2025-07-24T06:15:08.122721,BTC-USDT,0.0,1178076000,0.0,1474108
2025-07-24T06:15:08.126738,BTC-USDT,0.0,1178076000,0.0,1469108
2025-07-24T06:15:08.127835,BTC-USDT,1177842000,1178120000,0,5000
2025-07-24T06:15:08.148347,BTC-USDT,0.0,1178076000,0.0,1466608
2025-07-24T06:15:08.328652,BTC-USDT,0.0,1178308000,0.0,0
2025-07-24T06:15:08.368988,BTC-USDT,1177829000,0.0,23967,0.0
2025-07-24T06:15:08.529011,BTC-USDT,0.0,1178076000,0.0,1469108
2025-07-24T06:15:08.669081,BTC-USDT,0.0,1178076000,0.0,1466608
2025-07-24T06:15:08.929579,BTC-USDT,0.0,1178076000,0.0,1469108
2025-07-24T06:15:09.050358,BTC-USDT,0.0,1178076000,0.0,1466608
2025-07-24T06:15:09.391799,BTC-USDT,0.0,1178076000,0.0,1447575
2025-07-24T06:15:09.470858,BTC-USDT,0.0,1178076000,0.0,1352478
2025-07-24T06:15:09.490727,BTC-USDT,1177870000,0.0,0,0.0
2025-07-24T06:15:09.510842,BTC-USDT,1177994000,1178076000,2379,1326736
2025-07-24T06:15:09.530594,BTC-USDT,0.0,1178120000,0.0,0
2025-07-24T06:15:09.550591,BTC-USDT,0.0,1178239000,0.0,5000
2025-07-24T06:15:09.571075,BTC-USDT,0.0,1178076000,0.0,1421704
2025-07-24T06:15:09.830961,BTC-USDT,1177871000,0.0,0,0.0
2025-07-24T06:15:10.184280,BTC-USDT,0.0,1178232000,0.0,26411
2025-07-24T06:15:10.188196,BTC-USDT,0.0,1178076000,0.0,1421790
2025-07-24T06:15:10.189017,BTC-USDT,1177937000,0.0,975,0.0
2025-07-24T06:15:10.211500,BTC-USDT,1178075000,0.0,137307,0.0
2025-07-24T06:15:10.231993,BTC-USDT,1178075000,1178076000,398112,1007470
2025-07-24T06:15:10.271631,BTC-USDT,1178075000,1178077000,379732,201
2025-07-24T06:15:10.331692,BTC-USDT,1177721000,1178076000,18380,1102443
2025-07-24T06:15:10.351671,BTC-USDT,0.0,1178317000,0.0,5000
2025-07-24T06:15:10.452418,BTC-USDT,0.0,1178076000,0.0,1102495
2025-07-24T06:15:10.471800,BTC-USDT,1178059000,0.0,131859,0.0
2025-07-24T06:15:10.491819,BTC-USDT,1178075000,0.0,398112,0.0
2025-07-24T06:15:10.732652,BTC-USDT,1178075000,1178076000,424995,644092
2025-07-24T06:15:10.752947,BTC-USDT,1178075000,1178076000,723395,495074
2025-07-24T06:15:10.792582,BTC-USDT,1178075000,1178232000,840256,0
2025-07-24T06:15:10.892480,BTC-USDT,0.0,1178076000,0.0,590023
2025-07-24T06:15:10.912544,BTC-USDT,0.0,1178320000,0.0,26411
2025-07-24T06:15:11.513647,BTC-USDT,1178075000,0.0,840252,0.0
2025-07-24T06:15:12.074983,BTC-USDT,0.0,1178076000,0.0,590055
2025-07-24T06:15:12.094811,BTC-USDT,1178017000,0.0,25145,0.0
2025-07-24T06:15:12.837115,BTC-USDT,0.0,1178079000,0.0,2904
2025-07-24T06:15:12.841045,BTC-USDT,0.0,1178076000,0.0,378965
2025-07-24T06:15:12.841495,BTC-USDT,0.0,1178152000,0.0,0
2025-07-24T06:15:12.875158,BTC-USDT,0.0,1178079000,0.0,0
2025-07-24T06:15:12.915147,BTC-USDT,1178075000,0.0,865397,0.0
2025-07-24T06:15:13.115460,BTC-USDT,0.0,1178233000,0.0,0
2025-07-24T06:15:13.776188,BTC-USDT,1178075000,0.0,837702,0.0
2025-07-24T06:15:13.780061,BTC-USDT,1178075000,0.0,865420,0.0
2025-07-24T06:15:13.781087,BTC-USDT,0.0,1178317000,0.0,0
2025-07-24T06:15:13.781567,BTC-USDT,1178075000,1178391000,838537,5000
2025-07-24T06:15:13.782438,BTC-USDT,1178075000,0.0,865443,0.0
2025-07-24T06:15:13.782754,BTC-USDT,0.0,1178159000,0.0,0
2025-07-24T06:15:13.782807,BTC-USDT,0.0,1178320000,0.0,0
2025-07-24T06:15:14.037024,BTC-USDT,1178075000,1178076000,1466777,199949
2025-07-24T06:15:14.077179,BTC-USDT,1178075000,0.0,1512531,0.0
2025-07-24T06:15:14.154582,BTC-USDT,0.0,1178076000,0.0,105000
2025-07-24T06:15:14.259052,BTC-USDT,0.0,1178076000,0.0,199918
2025-07-24T06:15:14.357655,BTC-USDT,0.0,1178357000,0.0,0
2025-07-24T06:15:14.437811,BTC-USDT,1177922000,1178454000,57117,0
2025-07-24T06:15:14.478919,BTC-USDT,1177905000,0.0,59225,0.0
2025-07-24T06:15:14.538053,BTC-USDT,0.0,1178076000,0.0,105000
2025-07-24T06:15:14.558779,BTC-USDT,0.0,1178233000,0.0,0
2025-07-24T06:15:14.599167,BTC-USDT,0.0,1178259000,0.0,0
2025-07-24T06:15:14.658131,BTC-USDT,0.0,1178115000,0.0,94906
2025-07-24T06:15:14.798240,BTC-USDT,0.0,1178276000,0.0,76900
2025-07-24T06:15:14.858390,BTC-USDT,1177787000,0.0,94912,0.0
2025-07-24T06:15:14.901734,BTC-USDT,0.0,1178276000,0.0,0
2025-07-24T06:15:15.078728,BTC-USDT,0.0,1178076000,0.0,30000
2025-07-24T06:15:15.240065,BTC-USDT,1178038000,0.0,105166,0.0
2025-07-24T06:15:15.759812,BTC-USDT,0.0,1178276000,0.0,83800
2025-07-24T06:15:16.154860,BTC-USDT,1177787000,0.0,1,0.0
2025-07-24T06:15:16.156914,BTC-USDT,0.0,1178194000,0.0,0
2025-07-24T06:15:16.157552,BTC-USDT,1177807000,1178352000,94911,5000
2025-07-24T06:15:16.158846,BTC-USDT,1177807000,1178194000,0,18380
2025-07-24T06:15:16.160498,BTC-USDT,0.0,1178194000,0.0,0
2025-07-24T06:15:16.162553,BTC-USDT,1177805000,1178307000,94874,0
2025-07-24T06:15:16.162598,BTC-USDT,0.0,1178312000,0.0,0
2025-07-24T06:15:16.201054,BTC-USDT,0.0,1178469000,0.0,18380
2025-07-24T06:15:16.420779,BTC-USDT,0.0,1178352000,0.0,0
2025-07-24T06:15:16.460466,BTC-USDT,0.0,1178393000,0.0,5000
2025-07-24T06:15:16.500916,BTC-USDT,0.0,1178297000,0.0,0
2025-07-24T06:15:16.560922,BTC-USDT,1178075000,0.0,1512527,0.0
2025-07-24T06:15:16.741014,BTC-USDT,0.0,1178271000,0.0,83800
2025-07-24T06:15:16.781138,BTC-USDT,0.0,1178276000,0.0,0
2025-07-24T06:15:17.201526,BTC-USDT,0.0,1178194000,0.0,18380
2025-07-24T06:15:17.282179,BTC-USDT,0.0,1178194000,0.0,0
2025-07-24T06:15:17.562385,BTC-USDT,0.0,1178194000,0.0,18380
2025-07-24T06:15:17.938644,BTC-USDT,0.0,1178194000,0.0,0
2025-07-24T06:15:17.942012,BTC-USDT,0.0,1178251000,0.0,71800
2025-07-24T06:15:17.942855,BTC-USDT,0.0,1178251000,0.0,0
2025-07-24T06:15:17.943505,BTC-USDT,0.0,1178340000,0.0,2500
2025-07-24T06:15:17.944108,BTC-USDT,0.0,1178407000,0.0,2500
2025-07-24T06:15:18.163623,BTC-USDT,0.0,1178393000,0.0,12500
2025-07-24T06:15:18.327482,BTC-USDT,1177922000,0.0,0,0.0
2025-07-24T06:15:18.345522,BTC-USDT,1177905000,0.0,0,0.0
2025-07-24T06:15:18.371739,BTC-USDT,1177805000,0.0,0,0.0
2025-07-24T06:15:18.902637,BTC-USDT,1177845000,0.0,94800,0.0
2025-07-24T06:15:18.906287,BTC-USDT,0.0,1178240000,0.0,83801
2025-07-24T06:15:18.908380,BTC-USDT,0.0,1178194000,0.0,18380
2025-07-24T06:15:18.909731,BTC-USDT,0.0,1178399000,0.0,5000
2025-07-24T06:15:18.910084,BTC-USDT,1177845000,0.0,0,0.0
2025-07-24T06:15:18.910977,BTC-USDT,1178075000,1178076000,1081877,191812
2025-07-24T06:15:18.911283,BTC-USDT,1177962000,1178139000,0,0
2025-07-24T06:15:18.944298,BTC-USDT,1177946000,1178389000,0,57051
2025-07-24T06:15:19.393696,BTC-USDT,1177904000,1178389000,0,49551
2025-07-24T06:15:19.399209,BTC-USDT,0.0,1178321000,0.0,25661
2025-07-24T06:15:19.400227,BTC-USDT,1177832000,0.0,0,0.0
2025-07-24T06:15:19.401946,BTC-USDT,1178075000,0.0,944771,0.0
2025-07-24T06:15:19.402579,BTC-USDT,1178075000,1178340000,782520,0
2025-07-24T06:15:19.402954,BTC-USDT,1177965000,1178076000,20000,191844
2025-07-24T06:15:19.403705,BTC-USDT,1178075000,0.0,732073,0.0
2025-07-24T06:15:19.425104,BTC-USDT,0.0,1178076000,0.0,209016
2025-07-24T06:15:19.465270,BTC-USDT,0.0,1178076000,0.0,227396
2025-07-24T06:15:19.508908,BTC-USDT,1178075000,1178076000,105512,739870
2025-07-24T06:15:19.545439,BTC-USDT,0.0,1178124000,0.0,108756
2025-07-24T06:15:19.605692,BTC-USDT,0.0,1178143000,0.0,121487
2025-07-24T06:15:19.705663,BTC-USDT,0.0,1178240000,0.0,1
2025-07-24T06:15:20.079940,BTC-USDT,1178075000,0.0,71685,0.0
2025-07-24T06:15:20.084102,BTC-USDT,1178059000,1178076000,0,773697
2025-07-24T06:15:20.084810,BTC-USDT,1178075000,1178076000,24204,847776
2025-07-24T06:15:20.085511,BTC-USDT,1177721000,0.0,19038,0.0
2025-07-24T06:15:20.166396,BTC-USDT,0.0,1178393000,0.0,0
2025-07-24T06:15:20.691633,BTC-USDT,0.0,1178076000,0.0,829396
2025-07-24T06:15:20.712055,BTC-USDT,0.0,1178082000,0.0,0
2025-07-24T06:15:21.264382,BTC-USDT,1177914000,0.0,20000,0.0
2025-07-24T06:15:21.269166,BTC-USDT,1177772000,0.0,57165,0.0
2025-07-24T06:15:21.270066,BTC-USDT,0.0,1178266000,0.0,2500
2025-07-24T06:15:21.448286,BTC-USDT,1178075000,0.0,24193,0.0
2025-07-24T06:15:21.468236,BTC-USDT,0.0,1178076000,0.0,804336
2025-07-24T06:15:21.826914,BTC-USDT,1178075000,0.0,190,0.0
2025-07-24T06:15:21.831738,BTC-USDT,1178048000,0.0,24004,0.0
2025-07-24T06:15:21.832819,BTC-USDT,1178075000,1178075000,0,176205
2025-07-24T06:15:21.833260,BTC-USDT,0.0,1178075000,0.0,260005
2025-07-24T06:15:21.834108,BTC-USDT,0.0,1178076000,0.0,284859
2025-07-24T06:15:21.834542,BTC-USDT,0.0,1178075000,0.0,279043
2025-07-24T06:15:21.834581,BTC-USDT,0.0,1178075000,0.0,922561
2025-07-24T06:15:21.834612,BTC-USDT,0.0,1178075000,0.0,993624
2025-07-24T06:15:21.850497,BTC-USDT,0.0,1178076000,0.0,90796
2025-07-24T06:15:21.889059,BTC-USDT,0.0,1178075000,0.0,1017662
2025-07-24T06:15:21.929462,BTC-USDT,0.0,1178075000,0.0,1072224
2025-07-24T06:15:21.969174,BTC-USDT,0.0,1178076000,0.0,0
2025-07-24T06:15:22.475384,BTC-USDT,0.0,1178075000,0.0,1053186
2025-07-24T06:15:22.479170,BTC-USDT,1178074000,0.0,24406,0.0
2025-07-24T06:15:22.480270,BTC-USDT,0.0,1178075000,0.0,1089420
2025-07-24T06:15:22.529482,BTC-USDT,0.0,1178075000,0.0,1088088
2025-07-24T06:15:22.590250,BTC-USDT,0.0,1178075000,0.0,1084434
2025-07-24T06:15:22.609569,BTC-USDT,0.0,1178075000,0.0,1089536
2025-07-24T06:15:22.669706,BTC-USDT,0.0,1178075000,0.0,1005736
2025-07-24T06:15:22.910953,BTC-USDT,1178074000,0.0,24406,0.0
2025-07-24T06:15:22.951166,BTC-USDT,0.0,1178301000,0.0,7500
2025-07-24T06:15:23.010295,BTC-USDT,0.0,1178301000,0.0,0
2025-07-24T06:15:23.947220,BTC-USDT,1177939000,0.0,67500,0.0
2025-07-24T06:15:23.953289,BTC-USDT,1178074000,1178075000,398964,897830
2025-07-24T06:15:23.954441,BTC-USDT,0.0,1178075000,0.0,721826
2025-07-24T06:15:23.955472,BTC-USDT,0.0,1178075000,0.0,721826
2025-07-24T06:15:23.956405,BTC-USDT,1178074000,1178075000,891664,192158
2025-07-24T06:15:23.957044,BTC-USDT,1178074000,1178266000,900281,0
2025-07-24T06:15:23.957814,BTC-USDT,0.0,1178124000,0.0,0
2025-07-24T06:15:23.992218,BTC-USDT,1178074000,1178149000,1001999,0
2025-07-24T06:15:24.031197,BTC-USDT,1178074000,0.0,1076036,0.0
2025-07-24T06:15:24.071393,BTC-USDT,0.0,1178117000,0.0,94949
2025-07-24T06:15:24.091285,BTC-USDT,1178074000,0.0,1101575,0.0
2025-07-24T06:15:24.272287,BTC-USDT,1178074000,1178075000,1171879,30201
2025-07-24T06:15:24.422929,BTC-USDT,0.0,1178422000,0.0,2856
2025-07-24T06:15:24.449131,BTC-USDT,1177883000,1178117000,94949,0
2025-07-24T06:15:24.759216,BTC-USDT,1177939000,0.0,0,0.0
2025-07-24T06:15:24.972556,BTC-USDT,1178023000,0.0,692,0.0
2025-07-24T06:15:25.092649,BTC-USDT,0.0,1178166000,0.0,0
2025-07-24T06:15:25.112846,BTC-USDT,0.0,1178208000,0.0,0
2025-07-24T06:15:25.152554,BTC-USDT,0.0,1178221000,0.0,20000
2025-07-24T06:15:25.273699,BTC-USDT,0.0,1178188000,0.0,94901
2025-07-24T06:15:25.625650,BTC-USDT,1178074000,0.0,1155090,0.0
2025-07-24T06:15:25.673473,BTC-USDT,1178074000,0.0,1171895,0.0
2025-07-24T06:15:27.000342,BTC-USDT,1178074000,0.0,1171894,0.0
2025-07-24T06:15:27.005768,BTC-USDT,0.0,1178193000,0.0,19038
2025-07-24T06:15:27.007266,BTC-USDT,0.0,1178193000,0.0,0
2025-07-24T06:15:28.519414,BTC-USDT,0.0,1178193000,0.0,19038
2025-07-24T06:15:28.738030,BTC-USDT,0.0,1178193000,0.0,0
2025-07-24T06:15:28.798681,BTC-USDT,0.0,1178193000,0.0,19038
2025-07-24T06:15:29.419509,BTC-USDT,1178069000,1178139000,20000,0
2025-07-24T06:15:29.439547,BTC-USDT,1178074000,1178075000,1859296,201
2025-07-24T06:15:29.479247,BTC-USDT,1178075000,1178075000,105723,0
2025-07-24T06:15:29.500139,BTC-USDT,1178075000,1178077000,530051,402
2025-07-24T06:15:29.520282,BTC-USDT,1178075000,1178685000,1152031,26333
2025-07-24T06:15:29.541020,BTC-USDT,1178075000,1178715000,1825849,43539
2025-07-24T06:15:29.599570,BTC-USDT,1178075000,1178684000,2131068,26307
2025-07-24T06:15:29.639473,BTC-USDT,0.0,1178428000,0.0,83800
2025-07-24T06:15:29.679677,BTC-USDT,1178074000,1178310000,38749,86316
2025-07-24T06:15:30.247722,BTC-USDT,1178074000,0.0,402,0.0
2025-07-24T06:15:30.255945,BTC-USDT,1178075000,0.0,2150832,0.0
2025-07-24T06:15:30.256561,BTC-USDT,1178075000,1178375000,2189179,8000
2025-07-24T06:15:30.257801,BTC-USDT,1178075000,0.0,2209179,0.0
2025-07-24T06:15:30.258267,BTC-USDT,1177942000,1178310000,0,0
2025-07-24T06:15:30.260988,BTC-USDT,0.0,1178375000,0.0,0
2025-07-24T06:15:30.280635,BTC-USDT,0.0,1178451000,0.0,0
2025-07-24T06:15:30.321710,BTC-USDT,0.0,1178217000,0.0,94841
2025-07-24T06:15:30.361150,BTC-USDT,0.0,1178375000,0.0,8000
2025-07-24T06:15:30.380799,BTC-USDT,0.0,1178571000,0.0,0
2025-07-24T06:15:30.441072,BTC-USDT,0.0,1178641000,0.0,26323
2025-07-24T06:15:30.480858,BTC-USDT,0.0,1178686000,0.0,0
2025-07-24T06:15:30.721640,BTC-USDT,0.0,1178217000,0.0,0
2025-07-24T06:15:30.821979,BTC-USDT,0.0,1178263000,0.0,0
2025-07-24T06:15:30.922072,BTC-USDT,0.0,1178265000,0.0,94806
2025-07-24T06:15:30.942090,BTC-USDT,0.0,1178433000,0.0,20000
2025-07-24T06:15:30.961813,BTC-USDT,0.0,1178375000,0.0,16000
2025-07-24T06:15:30.982544,BTC-USDT,0.0,1178265000,0.0,0
2025-07-24T06:15:31.001740,BTC-USDT,0.0,1178699000,0.0,0
2025-07-24T06:15:31.457615,BTC-USDT,0.0,1178665000,0.0,45231
2025-07-24T06:15:31.463062,BTC-USDT,0.0,1178665000,0.0,19038
2025-07-24T06:15:31.784062,BTC-USDT,0.0,1178258000,0.0,94805
2025-07-24T06:15:31.785259,BTC-USDT,0.0,1178661000,0.0,26193
2025-07-24T06:15:31.786620,BTC-USDT,0.0,1178661000,0.0,52475
2025-07-24T06:15:31.787292,BTC-USDT,0.0,1178375000,0.0,24000
2025-07-24T06:15:31.787934,BTC-USDT,1178075000,0.0,2209176,0.0
2025-07-24T06:15:31.789238,BTC-USDT,0.0,1178374000,0.0,83800
2025-07-24T06:15:31.790028,BTC-USDT,0.0,1178374000,0.0,0
2025-07-24T06:15:31.790646,BTC-USDT,0.0,1178661000,0.0,0
2025-07-24T06:15:32.413920,BTC-USDT,0.0,1178661000,0.0,26282
2025-07-24T06:15:32.422759,BTC-USDT,0.0,1178604000,0.0,26307
2025-07-24T06:15:32.425180,BTC-USDT,0.0,1178641000,0.0,0
2025-07-24T06:15:32.425912,BTC-USDT,1178075000,1178375000,2189176,8000
2025-07-24T06:15:32.427547,BTC-USDT,0.0,1178375000,0.0,0
2025-07-24T06:15:32.430209,BTC-USDT,0.0,1178635000,0.0,43539
2025-07-24T06:15:32.444671,BTC-USDT,1178075000,1178375000,2209176,24000
2025-07-24T06:15:32.564828,BTC-USDT,1178075000,1178374000,2182508,83800
2025-07-24T06:15:32.585057,BTC-USDT,1178075000,0.0,2209244,0.0
2025-07-24T06:15:32.706063,BTC-USDT,0.0,1178374000,0.0,0
2025-07-24T06:15:33.816785,BTC-USDT,0.0,1178374000,0.0,83800
2025-07-24T06:15:33.822713,BTC-USDT,0.0,1178312000,0.0,18590
2025-07-24T06:15:33.824045,BTC-USDT,0.0,1178312000,0.0,0
2025-07-24T06:15:33.825502,BTC-USDT,0.0,1178666000,0.0,18590
2025-07-24T06:15:33.828797,BTC-USDT,0.0,1178374000,0.0,0
2025-07-24T06:15:33.887575,BTC-USDT,0.0,1178661000,0.0,26178
2025-07-24T06:15:33.947002,BTC-USDT,0.0,1178661000,0.0,52430
2025-07-24T06:15:34.459320,BTC-USDT,0.0,1178258000,0.0,0
2025-07-24T06:15:34.464087,BTC-USDT,0.0,1178604000,0.0,0
2025-07-24T06:15:34.464972,BTC-USDT,0.0,1178430000,0.0,0
2025-07-24T06:15:34.465507,BTC-USDT,0.0,1178334000,0.0,0
2025-07-24T06:15:34.466108,BTC-USDT,0.0,1178348000,0.0,94771
2025-07-24T06:15:34.467556,BTC-USDT,0.0,1178438000,0.0,94071
2025-07-24T06:15:34.468085,BTC-USDT,0.0,1178430000,0.0,18590
2025-07-24T06:15:35.041243,BTC-USDT,0.0,1178590000,0.0,26270
2025-07-24T06:15:35.045737,BTC-USDT,1178075000,0.0,2200411,0.0
2025-07-24T06:15:35.048153,BTC-USDT,1178075000,0.0,2171635,0.0
2025-07-24T06:15:35.048520,BTC-USDT,1178075000,0.0,2137808,0.0
2025-07-24T06:15:35.049171,BTC-USDT,1178075000,0.0,2175471,0.0
2025-07-24T06:15:35.489392,BTC-USDT,1178075000,0.0,2209341,0.0
2025-07-24T06:15:35.494119,BTC-USDT,0.0,1178590000,0.0,0
2025-07-24T06:15:35.629737,BTC-USDT,1177931000,0.0,0,0.0
2025-07-24T06:15:35.649646,BTC-USDT,1177996000,0.0,94760,0.0
2025-07-24T06:15:36.329043,BTC-USDT,0.0,1178590000,0.0,26259
2025-07-24T06:15:36.780077,BTC-USDT,0.0,1178590000,0.0,52386
2025-07-24T06:15:36.785089,BTC-USDT,1178075000,0.0,2068377,0.0
2025-07-24T06:15:36.786311,BTC-USDT,1178076000,1178076000,35241,0
2025-07-24T06:15:36.787240,BTC-USDT,1178076000,1178347000,532055,83800
2025-07-24T06:15:36.787770,BTC-USDT,1178076000,0.0,507683,0.0
2025-07-24T06:15:36.800393,BTC-USDT,1178076000,0.0,423883,0.0
2025-07-24T06:15:36.800613,BTC-USDT,1178075000,1178077000,24626,22243
2025-07-24T06:15:36.801237,BTC-USDT,1178076000,1178077000,149671,21429
2025-07-24T06:15:36.802724,BTC-USDT,1178075000,1178158000,4046,201
2025-07-24T06:15:36.808047,BTC-USDT,0.0,1178078000,0.0,201
2025-07-24T06:15:36.873382,BTC-USDT,0.0,1178269000,0.0,2866
2025-07-24T06:15:36.921222,BTC-USDT,1178076000,1178077000,890976,0
2025-07-24T06:15:36.931543,BTC-USDT,1178077000,1178375000,316802,0
2025-07-24T06:15:36.971580,BTC-USDT,1178077000,1178548000,693524,18590
2025-07-24T06:15:37.011855,BTC-USDT,1178077000,1178078000,720430,0
2025-07-24T06:15:37.032183,BTC-USDT,1178157000,1178157000,70482,0
2025-07-24T06:15:37.053156,BTC-USDT,1178157000,0.0,124313,0.0
2025-07-24T06:15:37.073963,BTC-USDT,1178157000,0.0,177428,0.0
2025-07-24T06:15:37.092793,BTC-USDT,1178157000,0.0,308955,0.0
2025-07-24T06:15:37.133478,BTC-USDT,1178157000,1178269000,421685,0
2025-07-24T06:15:37.173262,BTC-USDT,1178157000,0.0,659753,0.0
2025-07-24T06:15:37.192831,BTC-USDT,0.0,1178158000,0.0,38634
2025-07-24T06:15:37.213716,BTC-USDT,0.0,1178158000,0.0,192514
2025-07-24T06:15:37.253016,BTC-USDT,1178078000,1178276000,0,18590
2025-07-24T06:15:37.294175,BTC-USDT,1178157000,0.0,693623,0.0
2025-07-24T06:15:37.333231,BTC-USDT,1178157000,1178276000,724829,0
2025-07-24T06:15:37.794337,BTC-USDT,1178023000,0.0,20692,0.0
2025-07-24T06:15:37.801682,BTC-USDT,0.0,1178232000,0.0,94744
2025-07-24T06:15:37.802119,BTC-USDT,0.0,1178309000,0.0,20000
2025-07-24T06:15:37.802855,BTC-USDT,0.0,1178362000,0.0,83800
2025-07-24T06:15:37.803437,BTC-USDT,0.0,1178276000,0.0,18590
2025-07-24T06:15:37.803738,BTC-USDT,1178157000,0.0,706239,0.0
2025-07-24T06:15:37.804367,BTC-USDT,1178157000,0.0,724829,0.0
2025-07-24T06:15:37.894385,BTC-USDT,1178157000,0.0,706239,0.0
2025-07-24T06:15:37.994417,BTC-USDT,1178157000,0.0,724829,0.0
2025-07-24T06:15:38.077379,BTC-USDT,1178076000,0.0,40700,0.0
2025-07-24T06:15:38.532937,BTC-USDT,0.0,1178492000,0.0,201600
2025-07-24T06:15:38.540297,BTC-USDT,1178157000,0.0,706239,0.0
2025-07-24T06:15:38.541829,BTC-USDT,0.0,1178362000,0.0,0
2025-07-24T06:15:38.542215,BTC-USDT,0.0,1178320000,0.0,83800
2025-07-24T06:15:39.039218,BTC-USDT,1178117000,0.0,1,0.0
2025-07-24T06:15:39.440085,BTC-USDT,0.0,1178246000,0.0,111334
2025-07-24T06:15:39.480020,BTC-USDT,0.0,1178231000,0.0,83800
2025-07-24T06:15:39.520140,BTC-USDT,0.0,1178158000,0.0,211104
2025-07-24T06:15:39.961596,BTC-USDT,0.0,1178158000,0.0,192514
2025-07-24T06:15:40.763397,BTC-USDT,0.0,1178245000,0.0,0
2025-07-24T06:15:41.083092,BTC-USDT,1178157000,0.0,725071,0.0
2025-07-24T06:15:41.102388,BTC-USDT,0.0,1178231000,0.0,0
2025-07-24T06:15:41.244074,BTC-USDT,1178157000,0.0,706239,0.0
2025-07-24T06:15:41.463006,BTC-USDT,0.0,1178231000,0.0,83800
2025-07-24T06:15:41.503079,BTC-USDT,1178117000,0.0,122331,0.0
2025-07-24T06:15:41.523437,BTC-USDT,1178157000,0.0,682239,0.0
2025-07-24T06:15:41.623357,BTC-USDT,1178157000,0.0,651033,0.0
2025-07-24T06:15:41.764103,BTC-USDT,0.0,1178158000,0.0,211346
2025-07-24T06:15:41.806534,BTC-USDT,1178157000,0.0,682345,0.0
2025-07-24T06:15:41.866519,BTC-USDT,0.0,1178158000,0.0,192514
2025-07-24T06:15:41.890455,BTC-USDT,1178157000,0.0,706349,0.0
2025-07-24T06:15:42.326213,BTC-USDT,0.0,1178245000,0.0,0
2025-07-24T06:15:42.787969,BTC-USDT,0.0,1178158000,0.0,211346
2025-07-24T06:15:42.802974,BTC-USDT,0.0,1178245000,0.0,59800
2025-07-24T06:15:42.805530,BTC-USDT,0.0,1178245000,0.0,0
2025-07-24T06:15:42.905138,BTC-USDT,0.0,1178158000,0.0,192514
2025-07-24T06:15:43.193273,BTC-USDT,0.0,1178158000,0.0,211346
2025-07-24T06:15:43.211023,BTC-USDT,1178075000,1178208000,0,2904
2025-07-24T06:15:43.449629,BTC-USDT,0.0,1178245000,0.0,59800
2025-07-24T06:15:43.786371,BTC-USDT,0.0,1178232000,0.0,0
2025-07-24T06:15:43.886976,BTC-USDT,0.0,1178158000,0.0,306132
2025-07-24T06:15:43.966700,BTC-USDT,0.0,1178208000,0.0,0
2025-07-24T06:15:44.166722,BTC-USDT,1177850000,0.0,0,0.0
2025-07-24T06:15:44.186716,BTC-USDT,0.0,1178158000,0.0,211346
2025-07-24T06:15:44.206826,BTC-USDT,1178157000,0.0,600626,0.0
2025-07-24T06:15:44.703385,BTC-USDT,1177837000,1178158000,94775,306121
2025-07-24T06:15:44.726191,BTC-USDT,1178157000,1178158000,107840,785861
2025-07-24T06:15:44.728179,BTC-USDT,0.0,1178158000,0.0,829062
2025-07-24T06:15:44.729355,BTC-USDT,0.0,1178231000,0.0,0
2025-07-24T06:15:44.730514,BTC-USDT,0.0,1178377000,0.0,2877
2025-07-24T06:15:44.848578,BTC-USDT,1177837000,1178158000,0,831939
2025-07-24T06:15:44.870572,BTC-USDT,1178157000,1178158000,2379,872588
2025-07-24T06:15:44.908647,BTC-USDT,1178157000,1178158000,0,946720
2025-07-24T06:15:44.927911,BTC-USDT,1178117000,1178118000,122330,451056
2025-07-24T06:15:44.948016,BTC-USDT,1177997000,1178118000,0,841947
2025-07-24T06:15:45.834054,BTC-USDT,1178117000,1178118000,156200,1045990
2025-07-24T06:15:45.847265,BTC-USDT,1178117000,1178118000,203787,1100189
2025-07-24T06:15:45.849101,BTC-USDT,1178117000,1178118000,122330,1358191
2025-07-24T06:15:45.850189,BTC-USDT,1178117000,0.0,0,0.0
2025-07-24T06:15:45.854161,BTC-USDT,1177904000,1178077000,0,521822
2025-07-24T06:15:45.854202,BTC-USDT,1178034000,1178077000,0,720379
2025-07-24T06:15:45.854239,BTC-USDT,0.0,1178077000,0.0,864401
2025-07-24T06:15:45.855782,BTC-USDT,1177958000,1178077000,18832,982800
2025-07-24T06:15:45.855823,BTC-USDT,0.0,1178077000,0.0,1020036
2025-07-24T06:15:45.856763,BTC-USDT,0.0,1178118000,0.0,177121
2025-07-24T06:15:45.856801,BTC-USDT,0.0,1178406000,0.0,198163
2025-07-24T06:15:45.857525,BTC-USDT,0.0,1178077000,0.0,977201
2025-07-24T06:15:45.909592,BTC-USDT,0.0,1178077000,0.0,994373
2025-07-24T06:15:45.929595,BTC-USDT,1177919000,1178139000,20000,8000
2025-07-24T06:15:47.158933,BTC-USDT,1178027000,0.0,24006,0.0
2025-07-24T06:15:47.161945,BTC-USDT,1177958000,0.0,0,0.0
2025-07-24T06:15:47.163500,BTC-USDT,1177958000,0.0,18832,0.0
2025-07-24T06:15:48.111958,BTC-USDT,0.0,1178077000,0.0,720684
2025-07-24T06:15:48.556485,BTC-USDT,0.0,1178077000,0.0,616831
2025-07-24T06:15:48.559186,BTC-USDT,0.0,1178077000,0.0,479725
2025-07-24T06:15:48.560709,BTC-USDT,1178076000,0.0,18833,0.0
2025-07-24T06:15:48.563002,BTC-USDT,1178076000,1178077000,18832,458296
2025-07-24T06:15:48.564423,BTC-USDT,0.0,1178158000,0.0,9656
2025-07-24T06:15:48.565491,BTC-USDT,1178076000,0.0,42838,0.0
2025-07-24T06:15:48.565736,BTC-USDT,1178076000,1178077000,76708,350495
2025-07-24T06:15:48.567783,BTC-USDT,1178076000,1178077000,553941,192514
2025-07-24T06:15:48.568196,BTC-USDT,1178076000,0.0,617081,0.0
2025-07-24T06:15:48.568357,BTC-USDT,1178076000,1178275000,624014,0
2025-07-24T06:15:48.569184,BTC-USDT,1177970000,1178077000,59730,287189
2025-07-24T06:15:48.570302,BTC-USDT,1177904000,0.0,0,0.0
2025-07-24T06:15:48.572111,BTC-USDT,1177815000,1178245000,94720,83800
2025-07-24T06:15:48.774175,BTC-USDT,1178076000,0.0,605182,0.0
2025-07-24T06:15:48.893961,BTC-USDT,1178076000,0.0,624014,0.0
2025-07-24T06:15:49.637708,BTC-USDT,1177976000,1178230000,20000,20000
2025-07-24T06:15:49.645781,BTC-USDT,1178076000,1178077000,1144619,94906
2025-07-24T06:15:49.646036,BTC-USDT,1178076000,1178077000,1213877,94876
2025-07-24T06:15:49.875391,BTC-USDT,0.0,1178205000,0.0,113171
2025-07-24T06:15:50.076466,BTC-USDT,0.0,1178077000,0.0,201
2025-07-24T06:15:50.096730,BTC-USDT,0.0,1178182000,0.0,823
2025-07-24T06:15:50.115821,BTC-USDT,0.0,1178077000,0.0,0
2025-07-24T06:15:50.594715,BTC-USDT,1178077000,1178079000,482820,201
2025-07-24T06:15:51.715109,BTC-USDT,1178077000,1178088000,1638912,94676
2025-07-24T06:15:51.720715,BTC-USDT,1177976000,0.0,0,0.0
2025-07-24T06:15:51.720757,BTC-USDT,1178077000,1178205000,1653308,0
2025-07-24T06:15:51.721060,BTC-USDT,1178076000,0.0,31312,0.0
2025-07-24T06:15:51.721966,BTC-USDT,0.0,1178462000,0.0,26296
2025-07-24T06:15:51.722755,BTC-USDT,0.0,1178462000,0.0,52521
2025-07-24T06:15:51.723610,BTC-USDT,1178077000,1178196000,1569508,19111
2025-07-24T06:15:51.724471,BTC-USDT,1178076000,0.0,0,0.0
2025-07-24T06:15:51.725551,BTC-USDT,1178077000,0.0,1600820,0.0
2025-07-24T06:15:51.726519,BTC-USDT,1178077000,0.0,1653859,0.0
2025-07-24T06:15:51.727389,BTC-USDT,1177980000,1178261000,20000,20000
2025-07-24T06:15:51.727898,BTC-USDT,0.0,1178232000,0.0,83800
2025-07-24T06:15:51.728580,BTC-USDT,1177908000,1178088000,94676,0
2025-07-24T06:15:51.729152,BTC-USDT,0.0,1178138000,0.0,94764
2025-07-24T06:15:51.729758,BTC-USDT,1178077000,0.0,1629853,0.0
2025-07-24T06:15:51.730607,BTC-USDT,1178077000,0.0,1653857,0.0
2025-07-24T06:15:51.798955,BTC-USDT,1178077000,0.0,1634746,0.0
2025-07-24T06:15:51.878728,BTC-USDT,1178077000,0.0,1360534,0.0
2025-07-24T06:15:52.408169,BTC-USDT,0.0,1178078000,0.0,19312
2025-07-24T06:15:52.413957,BTC-USDT,1178077000,1178139000,1219570,8000
2025-07-24T06:15:52.415472,BTC-USDT,0.0,1178078000,0.0,40741
2025-07-24T06:15:52.416152,BTC-USDT,1178077000,1178078000,807178,89073
2025-07-24T06:15:52.417460,BTC-USDT,1177970000,1178078000,0,233022
2025-07-24T06:15:52.418005,BTC-USDT,0.0,1178286000,0.0,25529
2025-07-24T06:15:52.418914,BTC-USDT,0.0,1178078000,0.0,192482
2025-07-24T06:15:52.419742,BTC-USDT,0.0,1178078000,0.0,211593
2025-07-24T06:15:52.420656,BTC-USDT,0.0,1178078000,0.0,173246
2025-07-24T06:15:52.499627,BTC-USDT,0.0,1178078000,0.0,211332
2025-07-24T06:15:52.879629,BTC-USDT,0.0,1178078000,0.0,192221
2025-07-24T06:15:53.401680,BTC-USDT,0.0,1178078000,0.0,192221
2025-07-24T06:15:53.422087,BTC-USDT,0.0,1178195000,0.0,83800
2025-07-24T06:15:54.061967,BTC-USDT,0.0,1178195000,0.0,0
2025-07-24T06:15:54.322756,BTC-USDT,0.0,1178232000,0.0,83800
2025-07-24T06:15:54.343316,BTC-USDT,0.0,1178232000,0.0,0
2025-07-24T06:15:54.938802,BTC-USDT,1177980000,1178139000,0,0
2025-07-24T06:15:54.943971,BTC-USDT,1177755000,1178445000,20000,20000
2025-07-24T06:15:54.945155,BTC-USDT,1177904000,0.0,0,0.0
2025-07-24T06:15:54.946080,BTC-USDT,1177904000,1178301000,8000,20000
2025-07-24T06:15:54.983649,BTC-USDT,1177908000,0.0,20000,0.0
2025-07-24T06:15:55.143949,BTC-USDT,0.0,1178139000,0.0,8000
2025-07-24T06:15:55.284822,BTC-USDT,0.0,1178343000,0.0,78431
2025-07-24T06:15:55.343906,BTC-USDT,0.0,1178232000,0.0,83800
2025-07-24T06:15:55.844602,BTC-USDT,0.0,1178078000,0.0,211332
2025-07-24T06:15:55.904616,BTC-USDT,0.0,1178078000,0.0,192221
2025-07-24T06:15:56.691039,BTC-USDT,0.0,1178078000,0.0,211332
2025-07-24T06:15:56.706086,BTC-USDT,1177847000,0.0,0,0.0
2025-07-24T06:15:56.711493,BTC-USDT,1177851000,0.0,0,0.0
2025-07-24T06:15:56.716824,BTC-USDT,1178077000,0.0,782651,0.0
2025-07-24T06:15:56.752013,BTC-USDT,1177827000,0.0,94677,0.0
2025-07-24T06:15:56.988531,BTC-USDT,1177999000,0.0,25887,0.0
2025-07-24T06:15:57.684441,BTC-USDT,0.0,1178078000,0.0,192221
2025-07-24T06:15:57.688020,BTC-USDT,0.0,1178078000,0.0,211332
2025-07-24T06:15:57.688065,BTC-USDT,0.0,1178078000,0.0,192221
2025-07-24T06:15:58.292665,BTC-USDT,1177827000,0.0,0,0.0
2025-07-24T06:15:58.298884,BTC-USDT,1177815000,0.0,94665,0.0
2025-07-24T06:15:58.300206,BTC-USDT,0.0,1178195000,0.0,0
2025-07-24T06:15:58.301220,BTC-USDT,0.0,1178232000,0.0,83800
2025-07-24T06:15:59.355573,BTC-USDT,0.0,1178138000,0.0,0
2025-07-24T06:15:59.362214,BTC-USDT,0.0,1178078000,0.0,286852
2025-07-24T06:15:59.364120,BTC-USDT,0.0,1178195000,0.0,83800
2025-07-24T06:15:59.370671,BTC-USDT,1178077000,0.0,755408,0.0
2025-07-24T06:15:59.409391,BTC-USDT,1178077000,0.0,737310,0.0
2025-07-24T06:15:59.429228,BTC-USDT,0.0,1178078000,0.0,305963
2025-07-24T06:15:59.650681,BTC-USDT,0.0,1178078000,0.0,286852
2025-07-24T06:15:59.810428,BTC-USDT,1177815000,0.0,0,0.0
2025-07-24T06:15:59.910259,BTC-USDT,1177823000,0.0,94580,0.0
2025-07-24T06:16:00.010995,BTC-USDT,1178077000,1178195000,774014,0
2025-07-24T06:16:00.291561,BTC-USDT,0.0,1178196000,0.0,0
2025-07-24T06:16:00.341610,BTC-USDT,0.0,1178078000,0.0,192221
2025-07-24T06:16:00.365155,BTC-USDT,0.0,1178287000,0.0,0
2025-07-24T06:16:00.940617,BTC-USDT,0.0,1178139000,0.0,0
2025-07-24T06:16:00.947284,BTC-USDT,1178077000,1178078000,1240507,201
2025-07-24T06:16:01.931384,BTC-USDT,0.0,1178375000,0.0,16000
2025-07-24T06:16:01.940104,BTC-USDT,1178078000,1178078000,140964,0
2025-07-24T06:16:01.941325,BTC-USDT,1178078000,1178145000,565690,814
2025-07-24T06:16:01.941964,BTC-USDT,1178078000,1178145000,1357153,0
2025-07-24T06:16:01.943152,BTC-USDT,1178078000,0.0,1489088,0.0
2025-07-24T06:16:01.944170,BTC-USDT,1178078000,1178406000,1625047,0
2025-07-24T06:16:01.945720,BTC-USDT,1177963000,1178487000,117103,26455
2025-07-24T06:16:01.946120,BTC-USDT,1178077000,0.0,113479,0.0
2025-07-24T06:16:01.947223,BTC-USDT,1178078000,0.0,1650126,0.0
2025-07-24T06:16:01.950511,BTC-USDT,0.0,1178233000,0.0,0
2025-07-24T06:16:01.951352,BTC-USDT,1178078000,1178240000,1763605,1
2025-07-24T06:16:01.951505,BTC-USDT,0.0,1178270000,0.0,897
2025-07-24T06:16:01.951779,BTC-USDT,0.0,1178512000,0.0,40934
2025-07-24T06:16:01.952148,BTC-USDT,0.0,1178487000,0.0,26455
2025-07-24T06:16:01.953155,BTC-USDT,0.0,1178487000,0.0,79224
2025-07-24T06:16:01.953297,BTC-USDT,1178078000,0.0,1749209,0.0
2025-07-24T06:16:01.955160,BTC-USDT,1178078000,0.0,1709727,0.0
2025-07-24T06:16:01.955962,BTC-USDT,1178078000,0.0,1644964,0.0
2025-07-24T06:16:01.956392,BTC-USDT,0.0,1178197000,0.0,18588
2025-07-24T06:16:01.956429,BTC-USDT,0.0,1178375000,0.0,24000
2025-07-24T06:16:01.956632,BTC-USDT,1178078000,1178197000,1763764,0
2025-07-24T06:16:01.957833,BTC-USDT,1177931000,0.0,0,0.0
2025-07-24T06:16:01.958151,BTC-USDT,0.0,1178137000,0.0,0
2025-07-24T06:16:01.959841,BTC-USDT,1178078000,0.0,1735021,0.0
2025-07-24T06:16:01.960457,BTC-USDT,1177972000,0.0,94557,0.0
2025-07-24T06:16:01.973945,BTC-USDT,0.0,1178184000,0.0,94557
2025-07-24T06:16:02.014073,BTC-USDT,0.0,1178197000,0.0,18588
2025-07-24T06:16:02.053192,BTC-USDT,1178078000,0.0,1651221,0.0
2025-07-24T06:16:02.462526,BTC-USDT,1178078000,0.0,1679992,0.0
2025-07-24T06:16:02.868244,BTC-USDT,1178078000,1178197000,1646844,0
2025-07-24T06:16:02.873466,BTC-USDT,1178078000,0.0,1679859,0.0
2025-07-24T06:16:03.635276,BTC-USDT,0.0,1178197000,0.0,18588
2025-07-24T06:16:03.835982,BTC-USDT,0.0,1178197000,0.0,0
2025-07-24T06:16:04.196153,BTC-USDT,0.0,1178197000,0.0,18588
2025-07-24T06:16:04.319393,BTC-USDT,1177972000,0.0,0,0.0
2025-07-24T06:16:04.416772,BTC-USDT,1177943000,0.0,94502,0.0
2025-07-24T06:16:04.497626,BTC-USDT,1178078000,0.0,1661271,0.0
2025-07-24T06:16:04.516579,BTC-USDT,1178078000,0.0,1387059,0.0
2025-07-24T06:16:04.576695,BTC-USDT,1178078000,0.0,1362937,0.0
2025-07-24T06:16:04.597209,BTC-USDT,1177925000,0.0,94502,0.0
2025-07-24T06:16:05.489398,BTC-USDT,1177925000,1178079000,0,18789
2025-07-24T06:16:05.505270,BTC-USDT,1178078000,1178079000,959314,18875
2025-07-24T06:16:05.515831,BTC-USDT,1178078000,1178079000,923804,48302
2025-07-24T06:16:05.525907,BTC-USDT,1178078000,1178139000,818081,0
2025-07-24T06:16:05.536389,BTC-USDT,1178078000,1178239000,782840,24020
2025-07-24T06:16:05.602971,BTC-USDT,0.0,1178079000,0.0,66890
2025-07-24T06:16:05.760717,BTC-USDT,0.0,1178079000,0.0,69313
2025-07-24T06:16:05.799619,BTC-USDT,0.0,1178079000,0.0,195762
2025-07-24T06:16:05.860840,BTC-USDT,0.0,1178208000,0.0,87034
2025-07-24T06:16:06.180067,BTC-USDT,0.0,1178207000,0.0,59900
2025-07-24T06:16:06.568142,BTC-USDT,0.0,1178183000,0.0,83800
2025-07-24T06:16:06.574713,BTC-USDT,0.0,1178079000,0.0,177174
2025-07-24T06:16:06.575337,BTC-USDT,1177990000,1178139000,20000,8000
2025-07-24T06:16:06.785623,BTC-USDT,1177922000,0.0,0,0.0
2025-07-24T06:16:06.841313,BTC-USDT,1177963000,0.0,57269,0.0
2025-07-24T06:16:06.881436,BTC-USDT,1177871000,0.0,94461,0.0
2025-07-24T06:16:07.027000,BTC-USDT,1178078000,1178079000,782840,177174
2025-07-24T06:16:07.181692,BTC-USDT,0.0,1178196000,0.0,59900
2025-07-24T06:16:07.261588,BTC-USDT,0.0,1178079000,0.0,195762
2025-07-24T06:16:07.749026,BTC-USDT,1177999000,1178079000,0,210762
2025-07-24T06:16:07.768030,BTC-USDT,1178078000,1178079000,119871,579726
2025-07-24T06:16:07.807179,BTC-USDT,1178078000,1178079000,105461,670111
2025-07-24T06:16:08.325896,BTC-USDT,1177972000,0.0,0,0.0
2025-07-24T06:16:08.332239,BTC-USDT,1177871000,0.0,0,0.0
2025-07-24T06:16:08.334366,BTC-USDT,1177960000,0.0,0,0.0
2025-07-24T06:16:08.336298,BTC-USDT,1177960000,0.0,18588,0.0
2025-07-24T06:16:08.337658,BTC-USDT,1177960000,0.0,0,0.0
2025-07-24T06:16:08.338679,BTC-USDT,1177960000,0.0,18588,0.0
2025-07-24T06:16:08.339721,BTC-USDT,1177960000,0.0,0,0.0
2025-07-24T06:16:08.340238,BTC-USDT,1177960000,0.0,18588,0.0
2025-07-24T06:16:08.340822,BTC-USDT,1177960000,0.0,0,0.0
2025-07-24T06:16:08.342300,BTC-USDT,1177960000,0.0,18588,0.0
2025-07-24T06:16:08.342859,BTC-USDT,0.0,1178264000,0.0,2500
2025-07-24T06:16:08.363659,BTC-USDT,0.0,1178226000,0.0,2846
2025-07-24T06:16:08.624327,BTC-USDT,0.0,1178264000,0.0,0
2025-07-24T06:16:08.765503,BTC-USDT,1177960000,0.0,0,0.0
2025-07-24T06:16:08.885355,BTC-USDT,0.0,1178079000,0.0,715770
2025-07-24T06:16:08.905123,BTC-USDT,1177963000,1178079000,0,740672
2025-07-24T06:16:09.044853,BTC-USDT,0.0,1178395000,0.0,59915
2025-07-24T06:16:09.084903,BTC-USDT,1177804000,0.0,25913,0.0
2025-07-24T06:16:09.545863,BTC-USDT,0.0,1178079000,0.0,815672
2025-07-24T06:16:09.626152,BTC-USDT,0.0,1178196000,0.0,64900
2025-07-24T06:16:09.646452,BTC-USDT,1178078000,1178079000,24004,886778
2025-07-24T06:16:09.666820,BTC-USDT,1178078000,1178079000,0,923674
2025-07-24T06:16:09.689125,BTC-USDT,1177998000,1178035000,0,450633
2025-07-24T06:16:09.706393,BTC-USDT,1177993000,1178035000,0,1181163
2025-07-24T06:16:09.726746,BTC-USDT,1177857000,1178035000,57980,1304758
2025-07-24T06:16:09.746928,BTC-USDT,0.0,1178035000,0.0,1328761
2025-07-24T06:16:09.786079,BTC-USDT,1177997000,1178414000,0,53060
2025-07-24T06:16:09.827831,BTC-USDT,1177913000,1178035000,573,1336214
2025-07-24T06:16:09.887197,BTC-USDT,1177659000,0.0,94417,0.0
2025-07-24T06:16:09.906460,BTC-USDT,0.0,1178079000,0.0,81786
2025-07-24T06:16:09.947453,BTC-USDT,0.0,1178035000,0.0,1411214
2025-07-24T06:16:09.986548,BTC-USDT,0.0,1178035000,0.0,1364985
2025-07-24T06:16:10.048421,BTC-USDT,0.0,1178141000,0.0,2500
2025-07-24T06:16:10.106647,BTC-USDT,0.0,1178285000,0.0,198143
2025-07-24T06:16:10.544634,BTC-USDT,0.0,1178141000,0.0,0
2025-07-24T06:16:10.548819,BTC-USDT,0.0,1178170000,0.0,2500
2025-07-24T06:16:10.549734,BTC-USDT,0.0,1178035000,0.0,1459396
2025-07-24T06:16:10.550467,BTC-USDT,0.0,1178035000,0.0,1422160
2025-07-24T06:16:10.551167,BTC-USDT,1177659000,0.0,0,0.0
2025-07-24T06:16:10.553858,BTC-USDT,0.0,1178035000,0.0,1459420
2025-07-24T06:16:10.567799,BTC-USDT,1177646000,0.0,94411,0.0
2025-07-24T06:16:10.607863,BTC-USDT,1178034000,0.0,0,0.0
2025-07-24T06:16:10.627534,BTC-USDT,1177985000,1177969000,0,616194
2025-07-24T06:16:10.649130,BTC-USDT,0.0,1177969000,0.0,649603
2025-07-24T06:16:10.687979,BTC-USDT,1177850000,1177969000,18409,664603
2025-07-24T06:16:10.708009,BTC-USDT,1177968000,1178035000,381517,126454
2025-07-24T06:16:10.750122,BTC-USDT,1177968000,1177969000,425574,664804
2025-07-24T06:16:10.928237,BTC-USDT,0.0,1177969000,0.0,664836
2025-07-24T06:16:10.969151,BTC-USDT,0.0,1177969000,0.0,843997
2025-07-24T06:16:11.049063,BTC-USDT,0.0,1178035000,0.0,94439
2025-07-24T06:16:11.108613,BTC-USDT,1177968000,0.0,450136,0.0
2025-07-24T06:16:11.209630,BTC-USDT,0.0,1177969000,0.0,825588
2025-07-24T06:16:11.529924,BTC-USDT,1177968000,0.0,426132,0.0
2025-07-24T06:16:11.629613,BTC-USDT,0.0,1177969000,0.0,933614
2025-07-24T06:16:11.729902,BTC-USDT,0.0,1177969000,0.0,1008614
2025-07-24T06:16:11.749580,BTC-USDT,0.0,1178055000,0.0,7500
2025-07-24T06:16:11.789513,BTC-USDT,0.0,1178136000,0.0,7500
2025-07-24T06:16:11.829742,BTC-USDT,0.0,1178035000,0.0,96939
2025-07-24T06:16:12.591126,BTC-USDT,1177968000,0.0,450139,0.0
2025-07-24T06:16:12.992502,BTC-USDT,1177646000,0.0,0,0.0
2025-07-24T06:16:13.091576,BTC-USDT,1177661000,0.0,94379,0.0
2025-07-24T06:16:13.412159,BTC-USDT,1177968000,0.0,426132,0.0
2025-07-24T06:16:13.432527,BTC-USDT,1177860000,0.0,24007,0.0
2025-07-24T06:16:13.592361,BTC-USDT,1177850000,0.0,18409,0.0
2025-07-24T06:16:13.632571,BTC-USDT,1177850000,0.0,0,0.0
2025-07-24T06:16:13.892978,BTC-USDT,1177850000,0.0,18409,0.0
2025-07-24T06:16:14.012971,BTC-USDT,1177850000,0.0,0,0.0
2025-07-24T06:16:14.233428,BTC-USDT,0.0,1178085000,0.0,20000
2025-07-24T06:16:14.254503,BTC-USDT,1177767000,0.0,0,0.0
2025-07-24T06:16:14.274107,BTC-USDT,1177661000,0.0,0,0.0
2025-07-24T06:16:14.674574,BTC-USDT,0.0,1178013000,0.0,151601
2025-07-24T06:16:14.779277,BTC-USDT,1177968000,1177969000,105124,1108344
2025-07-24T06:16:14.797050,BTC-USDT,1177968000,1177969000,20000,1444847
2025-07-24T06:16:14.816368,BTC-USDT,1177804000,1177969000,38802,1521340
2025-07-24T06:16:14.854823,BTC-USDT,1177968000,1177969000,0,1521368
2025-07-24T06:16:14.874434,BTC-USDT,1177904000,1177953000,0,525633
2025-07-24T06:16:14.894914,BTC-USDT,1177952000,1177953000,0,737474
2025-07-24T06:16:14.914836,BTC-USDT,1177831000,1177901000,808,549637
2025-07-24T06:16:14.936283,BTC-USDT,1177900000,1177901000,145390,1131420
2025-07-24T06:16:14.955124,BTC-USDT,1177900000,1177901000,129067,1404846
2025-07-24T06:16:14.995328,BTC-USDT,0.0,1177901000,0.0,1452278
2025-07-24T06:16:15.035558,BTC-USDT,1177587000,1178072000,20000,0
2025-07-24T06:16:15.096979,BTC-USDT,1177547000,1177969000,152909,6437
2025-07-24T06:16:15.115715,BTC-USDT,1177900000,0.0,0,0.0
2025-07-24T06:16:15.135757,BTC-USDT,1177869000,1177870000,0,525633
2025-07-24T06:16:15.155618,BTC-USDT,0.0,1177861000,0.0,273689
2025-07-24T06:16:15.175479,BTC-USDT,1177485000,1177861000,18409,534533
2025-07-24T06:16:15.217255,BTC-USDT,1177828000,1177861000,0,605663
2025-07-24T06:16:15.255714,BTC-USDT,0.0,1178240000,0.0,26623
2025-07-24T06:16:15.315656,BTC-USDT,0.0,1177969000,0.0,1335
2025-07-24T06:16:15.335284,BTC-USDT,0.0,1177861000,0.0,927346
2025-07-24T06:16:15.355286,BTC-USDT,0.0,1177861000,0.0,1266757
2025-07-24T06:16:15.395631,BTC-USDT,1177860000,1177869000,0,59800
2025-07-24T06:16:15.415711,BTC-USDT,1177821000,1177822000,26386,450633
2025-07-24T06:16:15.435847,BTC-USDT,0.0,1177822000,0.0,819250
2025-07-24T06:16:15.457666,BTC-USDT,0.0,1177822000,0.0,1160061
2025-07-24T06:16:15.499431,BTC-USDT,0.0,1177822000,0.0,1232565
2025-07-24T06:16:15.555766,BTC-USDT,0.0,1177901000,0.0,94273
2025-07-24T06:16:15.596189,BTC-USDT,0.0,1177822000,0.0,1256568
2025-07-24T06:16:15.661128,BTC-USDT,1177519000,0.0,0,0.0
2025-07-24T06:16:15.696131,BTC-USDT,0.0,1177996000,0.0,0
2025-07-24T06:16:15.776038,BTC-USDT,0.0,1177861000,0.0,5444
2025-07-24T06:16:15.816169,BTC-USDT,0.0,1177822000,0.0,1273756
2025-07-24T06:16:15.856986,BTC-USDT,1177669000,0.0,8000,0.0
2025-07-24T06:16:15.896496,BTC-USDT,1177723000,1177903000,20000,24000
2025-07-24T06:16:16.457424,BTC-USDT,0.0,1177996000,0.0,2500
2025-07-24T06:16:17.009826,BTC-USDT,1177821000,0.0,2379,0.0
2025-07-24T06:16:17.019071,BTC-USDT,1177801000,0.0,24005,0.0
2025-07-24T06:16:17.019119,BTC-USDT,0.0,1177951000,0.0,1
2025-07-24T06:16:17.019150,BTC-USDT,0.0,1177992000,0.0,1
2025-07-24T06:16:17.023483,BTC-USDT,0.0,1177822000,0.0,1255347
2025-07-24T06:16:17.037990,BTC-USDT,1177821000,0.0,26384,0.0
2025-07-24T06:16:17.098123,BTC-USDT,0.0,1177822000,0.0,1235294
2025-07-24T06:16:17.540593,BTC-USDT,0.0,1177822000,0.0,1255358
2025-07-24T06:16:17.560333,BTC-USDT,0.0,1177822000,0.0,1349605
2025-07-24T06:16:17.899382,BTC-USDT,0.0,1177910000,0.0,1
2025-07-24T06:16:18.239860,BTC-USDT,0.0,1177822000,0.0,1075916
2025-07-24T06:16:18.280338,BTC-USDT,0.0,1177822000,0.0,1054487
2025-07-24T06:16:18.299853,BTC-USDT,0.0,1177822000,0.0,917381
2025-07-24T06:16:18.400161,BTC-USDT,1177821000,0.0,44793,0.0
2025-07-24T06:16:18.420384,BTC-USDT,1177821000,0.0,26384,0.0
2025-07-24T06:16:18.662029,BTC-USDT,1177821000,0.0,44793,0.0
2025-07-24T06:16:18.706712,BTC-USDT,0.0,1177822000,0.0,917582
2025-07-24T06:16:18.801946,BTC-USDT,1177723000,1177903000,0,0
2025-07-24T06:16:18.821419,BTC-USDT,0.0,1178095000,0.0,20000
2025-07-24T06:16:18.861974,BTC-USDT,1177552000,1177971000,0,20000
2025-07-24T06:16:18.920626,BTC-USDT,1177697000,1177903000,20000,8000
2025-07-24T06:16:19.022295,BTC-USDT,1177821000,0.0,26384,0.0
2025-07-24T06:16:19.042724,BTC-USDT,1177698000,0.0,83800,0.0
2025-07-24T06:16:19.081148,BTC-USDT,1177706000,0.0,83800,0.0
