timestamp,symbol,bid,ask,bid_vol,ask_vol
2025-07-24T15:35:18.010779,BTC-USDT,1187473000,1187474000,563408,448234
2025-07-24T15:35:18.010962,BTC-USDT,0.0,1187555000,0.0,58876
2025-07-24T15:35:18.011006,BTC-USDT,1187297000,0.0,99200,0.0
2025-07-24T15:35:18.011041,BTC-USDT,1187297000,0.0,0,0.0
2025-07-24T15:35:18.011079,BTC-USDT,0.0,1187474000,0.0,467205
2025-07-24T15:35:18.011115,BTC-USDT,1187354000,0.0,0,0.0
2025-07-24T15:35:18.048374,BTC-USDT,1187270000,1187513000,107400,1
2025-07-24T15:35:18.488459,BTC-USDT,1187354000,1187474000,18971,448234
2025-07-24T15:35:18.493038,BTC-USDT,0.0,1187534000,0.0,0
2025-07-24T15:35:18.493995,BTC-USDT,0.0,1187709000,0.0,2232
2025-07-24T15:35:19.670147,BTC-USDT,1187297000,0.0,99100,0.0
2025-07-24T15:35:19.676388,BTC-USDT,1187297000,0.0,0,0.0
2025-07-24T15:35:19.677845,BTC-USDT,1187473000,1187474000,483213,467205
2025-07-24T15:35:19.678968,BTC-USDT,0.0,1187474000,0.0,572043
2025-07-24T15:35:19.679971,BTC-USDT,1187473000,0.0,479774,0.0
2025-07-24T15:35:19.680912,BTC-USDT,0.0,1187839000,0.0,0
2025-07-24T15:35:19.681571,BTC-USDT,1187473000,0.0,453334,0.0
2025-07-24T15:35:19.682658,BTC-USDT,1187349000,1187646000,25433,24143
2025-07-24T15:35:19.683730,BTC-USDT,0.0,1187632000,0.0,382
2025-07-24T15:35:19.691786,BTC-USDT,0.0,1187518000,0.0,2188
2025-07-24T15:35:19.732032,BTC-USDT,0.0,1187518000,0.0,0
2025-07-24T15:35:20.012467,BTC-USDT,1187291000,0.0,107400,0.0
2025-07-24T15:35:20.273886,BTC-USDT,1187291000,0.0,0,0.0
2025-07-24T15:35:20.753763,BTC-USDT,1187473000,1187474000,456773,553072
2025-07-24T15:35:20.933865,BTC-USDT,0.0,1187646000,0.0,0
2025-07-24T15:35:20.953927,BTC-USDT,1187473000,1187474000,482206,572043
2025-07-24T15:35:21.014308,BTC-USDT,1187291000,0.0,99000,0.0
2025-07-24T15:35:21.428324,BTC-USDT,1187291000,0.0,0,0.0
2025-07-24T15:35:21.432969,BTC-USDT,1187185000,0.0,0,0.0
2025-07-24T15:35:22.156435,BTC-USDT,1187270000,0.0,107400,0.0
2025-07-24T15:35:22.719774,BTC-USDT,1187354000,0.0,18971,0.0
2025-07-24T15:35:22.724087,BTC-USDT,0.0,1187474000,0.0,553072
2025-07-24T15:35:22.757735,BTC-USDT,1187354000,1187474000,0,572043
2025-07-24T15:35:23.228866,BTC-USDT,1187354000,0.0,18971,0.0
2025-07-24T15:35:23.236013,BTC-USDT,1187291000,0.0,107400,0.0
2025-07-24T15:35:23.357996,BTC-USDT,0.0,1187474000,0.0,553072
2025-07-24T15:35:23.478437,BTC-USDT,0.0,1187474000,0.0,451919
2025-07-24T15:35:23.499448,BTC-USDT,1187296000,1187708000,0,0
2025-07-24T15:35:23.578817,BTC-USDT,0.0,1187474000,0.0,552717
2025-07-24T15:35:23.839048,BTC-USDT,0.0,1187662000,0.0,20000
2025-07-24T15:35:23.899548,BTC-USDT,1187300000,1187679000,20000,20001
2025-07-24T15:35:23.980812,BTC-USDT,1187301000,0.0,107500,0.0
2025-07-24T15:35:24.589233,BTC-USDT,1187354000,1187474000,0,571688
2025-07-24T15:35:25.529012,BTC-USDT,1187301000,0.0,0,0.0
2025-07-24T15:35:25.547892,BTC-USDT,1187298000,0.0,0,0.0
2025-07-24T15:35:25.547950,BTC-USDT,1187301000,0.0,98700,0.0
2025-07-24T15:35:25.547986,BTC-USDT,1187354000,0.0,18971,0.0
2025-07-24T15:35:25.548015,BTC-USDT,0.0,1187474000,0.0,552717
2025-07-24T15:35:25.548055,BTC-USDT,0.0,1187695000,0.0,2500
2025-07-24T15:35:25.548333,BTC-USDT,1187364000,0.0,8000,0.0
2025-07-24T15:35:25.762078,BTC-USDT,1187354000,1187474000,0,552717
2025-07-24T15:35:25.782154,BTC-USDT,1187354000,0.0,18971,0.0
2025-07-24T15:35:25.962537,BTC-USDT,1187270000,0.0,0,0.0
2025-07-24T15:35:26.783895,BTC-USDT,0.0,1187695000,0.0,0
2025-07-24T15:35:27.200530,BTC-USDT,0.0,1187745000,0.0,0
2025-07-24T15:35:27.724948,BTC-USDT,1187391000,0.0,20000,0.0
2025-07-24T15:35:29.908112,BTC-USDT,1187307000,0.0,107500,0.0
2025-07-24T15:35:30.863626,BTC-USDT,1187354000,1187474000,18882,552717
2025-07-24T15:35:30.872144,BTC-USDT,0.0,1187474000,0.0,571599
2025-07-24T15:35:30.874677,BTC-USDT,0.0,1187474000,0.0,552717
2025-07-24T15:35:30.889788,BTC-USDT,1187301000,0.0,0,0.0
2025-07-24T15:35:31.891076,BTC-USDT,1187349000,0.0,107500,0.0
2025-07-24T15:35:32.406872,BTC-USDT,0.0,1187474000,0.0,451919
2025-07-24T15:35:33.406471,BTC-USDT,1187473000,1187474000,562401,347081
2025-07-24T15:35:33.412705,BTC-USDT,1187391000,0.0,0,0.0
2025-07-24T15:35:33.414518,BTC-USDT,1187297000,1187662000,0,0
2025-07-24T15:35:33.416916,BTC-USDT,1187300000,0.0,0,0.0
2025-07-24T15:35:33.418310,BTC-USDT,1187137000,1187474000,20000,447569
2025-07-24T15:35:33.421661,BTC-USDT,0.0,1187474000,0.0,347081
2025-07-24T15:35:33.421707,BTC-USDT,0.0,1187474000,0.0,447461
2025-07-24T15:35:33.855090,BTC-USDT,1187307000,0.0,0,0.0
2025-07-24T15:35:33.874547,BTC-USDT,1187355000,1187532000,107500,107500
2025-07-24T15:35:33.934669,BTC-USDT,1187377000,1187474000,20000,347081
2025-07-24T15:35:33.954390,BTC-USDT,0.0,1187543000,0.0,0
2025-07-24T15:35:33.994513,BTC-USDT,1187473000,1187593000,587482,0
2025-07-24T15:35:34.055022,BTC-USDT,0.0,1187474000,0.0,447459
2025-07-24T15:35:34.055545,BTC-USDT,0.0,1187474000,0.0,347081
2025-07-24T15:35:34.456680,BTC-USDT,0.0,1187474000,0.0,342517
2025-07-24T15:35:34.832957,BTC-USDT,1187473000,1187474000,770455,283112
2025-07-24T15:35:34.835299,BTC-USDT,0.0,1187474000,0.0,282504
2025-07-24T15:35:34.836516,BTC-USDT,0.0,1187653000,0.0,186370
2025-07-24T15:35:34.837890,BTC-USDT,0.0,1187474000,0.0,382882
2025-07-24T15:35:34.839020,BTC-USDT,1187473000,0.0,1075255,0.0
2025-07-24T15:35:34.840210,BTC-USDT,1187473000,1187474000,1188013,202882
2025-07-24T15:35:34.841087,BTC-USDT,0.0,1187602000,0.0,24564
2025-07-24T15:35:34.842320,BTC-USDT,1187473000,0.0,1568012,0.0
2025-07-24T15:35:34.843380,BTC-USDT,0.0,1187474000,0.0,102504
2025-07-24T15:35:34.844252,BTC-USDT,0.0,1187474000,0.0,201
2025-07-24T15:35:34.845255,BTC-USDT,0.0,1187585000,0.0,0
2025-07-24T15:35:34.847239,BTC-USDT,1187474000,1187474000,140964,0
2025-07-24T15:35:34.847355,BTC-USDT,1187474000,0.0,569556,0.0
2025-07-24T15:35:34.847699,BTC-USDT,1187474000,1187605000,1618858,4564
2025-07-24T15:35:34.848325,BTC-USDT,1187474000,1187595000,1761143,0
2025-07-24T15:35:34.849048,BTC-USDT,0.0,1187968000,0.0,18882
2025-07-24T15:35:34.850969,BTC-USDT,1187474000,1187475000,2022687,100807
2025-07-24T15:35:34.856534,BTC-USDT,1187474000,1187591000,2013305,20000
2025-07-24T15:35:34.896774,BTC-USDT,1187474000,1187617000,2022694,0
2025-07-24T15:35:34.936572,BTC-USDT,1187474000,1187475000,2022694,402
2025-07-24T15:35:34.976821,BTC-USDT,0.0,1187591000,0.0,0
2025-07-24T15:35:35.017479,BTC-USDT,0.0,1187752000,0.0,4562
2025-07-24T15:35:35.056936,BTC-USDT,0.0,1187647000,0.0,0
2025-07-24T15:35:35.076889,BTC-USDT,0.0,1187673000,0.0,0
2025-07-24T15:35:35.096850,BTC-USDT,1187378000,1187702000,0,772
2025-07-24T15:35:35.137371,BTC-USDT,1187160000,0.0,20000,0.0
2025-07-24T15:35:35.177628,BTC-USDT,0.0,1187960000,0.0,59464
2025-07-24T15:35:35.624910,BTC-USDT,0.0,1187565000,0.0,100362
2025-07-24T15:35:35.631085,BTC-USDT,0.0,1187628000,0.0,4562
2025-07-24T15:35:35.632899,BTC-USDT,0.0,1187929000,0.0,20001
2025-07-24T15:35:35.633935,BTC-USDT,0.0,1187832000,0.0,0
2025-07-24T15:35:35.635250,BTC-USDT,1187325000,0.0,0,0.0
2025-07-24T15:35:35.637876,BTC-USDT,1187410000,0.0,100579,0.0
2025-07-24T15:35:35.677983,BTC-USDT,1187474000,0.0,2025540,0.0
2025-07-24T15:35:35.798908,BTC-USDT,0.0,1187832000,0.0,18882
2025-07-24T15:35:36.195798,BTC-USDT,1187355000,0.0,0,0.0
2025-07-24T15:35:36.205197,BTC-USDT,1187158000,1187929000,0,1
2025-07-24T15:35:36.205251,BTC-USDT,1187396000,1187509000,20000,4562
2025-07-24T15:35:36.205280,BTC-USDT,0.0,1187509000,0.0,0
2025-07-24T15:35:36.206468,BTC-USDT,0.0,1187832000,0.0,0
2025-07-24T15:35:36.632253,BTC-USDT,1187474000,1187632000,2040540,0
2025-07-24T15:35:36.639327,BTC-USDT,1187364000,1187769000,16000,0
2025-07-24T15:35:36.641817,BTC-USDT,1187396000,1187565000,0,0
2025-07-24T15:35:36.644161,BTC-USDT,0.0,1187649000,0.0,100579
2025-07-24T15:35:36.645043,BTC-USDT,1187474000,1187649000,2075218,0
2025-07-24T15:35:36.645714,BTC-USDT,1187474000,1187475000,2110322,0
2025-07-24T15:35:36.646689,BTC-USDT,1187512000,1187513000,308711,0
2025-07-24T15:35:36.647687,BTC-USDT,1187845000,1187846000,429219,0
2025-07-24T15:35:36.649416,BTC-USDT,1187860000,1187861000,101657,15000
2025-07-24T15:35:36.649455,BTC-USDT,1187860000,1187861000,459912,0
2025-07-24T15:35:36.649811,BTC-USDT,1187860000,1187861000,535728,150000
2025-07-24T15:35:36.651440,BTC-USDT,1187860000,1187861000,844498,30201
2025-07-24T15:35:36.652260,BTC-USDT,1187860000,1187861000,1012453,201
2025-07-24T15:35:36.652315,BTC-USDT,1187860000,1187861000,1108761,43256
2025-07-24T15:35:36.659528,BTC-USDT,1187860000,1187861000,1367196,128913
2025-07-24T15:35:36.679714,BTC-USDT,1187860000,1187861000,1403085,143501
2025-07-24T15:35:36.719724,BTC-USDT,1187601000,1187861000,100657,158501
2025-07-24T15:35:36.739806,BTC-USDT,1187486000,0.0,37766,0.0
2025-07-24T15:35:36.939932,BTC-USDT,0.0,1188235000,0.0,18839
2025-07-24T15:35:37.000327,BTC-USDT,0.0,1188235000,0.0,37678
2025-07-24T15:35:37.080266,BTC-USDT,0.0,1188235000,0.0,0
2025-07-24T15:35:37.200692,BTC-USDT,1187318000,1188235000,197791,37688
2025-07-24T15:35:37.261429,BTC-USDT,0.0,1188235000,0.0,0
2025-07-24T15:35:37.500882,BTC-USDT,0.0,1188235000,0.0,37688
2025-07-24T15:35:37.621161,BTC-USDT,0.0,1188235000,0.0,0
2025-07-24T15:35:37.702326,BTC-USDT,1187487000,0.0,20000,0.0
2025-07-24T15:35:37.802274,BTC-USDT,1187793000,1188008000,20000,20000
2025-07-24T15:35:37.821686,BTC-USDT,1187791000,0.0,20000,0.0
2025-07-24T15:35:37.881972,BTC-USDT,0.0,1187861000,0.0,163063
2025-07-24T15:35:38.451892,BTC-USDT,0.0,1187861000,0.0,158501
2025-07-24T15:35:38.857353,BTC-USDT,1187474000,1187938000,2846,85200
2025-07-24T15:35:38.983405,BTC-USDT,0.0,1187861000,0.0,163063
2025-07-24T15:35:39.003214,BTC-USDT,0.0,1187980000,0.0,126137
2025-07-24T15:35:39.043909,BTC-USDT,0.0,1188227000,0.0,18637
2025-07-24T15:35:39.123681,BTC-USDT,0.0,1187980000,0.0,107500
2025-07-24T15:35:39.303933,BTC-USDT,0.0,1188206000,0.0,37582
2025-07-24T15:35:39.794226,BTC-USDT,1187639000,0.0,1,0.0
2025-07-24T15:35:39.797926,BTC-USDT,1187597000,0.0,1,0.0
2025-07-24T15:35:39.799874,BTC-USDT,0.0,1188206000,0.0,0
2025-07-24T15:35:39.800214,BTC-USDT,0.0,1188227000,0.0,18637
2025-07-24T15:35:39.800960,BTC-USDT,0.0,1187861000,0.0,158501
2025-07-24T15:35:39.804777,BTC-USDT,0.0,1187892000,0.0,4563
2025-07-24T15:35:39.864928,BTC-USDT,0.0,1188206000,0.0,37581
2025-07-24T15:35:39.905130,BTC-USDT,0.0,1187980000,0.0,18637
2025-07-24T15:35:40.005204,BTC-USDT,0.0,1187980000,0.0,0
2025-07-24T15:35:40.145415,BTC-USDT,0.0,1187938000,0.0,0
2025-07-24T15:35:40.165278,BTC-USDT,0.0,1188227000,0.0,18637
2025-07-24T15:35:40.637904,BTC-USDT,1187680000,0.0,1,0.0
2025-07-24T15:35:40.786394,BTC-USDT,1187860000,1187971000,1510585,107500
2025-07-24T15:35:41.166795,BTC-USDT,1187860000,0.0,1403085,0.0
2025-07-24T15:35:41.206905,BTC-USDT,1187817000,0.0,20000,0.0
2025-07-24T15:35:41.266988,BTC-USDT,1187817000,0.0,0,0.0
2025-07-24T15:35:41.327065,BTC-USDT,0.0,1187861000,0.0,143501
2025-07-24T15:35:41.775117,BTC-USDT,0.0,1188206000,0.0,37575
2025-07-24T15:35:41.780244,BTC-USDT,1187793000,0.0,153375,0.0
2025-07-24T15:35:41.782286,BTC-USDT,1187846000,0.0,27409,0.0
2025-07-24T15:35:41.783492,BTC-USDT,1187531000,0.0,35863,0.0
2025-07-24T15:35:41.784578,BTC-USDT,0.0,1187861000,0.0,148064
2025-07-24T15:35:41.785685,BTC-USDT,0.0,1187892000,0.0,0
2025-07-24T15:35:41.786477,BTC-USDT,0.0,1187980000,0.0,0
2025-07-24T15:35:41.787829,BTC-USDT,0.0,1187969000,0.0,107500
2025-07-24T15:35:41.828363,BTC-USDT,0.0,1188227000,0.0,18637
2025-07-24T15:35:42.645186,BTC-USDT,0.0,1187861000,0.0,133064
2025-07-24T15:35:42.652655,BTC-USDT,0.0,1187969000,0.0,0
2025-07-24T15:35:42.654502,BTC-USDT,0.0,1188206000,0.0,37594
2025-07-24T15:35:42.655479,BTC-USDT,1187764000,0.0,128069,0.0
2025-07-24T15:35:43.116637,BTC-USDT,0.0,1187996000,0.0,107500
2025-07-24T15:35:43.121771,BTC-USDT,0.0,1187980000,0.0,18637
2025-07-24T15:35:43.129743,BTC-USDT,1187601000,0.0,0,0.0
2025-07-24T15:35:43.170930,BTC-USDT,1187860000,1187861000,1171442,163064
2025-07-24T15:35:43.190361,BTC-USDT,1187860000,0.0,726140,0.0
2025-07-24T15:35:43.560583,BTC-USDT,1187510000,0.0,100489,0.0
2025-07-24T15:35:44.443372,BTC-USDT,0.0,1187980000,0.0,0
2025-07-24T15:35:44.451552,BTC-USDT,1187860000,1188206000,751564,0
2025-07-24T15:35:44.454944,BTC-USDT,0.0,1187861000,0.0,158501
2025-07-24T15:35:44.458302,BTC-USDT,0.0,1188206000,0.0,37653
2025-07-24T15:35:44.460997,BTC-USDT,0.0,1188206000,0.0,0
2025-07-24T15:35:44.463756,BTC-USDT,0.0,1188133000,0.0,0
2025-07-24T15:35:44.466762,BTC-USDT,1187860000,1187861000,1128983,27844
2025-07-24T15:35:44.469486,BTC-USDT,1187860000,0.0,1196866,0.0
2025-07-24T15:35:44.474129,BTC-USDT,0.0,1187861000,0.0,128333
2025-07-24T15:35:44.652399,BTC-USDT,0.0,1187996000,0.0,0
2025-07-24T15:35:44.732500,BTC-USDT,1187860000,0.0,1304366,0.0
2025-07-24T15:35:44.752272,BTC-USDT,0.0,1187861000,0.0,27844
2025-07-24T15:35:44.773179,BTC-USDT,1187860000,1187950000,1437396,0
2025-07-24T15:35:44.792242,BTC-USDT,1187860000,1187861000,1567338,0
2025-07-24T15:35:44.812504,BTC-USDT,1187861000,1187997000,522484,0
2025-07-24T15:35:44.832479,BTC-USDT,1187860000,0.0,629992,0.0
2025-07-24T15:35:44.852326,BTC-USDT,1187861000,1188195000,1249115,0
2025-07-24T15:35:44.872423,BTC-USDT,1187861000,1188108000,1642963,4563
2025-07-24T15:35:44.913341,BTC-USDT,1187861000,1187875000,1852490,100547
2025-07-24T15:35:44.952679,BTC-USDT,1187861000,1188014000,1877914,0
2025-07-24T15:35:45.012839,BTC-USDT,1187861000,0.0,1906950,0.0
2025-07-24T15:35:45.032657,BTC-USDT,0.0,1187970000,0.0,4564
2025-07-24T15:35:45.405956,BTC-USDT,1187818000,1188076000,20000,16000
2025-07-24T15:35:45.411150,BTC-USDT,1187874000,1187862000,140964,0
2025-07-24T15:35:45.411892,BTC-USDT,1187874000,0.0,502385,0.0
2025-07-24T15:35:45.413132,BTC-USDT,1187861000,0.0,292694,0.0
2025-07-24T15:35:45.414086,BTC-USDT,1187874000,0.0,582580,0.0
2025-07-24T15:35:45.414936,BTC-USDT,1187860000,0.0,0,0.0
2025-07-24T15:35:45.415978,BTC-USDT,1187511000,0.0,18637,0.0
2025-07-24T15:35:45.416455,BTC-USDT,0.0,1187875000,0.0,201
2025-07-24T15:35:45.416839,BTC-USDT,0.0,1188308000,0.0,37764
2025-07-24T15:35:45.453941,BTC-USDT,0.0,1187875000,0.0,100763
2025-07-24T15:35:45.473397,BTC-USDT,1187579000,0.0,0,0.0
2025-07-24T15:35:45.513968,BTC-USDT,1187874000,1188220000,441616,1
2025-07-24T15:35:45.553447,BTC-USDT,1187697000,1187970000,0,1
2025-07-24T15:35:45.593677,BTC-USDT,1187874000,1187875000,441817,105326
2025-07-24T15:35:45.653513,BTC-USDT,1187874000,0.0,359741,0.0
2025-07-24T15:35:45.733731,BTC-USDT,1187794000,1188045000,107500,107500
2025-07-24T15:35:45.773715,BTC-USDT,1187773000,1188053000,98300,85745
2025-07-24T15:35:46.222413,BTC-USDT,1187874000,0.0,1292432,0.0
2025-07-24T15:35:46.715102,BTC-USDT,1187874000,1188220000,1447348,1
2025-07-24T15:35:46.720285,BTC-USDT,0.0,1188249000,0.0,37764
2025-07-24T15:35:46.723192,BTC-USDT,0.0,1188249000,0.0,18882
2025-07-24T15:35:46.724680,BTC-USDT,0.0,1187875000,0.0,100763
2025-07-24T15:35:46.726135,BTC-USDT,0.0,1188249000,0.0,18895
2025-07-24T15:35:46.727994,BTC-USDT,1187853000,1188249000,567,37790
2025-07-24T15:35:46.728774,BTC-USDT,0.0,1187884000,0.0,4563
2025-07-24T15:35:46.729325,BTC-USDT,0.0,1188003000,0.0,0
2025-07-24T15:35:46.730299,BTC-USDT,0.0,1188249000,0.0,56651
2025-07-24T15:35:46.935760,BTC-USDT,1187874000,0.0,1411459,0.0
2025-07-24T15:35:46.995936,BTC-USDT,1187874000,1187875000,1447375,105326
2025-07-24T15:35:47.036066,BTC-USDT,1187874000,0.0,1434106,0.0
2025-07-24T15:35:47.056063,BTC-USDT,1187874000,0.0,1447430,0.0
2025-07-24T15:35:47.485843,BTC-USDT,0.0,1188249000,0.0,0
2025-07-24T15:35:47.697197,BTC-USDT,1187773000,0.0,0,0.0
2025-07-24T15:35:47.717325,BTC-USDT,1187874000,1188001000,1554930,107500
2025-07-24T15:35:48.399143,BTC-USDT,0.0,1188169000,0.0,0
2025-07-24T15:35:48.411401,BTC-USDT,0.0,1187875000,0.0,201
2025-07-24T15:35:48.414472,BTC-USDT,1187874000,1187991000,1614146,0
2025-07-24T15:35:48.414919,BTC-USDT,1187874000,1188002000,1815184,0
2025-07-24T15:35:48.416551,BTC-USDT,1187874000,1188053000,1829774,0
2025-07-24T15:35:48.419556,BTC-USDT,1187875000,1187875000,35241,0
2025-07-24T15:35:48.420526,BTC-USDT,1187875000,1187877000,363787,201
2025-07-24T15:35:48.421472,BTC-USDT,1187875000,1187876000,438379,0
2025-07-24T15:35:48.422938,BTC-USDT,1188086000,1188095000,96336,0
2025-07-24T15:35:48.423543,BTC-USDT,1188094000,1188161000,112938,30000
2025-07-24T15:35:48.424377,BTC-USDT,1188127000,1188400000,19010,0
2025-07-24T15:35:48.425651,BTC-USDT,1188160000,0.0,364609,0.0
2025-07-24T15:35:48.426487,BTC-USDT,1188160000,1188207000,646796,0
2025-07-24T15:35:48.427140,BTC-USDT,1188160000,1188213000,968956,0
2025-07-24T15:35:48.428188,BTC-USDT,1188160000,1188261000,1217123,121813
2025-07-24T15:35:48.428790,BTC-USDT,1188160000,0.0,1254332,0.0
2025-07-24T15:35:48.429704,BTC-USDT,1188160000,1188244000,1258054,4563
2025-07-24T15:35:48.430386,BTC-USDT,1188094000,0.0,299567,0.0
2025-07-24T15:35:48.479248,BTC-USDT,1188160000,1188235000,1362992,0
2025-07-24T15:35:48.518819,BTC-USDT,1188127000,1188421000,0,2500
2025-07-24T15:35:48.538599,BTC-USDT,0.0,1188535000,0.0,18890
2025-07-24T15:35:48.582858,BTC-USDT,1187875000,1188161000,362644,133177
2025-07-24T15:35:48.619592,BTC-USDT,1188094000,1188161000,27714,137740
2025-07-24T15:35:48.639011,BTC-USDT,1188094000,0.0,40175,0.0
2025-07-24T15:35:48.679223,BTC-USDT,1188094000,1188161000,27714,133378
2025-07-24T15:35:49.135520,BTC-USDT,1187786000,0.0,18935,0.0
2025-07-24T15:35:49.142272,BTC-USDT,1188160000,0.0,1375453,0.0
2025-07-24T15:35:49.144706,BTC-USDT,1187875000,0.0,137744,0.0
2025-07-24T15:35:49.146767,BTC-USDT,1187785000,1188241000,37992,107500
2025-07-24T15:35:49.147802,BTC-USDT,0.0,1188304000,0.0,0
2025-07-24T15:35:49.148817,BTC-USDT,0.0,1188360000,0.0,0
2025-07-24T15:35:49.150101,BTC-USDT,0.0,1188399000,0.0,0
2025-07-24T15:35:49.150454,BTC-USDT,0.0,1188461000,0.0,2500
2025-07-24T15:35:49.151260,BTC-USDT,0.0,1188506000,0.0,37780
2025-07-24T15:35:49.180079,BTC-USDT,0.0,1188461000,0.0,0
2025-07-24T15:35:49.220131,BTC-USDT,0.0,1188161000,0.0,152388
2025-07-24T15:35:49.260097,BTC-USDT,0.0,1188161000,0.0,133378
2025-07-24T15:35:49.713573,BTC-USDT,0.0,1188506000,0.0,0
2025-07-24T15:35:49.760803,BTC-USDT,0.0,1188217000,0.0,4562
2025-07-24T15:35:49.780877,BTC-USDT,1187904000,0.0,20000,0.0
2025-07-24T15:35:49.881097,BTC-USDT,0.0,1188407000,0.0,0
2025-07-24T15:35:49.900879,BTC-USDT,0.0,1188465000,0.0,2500
2025-07-24T15:35:49.960877,BTC-USDT,1187904000,0.0,0,0.0
2025-07-24T15:35:50.001300,BTC-USDT,1188160000,1188161000,1376968,103413
2025-07-24T15:35:50.041046,BTC-USDT,0.0,1188161000,0.0,102305
2025-07-24T15:35:50.321787,BTC-USDT,0.0,1188535000,0.0,0
2025-07-24T15:35:50.401815,BTC-USDT,0.0,1188465000,0.0,0
2025-07-24T15:35:50.421702,BTC-USDT,0.0,1188535000,0.0,37880
2025-07-24T15:35:50.481984,BTC-USDT,0.0,1188161000,0.0,105352
2025-07-24T15:35:50.957788,BTC-USDT,0.0,1188504000,0.0,2500
2025-07-24T15:35:50.964399,BTC-USDT,0.0,1188535000,0.0,0
2025-07-24T15:35:50.966885,BTC-USDT,0.0,1188241000,0.0,0
2025-07-24T15:35:50.968011,BTC-USDT,0.0,1188535000,0.0,18940
2025-07-24T15:35:50.969827,BTC-USDT,0.0,1188161000,0.0,0
2025-07-24T15:35:50.970834,BTC-USDT,1188219000,1188220000,236798,0
2025-07-24T15:35:50.972846,BTC-USDT,1188260000,1188261000,372808,202
2025-07-24T15:35:50.973509,BTC-USDT,1188220000,0.0,0,0.0
2025-07-24T15:35:50.974437,BTC-USDT,1188260000,1188261000,565539,201
2025-07-24T15:35:50.975246,BTC-USDT,1188260000,1188261000,1024229,253515
2025-07-24T15:35:51.003962,BTC-USDT,0.0,1188261000,0.0,331720
2025-07-24T15:35:51.046173,BTC-USDT,1188260000,0.0,988988,0.0
2025-07-24T15:35:51.525546,BTC-USDT,1188260000,1188284000,883265,3047
2025-07-24T15:35:51.530630,BTC-USDT,1188260000,1188581000,883466,0
2025-07-24T15:35:51.532197,BTC-USDT,0.0,1188337000,0.0,0
2025-07-24T15:35:51.534885,BTC-USDT,0.0,1188261000,0.0,334767
2025-07-24T15:35:51.534905,BTC-USDT,1188260000,1188261000,871005,231453
2025-07-24T15:35:51.535408,BTC-USDT,1188260000,1188597000,766067,7500
2025-07-24T15:35:51.604203,BTC-USDT,0.0,1188261000,0.0,334901
2025-07-24T15:35:51.664089,BTC-USDT,0.0,1188261000,0.0,353911
2025-07-24T15:35:51.704064,BTC-USDT,1188141000,0.0,0,0.0
2025-07-24T15:35:51.744198,BTC-USDT,1188260000,0.0,658567,0.0
2025-07-24T15:35:52.230899,BTC-USDT,0.0,1188506000,0.0,5000
2025-07-24T15:35:52.235968,BTC-USDT,1188260000,0.0,544122,0.0
2025-07-24T15:35:52.237511,BTC-USDT,1187907000,1188261000,0,354268
2025-07-24T15:35:52.239927,BTC-USDT,1188171000,1188353000,20000,20000
2025-07-24T15:35:52.241248,BTC-USDT,1188055000,0.0,128858,0.0
2025-07-24T15:35:52.245402,BTC-USDT,1188141000,1188261000,19010,335258
2025-07-24T15:35:52.287800,BTC-USDT,0.0,1188568000,0.0,0
2025-07-24T15:35:52.683242,BTC-USDT,0.0,1188526000,0.0,0
2025-07-24T15:35:52.690393,BTC-USDT,0.0,1188588000,0.0,7500
2025-07-24T15:35:52.692083,BTC-USDT,0.0,1188261000,0.0,334901
2025-07-24T15:35:52.693146,BTC-USDT,0.0,1188261000,0.0,328676
2025-07-24T15:35:52.694223,BTC-USDT,1188192000,1188261000,20000,325629
2025-07-24T15:35:52.695480,BTC-USDT,1188192000,1188586000,0,0
2025-07-24T15:35:52.696220,BTC-USDT,0.0,1188361000,0.0,0
2025-07-24T15:35:52.705974,BTC-USDT,1188166000,0.0,20000,0.0
2025-07-24T15:35:52.725888,BTC-USDT,0.0,1188382000,0.0,0
2025-07-24T15:35:52.766553,BTC-USDT,0.0,1188261000,0.0,328676
2025-07-24T15:35:53.212720,BTC-USDT,0.0,1188261000,0.0,225228
2025-07-24T15:35:53.217625,BTC-USDT,0.0,1188359000,0.0,20000
2025-07-24T15:35:53.220069,BTC-USDT,0.0,1188261000,0.0,328704
2025-07-24T15:35:53.222225,BTC-USDT,0.0,1188261000,0.0,347714
2025-07-24T15:35:53.222297,BTC-USDT,0.0,1188609000,0.0,7500
2025-07-24T15:35:53.223561,BTC-USDT,1188141000,1188269000,0,59281
2025-07-24T15:35:53.267021,BTC-USDT,1188096000,1188512000,1,5000
2025-07-24T15:35:53.407458,BTC-USDT,1188260000,0.0,522589,0.0
2025-07-24T15:35:53.527468,BTC-USDT,0.0,1188543000,0.0,0
2025-07-24T15:35:53.598238,BTC-USDT,1188260000,1188569000,544127,7500
2025-07-24T15:35:53.653976,BTC-USDT,0.0,1188261000,0.0,225228
2025-07-24T15:35:53.707999,BTC-USDT,1188167000,1188356000,97800,107500
2025-07-24T15:35:53.708072,BTC-USDT,1188260000,1188261000,530637,328704
2025-07-24T15:35:53.749211,BTC-USDT,1188167000,0.0,0,0.0
2025-07-24T15:35:54.174946,BTC-USDT,0.0,1188261000,0.0,347714
2025-07-24T15:35:54.603791,BTC-USDT,1188260000,1188261000,544135,325657
2025-07-24T15:35:54.607186,BTC-USDT,0.0,1188267000,0.0,3047
2025-07-24T15:35:54.609721,BTC-USDT,0.0,1188261000,0.0,328704
2025-07-24T15:35:54.609773,BTC-USDT,1188168000,0.0,2843,0.0
2025-07-24T15:35:54.612134,BTC-USDT,1188141000,0.0,0,0.0
2025-07-24T15:35:54.612177,BTC-USDT,0.0,1188261000,0.0,347714
2025-07-24T15:35:54.613756,BTC-USDT,1188138000,0.0,1,0.0
2025-07-24T15:35:54.615196,BTC-USDT,1188161000,0.0,0,0.0
2025-07-24T15:35:54.730224,BTC-USDT,0.0,1188261000,0.0,348071
2025-07-24T15:35:54.789861,BTC-USDT,1188260000,1188261000,539181,348072
2025-07-24T15:35:54.849876,BTC-USDT,1188218000,1188552000,0,2236
2025-07-24T15:35:54.869555,BTC-USDT,0.0,1188427000,0.0,24930
2025-07-24T15:35:55.170630,BTC-USDT,1188260000,1188261000,393210,452964
2025-07-24T15:35:55.190272,BTC-USDT,1188260000,1188261000,201,785993
2025-07-24T15:35:55.230791,BTC-USDT,1188260000,1188260000,0,176205
2025-07-24T15:35:55.250462,BTC-USDT,1188258000,1188260000,201,476594
2025-07-24T15:35:55.270235,BTC-USDT,1188077000,1188260000,8000,695728
2025-07-24T15:35:55.311302,BTC-USDT,1187829000,1188260000,2863,837116
2025-07-24T15:35:55.370593,BTC-USDT,1188077000,1188260000,0,1017315
2025-07-24T15:35:55.410731,BTC-USDT,1188042000,1188261000,0,116083
2025-07-24T15:35:55.450492,BTC-USDT,0.0,1188260000,0.0,1047315
2025-07-24T15:35:55.610952,BTC-USDT,1187977000,0.0,2863,0.0
2025-07-24T15:35:55.651090,BTC-USDT,1187829000,0.0,0,0.0
2025-07-24T15:35:55.691195,BTC-USDT,0.0,1188260000,0.0,1167422
2025-07-24T15:35:55.731778,BTC-USDT,0.0,1188378000,0.0,0
2025-07-24T15:35:55.751240,BTC-USDT,0.0,1188575000,0.0,24010
2025-07-24T15:35:56.372366,BTC-USDT,0.0,1188378000,0.0,17525
2025-07-24T15:35:56.377973,BTC-USDT,0.0,1188285000,0.0,89538
2025-07-24T15:35:56.453538,BTC-USDT,1187977000,0.0,0,0.0
2025-07-24T15:35:56.472209,BTC-USDT,1187784000,0.0,19010,0.0
2025-07-24T15:35:56.513098,BTC-USDT,0.0,1188276000,0.0,0
2025-07-24T15:35:57.025945,BTC-USDT,0.0,1188378000,0.0,5085
2025-07-24T15:35:57.153337,BTC-USDT,0.0,1188378000,0.0,0
2025-07-24T15:35:57.594008,BTC-USDT,1187981000,0.0,107500,0.0
2025-07-24T15:35:58.039467,BTC-USDT,1187981000,1188408000,0,144960
2025-07-24T15:35:58.044082,BTC-USDT,1187784000,0.0,18778,0.0
2025-07-24T15:35:58.175018,BTC-USDT,0.0,1188378000,0.0,17524
2025-07-24T15:35:58.221387,BTC-USDT,0.0,1188510000,0.0,2500
2025-07-24T15:35:58.996151,BTC-USDT,0.0,1188378000,0.0,0
2025-07-24T15:35:59.216491,BTC-USDT,1188180000,0.0,4954,0.0
2025-07-24T15:35:59.236496,BTC-USDT,1188259000,1188260000,114646,1148412
2025-07-24T15:35:59.256538,BTC-USDT,1188259000,1188260000,199877,899508
2025-07-24T15:35:59.296667,BTC-USDT,1188180000,1188260000,0,828669
2025-07-24T15:35:59.336776,BTC-USDT,0.0,1188260000,0.0,831717
2025-07-24T15:35:59.376745,BTC-USDT,0.0,1188260000,0.0,935316
2025-07-24T15:35:59.396727,BTC-USDT,1187786000,0.0,0,0.0
2025-07-24T15:35:59.437973,BTC-USDT,1187784000,0.0,18778,0.0
2025-07-24T15:35:59.816862,BTC-USDT,1188259000,1188260000,201,1004396
2025-07-24T15:35:59.821873,BTC-USDT,1188259000,1188259000,0,211446
2025-07-24T15:35:59.823841,BTC-USDT,1187885000,1188259000,19038,552293
2025-07-24T15:35:59.824928,BTC-USDT,0.0,1188259000,0.0,959091
2025-07-24T15:35:59.825741,BTC-USDT,1187810000,1188259000,38076,1036541
2025-07-24T15:35:59.827003,BTC-USDT,0.0,1188259000,0.0,1140092
2025-07-24T15:35:59.827913,BTC-USDT,0.0,1188259000,0.0,1170092
2025-07-24T15:35:59.829375,BTC-USDT,0.0,1188259000,0.0,1170093
2025-07-24T15:35:59.857346,BTC-USDT,0.0,1188259000,0.0,1066542
2025-07-24T15:35:59.898859,BTC-USDT,0.0,1188534000,0.0,0
2025-07-24T15:35:59.937348,BTC-USDT,0.0,1188422000,0.0,0
2025-07-24T15:35:59.977696,BTC-USDT,0.0,1188259000,0.0,1170093
2025-07-24T15:36:00.077697,BTC-USDT,0.0,1188259000,0.0,1143515
2025-07-24T15:36:00.098126,BTC-USDT,0.0,1188259000,0.0,1170095
2025-07-24T15:36:00.177879,BTC-USDT,1187987000,0.0,121416,0.0
2025-07-24T15:36:00.218256,BTC-USDT,1188066000,0.0,621,0.0
2025-07-24T15:36:00.716183,BTC-USDT,0.0,1188259000,0.0,1171507
2025-07-24T15:36:00.725416,BTC-USDT,0.0,1188259000,0.0,1178969
2025-07-24T15:36:00.729473,BTC-USDT,1188077000,0.0,8000,0.0
2025-07-24T15:36:00.734217,BTC-USDT,1188098000,0.0,0,0.0
2025-07-24T15:36:00.737407,BTC-USDT,1188106000,1188259000,0,1178969
2025-07-24T15:36:00.740317,BTC-USDT,0.0,1188259000,0.0,1286469
2025-07-24T15:36:00.743376,BTC-USDT,1188004000,1188314000,0,0
2025-07-24T15:36:00.746823,BTC-USDT,1188121000,1188507000,0,20000
2025-07-24T15:36:00.749117,BTC-USDT,1188066000,0.0,0,0.0
2025-07-24T15:36:00.751327,BTC-USDT,1188067000,0.0,4954,0.0
2025-07-24T15:36:00.760357,BTC-USDT,1187997000,1188457000,0,2500
2025-07-24T15:36:00.802145,BTC-USDT,1188067000,1188259000,0,1438910
2025-07-24T15:36:00.841782,BTC-USDT,1187842000,1188259000,4954,1439296
2025-07-24T15:36:00.882348,BTC-USDT,1187973000,1188259000,0,1512524
2025-07-24T15:36:00.901402,BTC-USDT,1187949000,0.0,0,0.0
2025-07-24T15:36:00.922327,BTC-USDT,1187917000,1188259000,0,1514296
2025-07-24T15:36:00.961148,BTC-USDT,1187961000,1188292000,4954,2500
2025-07-24T15:36:01.023202,BTC-USDT,1187961000,1188314000,0,16000
2025-07-24T15:36:01.061946,BTC-USDT,1187865000,1188390000,4954,0
2025-07-24T15:36:01.100647,BTC-USDT,0.0,1188259000,0.0,1516796
2025-07-24T15:36:01.140446,BTC-USDT,1187988000,1188285000,4954,94538
2025-07-24T15:36:01.160461,BTC-USDT,1187892000,0.0,0,0.0
2025-07-24T15:36:01.622210,BTC-USDT,1187871000,0.0,0,0.0
2025-07-24T15:36:01.635405,BTC-USDT,1187834000,0.0,0,0.0
2025-07-24T15:36:01.637427,BTC-USDT,1187988000,1188299000,0,5000
2025-07-24T15:36:01.639079,BTC-USDT,1187584000,0.0,0,0.0
2025-07-24T15:36:01.640472,BTC-USDT,1187525000,0.0,19069,0.0
2025-07-24T15:36:01.642543,BTC-USDT,1187525000,0.0,19030,0.0
2025-07-24T15:36:01.642776,BTC-USDT,1187525000,0.0,0,0.0
2025-07-24T15:36:01.643261,BTC-USDT,0.0,1188259000,0.0,1541181
2025-07-24T15:36:01.680695,BTC-USDT,1187525000,0.0,0,0.0
2025-07-24T15:36:02.209882,BTC-USDT,1187729000,0.0,0,0.0
2025-07-24T15:36:02.218570,BTC-USDT,1187681000,0.0,837,0.0
2025-07-24T15:36:02.220587,BTC-USDT,1187783000,1188259000,20000,1561181
2025-07-24T15:36:02.221984,BTC-USDT,1187659000,0.0,19104,0.0
2025-07-24T15:36:02.223039,BTC-USDT,1187619000,0.0,0,0.0
2025-07-24T15:36:02.740198,BTC-USDT,1187663000,0.0,0,0.0
2025-07-24T15:36:02.744860,BTC-USDT,1187544000,0.0,18778,0.0
2025-07-24T15:36:02.864570,BTC-USDT,1187663000,0.0,18778,0.0
2025-07-24T15:36:02.985013,BTC-USDT,1187663000,0.0,0,0.0
2025-07-24T15:36:03.024898,BTC-USDT,1187544000,0.0,18778,0.0
2025-07-24T15:36:03.794942,BTC-USDT,1187659000,0.0,0,0.0
2025-07-24T15:36:03.804165,BTC-USDT,1187600000,0.0,19096,0.0
2025-07-24T15:36:03.805835,BTC-USDT,1187778000,0.0,0,0.0
2025-07-24T15:36:03.807245,BTC-USDT,1187783000,0.0,0,0.0
2025-07-24T15:36:03.809143,BTC-USDT,0.0,1188259000,0.0,1536796
2025-07-24T15:36:03.810673,BTC-USDT,0.0,1188377000,0.0,5083
2025-07-24T15:36:03.811397,BTC-USDT,1187643000,1188259000,19096,1429296
2025-07-24T15:36:03.812705,BTC-USDT,1187663000,0.0,18778,0.0
2025-07-24T15:36:03.813640,BTC-USDT,1187600000,0.0,0,0.0
2025-07-24T15:36:03.816217,BTC-USDT,0.0,1188259000,0.0,1453679
2025-07-24T15:36:03.926532,BTC-USDT,0.0,1188259000,0.0,1432479
2025-07-24T15:36:03.966443,BTC-USDT,1187663000,0.0,0,0.0
2025-07-24T15:36:03.986387,BTC-USDT,1187544000,0.0,18778,0.0
2025-07-24T15:36:04.053729,BTC-USDT,1187663000,0.0,18778,0.0
2025-07-24T15:36:04.207021,BTC-USDT,1187663000,0.0,0,0.0
2025-07-24T15:36:04.591543,BTC-USDT,1187544000,0.0,18778,0.0
2025-07-24T15:36:04.603697,BTC-USDT,1187663000,0.0,18778,0.0
2025-07-24T15:36:04.604274,BTC-USDT,1187663000,0.0,0,0.0
2025-07-24T15:36:04.605467,BTC-USDT,1187544000,0.0,18778,0.0
2025-07-24T15:36:04.606169,BTC-USDT,0.0,1188259000,0.0,1539979
2025-07-24T15:36:04.607437,BTC-USDT,1187712000,1188465000,0,1274000
2025-07-24T15:36:04.607551,BTC-USDT,1187584000,0.0,19088,0.0
2025-07-24T15:36:04.668023,BTC-USDT,0.0,1188259000,0.0,1536796
2025-07-24T15:36:04.728013,BTC-USDT,1187584000,1188259000,0,1539005
2025-07-24T15:36:04.767833,BTC-USDT,1187525000,1188259000,19118,1539008
2025-07-24T15:36:04.848359,BTC-USDT,1187584000,0.0,19118,0.0
2025-07-24T15:36:04.928658,BTC-USDT,1187643000,0.0,19118,0.0
2025-07-24T15:36:04.968210,BTC-USDT,1187584000,0.0,0,0.0
2025-07-24T15:36:05.049101,BTC-USDT,1187525000,0.0,19006,0.0
2025-07-24T15:36:05.088326,BTC-USDT,1187643000,0.0,0,0.0
2025-07-24T15:36:05.189005,BTC-USDT,1187525000,0.0,19118,0.0
2025-07-24T15:36:05.610414,BTC-USDT,1187584000,0.0,19118,0.0
2025-07-24T15:36:06.089102,BTC-USDT,1187525000,0.0,0,0.0
2025-07-24T15:36:06.092185,BTC-USDT,1187532000,0.0,2904,0.0
2025-07-24T15:36:06.093293,BTC-USDT,1187525000,0.0,19028,0.0
2025-07-24T15:36:06.094882,BTC-USDT,1187643000,0.0,19139,0.0
2025-07-24T15:36:06.095933,BTC-USDT,1187584000,0.0,0,0.0
2025-07-24T15:36:06.098549,BTC-USDT,1187643000,0.0,0,0.0
2025-07-24T15:36:06.100007,BTC-USDT,1187584000,1188339000,19139,0
2025-07-24T15:36:06.101033,BTC-USDT,0.0,1188259000,0.0,1536508
2025-07-24T15:36:06.102157,BTC-USDT,0.0,1188259000,0.0,1539008
2025-07-24T15:36:06.102897,BTC-USDT,1187643000,1188259000,19139,1541508
2025-07-24T15:36:06.150567,BTC-USDT,1187584000,0.0,0,0.0
2025-07-24T15:36:06.190516,BTC-USDT,1187643000,0.0,0,0.0
2025-07-24T15:36:06.580469,BTC-USDT,1187584000,0.0,19139,0.0
2025-07-24T15:36:06.584048,BTC-USDT,1187525000,0.0,19046,0.0
2025-07-24T15:36:06.972112,BTC-USDT,1187643000,0.0,19139,0.0
2025-07-24T15:36:06.974805,BTC-USDT,1187584000,0.0,0,0.0
2025-07-24T15:36:06.984526,BTC-USDT,0.0,1188259000,0.0,1434008
2025-07-24T15:36:06.984585,BTC-USDT,0.0,1188299000,0.0,0
2025-07-24T15:36:06.984642,BTC-USDT,0.0,1188259000,0.0,1439008
2025-07-24T15:36:07.031494,BTC-USDT,1187643000,0.0,0,0.0
2025-07-24T15:36:07.051564,BTC-USDT,1187584000,0.0,19157,0.0
2025-07-24T15:36:07.111898,BTC-USDT,1187681000,1188347000,0,722
2025-07-24T15:36:07.171795,BTC-USDT,0.0,1188259000,0.0,1402512
2025-07-24T15:36:07.212029,BTC-USDT,0.0,1188259000,0.0,1438989
2025-07-24T15:36:07.272004,BTC-USDT,1188258000,1188258000,0,592614
2025-07-24T15:36:07.292155,BTC-USDT,1188179000,1188180000,0,510649
2025-07-24T15:36:07.312141,BTC-USDT,1187400000,1187893000,19072,418940
2025-07-24T15:36:07.331967,BTC-USDT,1187892000,1187889000,0,3052
2025-07-24T15:36:07.352332,BTC-USDT,1187805000,1187806000,0,335227
2025-07-24T15:36:07.728902,BTC-USDT,1187742000,1187747000,0,332537
2025-07-24T15:36:07.735560,BTC-USDT,1187746000,1187747000,0,583743
2025-07-24T15:36:07.737710,BTC-USDT,1187639000,1187640000,0,332175
2025-07-24T15:36:07.739123,BTC-USDT,1187602000,1187640000,4954,332175
2025-07-24T15:36:07.740397,BTC-USDT,1187447000,1187746000,20000,56186
2025-07-24T15:36:07.741160,BTC-USDT,1187602000,1187598000,0,157408
2025-07-24T15:36:07.742023,BTC-USDT,1187532000,1187593000,4954,18489
2025-07-24T15:36:07.743191,BTC-USDT,0.0,1187640000,0.0,104938
2025-07-24T15:36:07.743869,BTC-USDT,1187592000,1187598000,85231,0
2025-07-24T15:36:07.744847,BTC-USDT,1187592000,1187593000,80478,273428
2025-07-24T15:36:07.745626,BTC-USDT,1187592000,0.0,85432,0.0
2025-07-24T15:36:07.746233,BTC-USDT,0.0,1187593000,0.0,276480
2025-07-24T15:36:07.746926,BTC-USDT,0.0,1187615000,0.0,0
2025-07-24T15:36:07.748072,BTC-USDT,1187527000,0.0,0,0.0
2025-07-24T15:36:07.773342,BTC-USDT,1187447000,1187773000,0,0
2025-07-24T15:36:07.813318,BTC-USDT,0.0,1187686000,0.0,2183
2025-07-24T15:36:07.833559,BTC-USDT,1187474000,0.0,0,0.0
2025-07-24T15:36:07.874159,BTC-USDT,1187531000,0.0,0,0.0
2025-07-24T15:36:07.913623,BTC-USDT,1187524000,1187593000,0,293137
2025-07-24T15:36:07.933798,BTC-USDT,1187217000,1187593000,19072,622210
2025-07-24T15:36:07.977158,BTC-USDT,1187416000,1187593000,0,762038
2025-07-24T15:36:08.343104,BTC-USDT,1187217000,1187593000,39072,861760
2025-07-24T15:36:08.703953,BTC-USDT,1187408000,0.0,738,0.0
2025-07-24T15:36:08.706792,BTC-USDT,1187592000,1187593000,5155,897572
2025-07-24T15:36:08.708638,BTC-USDT,1187592000,1187593000,201,966652
2025-07-24T15:36:08.709727,BTC-USDT,1187314000,0.0,150831,0.0
2025-07-24T15:36:08.711126,BTC-USDT,1187592000,1187592000,0,211446
2025-07-24T15:36:08.711950,BTC-USDT,0.0,1187968000,0.0,19072
2025-07-24T15:36:08.713252,BTC-USDT,1187346000,1187592000,0,904644
2025-07-24T15:36:08.714166,BTC-USDT,0.0,1187592000,0.0,1035969
2025-07-24T15:36:08.715094,BTC-USDT,1187368000,1187592000,0,1065969
2025-07-24T15:36:08.716223,BTC-USDT,1187295000,1187685000,0,26117
2025-07-24T15:36:08.717509,BTC-USDT,1187108000,1187967000,18489,19070
2025-07-24T15:36:08.718924,BTC-USDT,0.0,1187592000,0.0,1173469
2025-07-24T15:36:08.718961,BTC-USDT,1187342000,0.0,20000,0.0
2025-07-24T15:36:08.719436,BTC-USDT,0.0,1187710000,0.0,17574
2025-07-24T15:36:08.814944,BTC-USDT,1187331000,1187967000,20000,38072
2025-07-24T15:36:08.874896,BTC-USDT,0.0,1187713000,0.0,20000
2025-07-24T15:36:08.915535,BTC-USDT,0.0,1187710000,0.0,17573
2025-07-24T15:36:08.975238,BTC-USDT,0.0,1187592000,0.0,1182343
2025-07-24T15:36:09.737336,BTC-USDT,1187408000,1188269000,0,0
2025-07-24T15:36:09.746781,BTC-USDT,1187449000,1187592000,0,1241583
2025-07-24T15:36:09.749392,BTC-USDT,1187302000,1187726000,115840,2500
2025-07-24T15:36:09.751020,BTC-USDT,1187342000,0.0,0,0.0
2025-07-24T15:36:09.751546,BTC-USDT,1187422000,1187592000,4954,1267700
2025-07-24T15:36:09.752742,BTC-USDT,1187160000,1187710000,20000,17572
2025-07-24T15:36:09.753955,BTC-USDT,1187286000,0.0,20000,0.0
2025-07-24T15:36:09.754590,BTC-USDT,1187286000,0.0,40000,0.0
2025-07-24T15:36:09.756074,BTC-USDT,1187076000,0.0,19105,0.0
2025-07-24T15:36:10.207937,BTC-USDT,0.0,1187592000,0.0,1270750
2025-07-24T15:36:10.613046,BTC-USDT,0.0,1187592000,0.0,1267698
2025-07-24T15:36:10.616677,BTC-USDT,1187106000,0.0,37970,0.0
2025-07-24T15:36:10.618768,BTC-USDT,0.0,1187592000,0.0,1330150
2025-07-24T15:36:10.620247,BTC-USDT,1187106000,0.0,0,0.0
2025-07-24T15:36:10.621853,BTC-USDT,1187286000,1187713000,0,0
2025-07-24T15:36:10.625681,BTC-USDT,1187127000,1187877000,8000,20000
2025-07-24T15:36:10.629032,BTC-USDT,1187161000,0.0,0,0.0
2025-07-24T15:36:10.630104,BTC-USDT,1187227000,0.0,0,0.0
2025-07-24T15:36:10.631638,BTC-USDT,1187076000,1187592000,0,1482591
2025-07-24T15:36:10.632660,BTC-USDT,1187211000,1187592000,148437,1557591
2025-07-24T15:36:10.633942,BTC-USDT,0.0,1187711000,0.0,0
2025-07-24T15:36:10.635007,BTC-USDT,1187422000,1187592000,0,1557977
2025-07-24T15:36:10.635814,BTC-USDT,1187302000,1187619000,0,2500
2025-07-24T15:36:10.636493,BTC-USDT,1187280000,1187650000,0,5000
2025-07-24T15:36:10.698322,BTC-USDT,1187031000,1188129000,19035,200428
2025-07-24T15:36:10.718160,BTC-USDT,1187146000,0.0,712,0.0
2025-07-24T15:36:11.193355,BTC-USDT,1187075000,0.0,62878,0.0
2025-07-24T15:36:11.199554,BTC-USDT,1187194000,0.0,746,0.0
2025-07-24T15:36:11.201379,BTC-USDT,1187211000,0.0,0,0.0
2025-07-24T15:36:11.202944,BTC-USDT,1186989000,0.0,18489,0.0
2025-07-24T15:36:11.204679,BTC-USDT,0.0,1187656000,0.0,0
2025-07-24T15:36:11.259101,BTC-USDT,0.0,1187609000,0.0,2500
2025-07-24T15:36:11.299058,BTC-USDT,1187205000,1187604000,0,5000
2025-07-24T15:36:11.359770,BTC-USDT,1187325000,0.0,0,0.0
2025-07-24T15:36:11.399328,BTC-USDT,1187282000,1187596000,20000,20000
2025-07-24T15:36:11.439466,BTC-USDT,1187127000,1187592000,105877,1567977
2025-07-24T15:36:11.479463,BTC-USDT,1187353000,0.0,4954,0.0
2025-07-24T15:36:11.520549,BTC-USDT,1187178000,0.0,20000,0.0
2025-07-24T15:36:11.579660,BTC-USDT,0.0,1187592000,0.0,1505525
2025-07-24T15:36:12.192863,BTC-USDT,0.0,1187710000,0.0,17570
2025-07-24T15:36:12.200211,BTC-USDT,1187058000,0.0,0,0.0
2025-07-24T15:36:12.609169,BTC-USDT,1187179000,1187598000,20000,689
2025-07-24T15:36:12.612523,BTC-USDT,0.0,1187592000,0.0,1529897
2025-07-24T15:36:12.614870,BTC-USDT,0.0,1187639000,0.0,0
2025-07-24T15:36:12.616681,BTC-USDT,1187070000,1187596000,19009,0
2025-07-24T15:36:12.617421,BTC-USDT,1187179000,0.0,0,0.0
2025-07-24T15:36:12.618752,BTC-USDT,0.0,1187592000,0.0,1608608
2025-07-24T15:36:13.119011,BTC-USDT,1187127000,0.0,97877,0.0
2025-07-24T15:36:13.124868,BTC-USDT,1187052000,1187592000,0,1611790
2025-07-24T15:36:13.126511,BTC-USDT,1187194000,1187592000,20000,1631790
2025-07-24T15:36:13.127826,BTC-USDT,0.0,1187592000,0.0,1528707
2025-07-24T15:36:13.182366,BTC-USDT,0.0,1187592000,0.0,1631741
2025-07-24T15:36:13.302032,BTC-USDT,0.0,1187887000,0.0,1
2025-07-24T15:36:14.295973,BTC-USDT,0.0,1187710000,0.0,0
2025-07-24T15:36:14.305457,BTC-USDT,0.0,1187846000,0.0,1
2025-07-24T15:36:14.749799,BTC-USDT,0.0,1187592000,0.0,1646741
2025-07-24T15:36:14.754681,BTC-USDT,0.0,1187592000,0.0,1643559
2025-07-24T15:36:14.756075,BTC-USDT,0.0,1187710000,0.0,17570
2025-07-24T15:36:14.785055,BTC-USDT,0.0,1187592000,0.0,1643560
2025-07-24T15:36:15.498545,BTC-USDT,0.0,1187592000,0.0,1667933
2025-07-24T15:36:15.504545,BTC-USDT,1187070000,0.0,18987,0.0
2025-07-24T15:36:15.506025,BTC-USDT,0.0,1187804000,0.0,1
2025-07-24T15:36:15.507036,BTC-USDT,1187266000,0.0,107400,0.0
2025-07-24T15:36:15.508157,BTC-USDT,1187234000,0.0,18489,0.0
2025-07-24T15:36:15.509091,BTC-USDT,1187266000,0.0,0,0.0
2025-07-24T15:36:15.666939,BTC-USDT,1187070000,0.0,0,0.0
2025-07-24T15:36:15.705998,BTC-USDT,1187070000,1187592000,18987,1652933
2025-07-24T15:36:15.866041,BTC-USDT,1187234000,0.0,0,0.0
2025-07-24T15:36:15.886159,BTC-USDT,1187070000,0.0,0,0.0
2025-07-24T15:36:15.926177,BTC-USDT,1187353000,0.0,0,0.0
2025-07-24T15:36:16.324354,BTC-USDT,1187108000,0.0,0,0.0
2025-07-24T15:36:16.736150,BTC-USDT,1187115000,0.0,18489,0.0
2025-07-24T15:36:16.738948,BTC-USDT,1187115000,0.0,0,0.0
2025-07-24T15:36:16.740443,BTC-USDT,1187150000,0.0,0,0.0
2025-07-24T15:36:16.742117,BTC-USDT,1187146000,0.0,0,0.0
2025-07-24T15:36:16.743367,BTC-USDT,1187127000,1187763000,16000,1
2025-07-24T15:36:16.744723,BTC-USDT,1187194000,0.0,0,0.0
2025-07-24T15:36:16.745820,BTC-USDT,1187232000,1187592000,0,1642933
2025-07-24T15:36:16.747090,BTC-USDT,1187591000,1187590000,0,591368
2025-07-24T15:36:16.748153,BTC-USDT,1187514000,1187515000,0,21902
2025-07-24T15:36:16.749305,BTC-USDT,0.0,1187283000,0.0,234819
2025-07-24T15:36:16.750411,BTC-USDT,1187282000,1187283000,0,696137
2025-07-24T15:36:16.751523,BTC-USDT,1187202000,1187203000,0,18489
2025-07-24T15:36:16.752244,BTC-USDT,1187182000,1187191000,0,78481
2025-07-24T15:36:16.753158,BTC-USDT,1186639000,1187191000,18934,310076
2025-07-24T15:36:16.753669,BTC-USDT,1186679000,1187191000,19065,539042
2025-07-24T15:36:16.754168,BTC-USDT,1187190000,1187183000,0,70482
2025-07-24T15:36:16.754805,BTC-USDT,1187119000,1187123000,114445,150000
2025-07-24T15:36:16.755441,BTC-USDT,1187122000,1187123000,4954,168934
2025-07-24T15:36:16.756199,BTC-USDT,1187122000,1187123000,0,294417
2025-07-24T15:36:16.756234,BTC-USDT,1187122000,1187123000,31037,361971
2025-07-24T15:36:16.756754,BTC-USDT,1187122000,1187181000,80460,7132
2025-07-24T15:36:16.756789,BTC-USDT,1186746000,1187123000,19032,396679
2025-07-24T15:36:16.787683,BTC-USDT,0.0,1187123000,0.0,423259
2025-07-24T15:36:16.807990,BTC-USDT,0.0,1187123000,0.0,526259
2025-07-24T15:36:16.828355,BTC-USDT,0.0,1187123000,0.0,545193
2025-07-24T15:36:17.130253,BTC-USDT,1186996000,0.0,20000,0.0
2025-07-24T15:36:17.168949,BTC-USDT,1187122000,0.0,93958,0.0
2025-07-24T15:36:17.209318,BTC-USDT,0.0,1187292000,0.0,20000
2025-07-24T15:36:17.241815,BTC-USDT,0.0,1187242000,0.0,18934
2025-07-24T15:36:17.271874,BTC-USDT,1186890000,0.0,16000,0.0
2025-07-24T15:36:17.748628,BTC-USDT,1187122000,0.0,98912,0.0
2025-07-24T15:36:17.763544,BTC-USDT,1187122000,0.0,85414,0.0
2025-07-24T15:36:17.766002,BTC-USDT,1187122000,1187123000,201,650085
2025-07-24T15:36:17.767176,BTC-USDT,1186890000,0.0,8000,0.0
2025-07-24T15:36:17.789125,BTC-USDT,1186996000,1187123000,0,650447
2025-07-24T15:36:17.830156,BTC-USDT,1187122000,1187122000,0,105723
2025-07-24T15:36:17.849418,BTC-USDT,1186854000,1187122000,20000,380380
2025-07-24T15:36:17.889528,BTC-USDT,0.0,1187122000,0.0,685460
2025-07-24T15:36:17.909495,BTC-USDT,1186815000,1187122000,166196,711847
2025-07-24T15:36:17.930038,BTC-USDT,0.0,1187122000,0.0,1020640
2025-07-24T15:36:17.969664,BTC-USDT,1186815000,1187122000,139954,1215938
2025-07-24T15:36:18.009953,BTC-USDT,0.0,1187122000,0.0,1305050
2025-07-24T15:36:18.049497,BTC-USDT,0.0,1187405000,0.0,0
2025-07-24T15:36:18.090316,BTC-USDT,0.0,1187333000,0.0,5000
2025-07-24T15:36:18.351817,BTC-USDT,0.0,1187240000,0.0,17566
2025-07-24T15:36:18.390153,BTC-USDT,0.0,1187122000,0.0,1412450
2025-07-24T15:36:18.751397,BTC-USDT,0.0,1187334000,0.0,5000
2025-07-24T15:36:18.756074,BTC-USDT,0.0,1187334000,0.0,10000
2025-07-24T15:36:18.758388,BTC-USDT,1186877000,0.0,0,0.0
2025-07-24T15:36:19.274418,BTC-USDT,0.0,1187397000,0.0,2387
2025-07-24T15:36:19.351428,BTC-USDT,1186855000,0.0,107400,0.0
2025-07-24T15:36:20.106418,BTC-USDT,0.0,1187122000,0.0,1412448
2025-07-24T15:36:20.111133,BTC-USDT,0.0,1187810000,0.0,0
2025-07-24T15:36:20.112750,BTC-USDT,0.0,1187544000,0.0,1274000
2025-07-24T15:36:20.113944,BTC-USDT,0.0,1187164000,0.0,218400
2025-07-24T15:36:20.115213,BTC-USDT,0.0,1187300000,0.0,0
2025-07-24T15:36:20.115860,BTC-USDT,0.0,1187831000,0.0,18934
2025-07-24T15:36:20.116578,BTC-USDT,0.0,1187262000,0.0,2500
2025-07-24T15:36:20.192742,BTC-USDT,0.0,1187292000,0.0,5000
2025-07-24T15:36:20.232935,BTC-USDT,0.0,1187292000,0.0,10000
2025-07-24T15:36:20.725448,BTC-USDT,1186855000,0.0,0,0.0
2025-07-24T15:36:21.113471,BTC-USDT,0.0,1187122000,0.0,1487448
2025-07-24T15:36:21.116562,BTC-USDT,0.0,1187216000,0.0,7500
2025-07-24T15:36:21.120858,BTC-USDT,0.0,1187221000,0.0,10000
2025-07-24T15:36:21.122416,BTC-USDT,0.0,1187189000,0.0,2500
2025-07-24T15:36:21.124175,BTC-USDT,0.0,1187226000,0.0,2500
2025-07-24T15:36:21.154345,BTC-USDT,0.0,1187123000,0.0,0
2025-07-24T15:36:21.255551,BTC-USDT,0.0,1187216000,0.0,0
2025-07-24T15:36:21.274593,BTC-USDT,0.0,1187122000,0.0,1589905
2025-07-24T15:36:21.294459,BTC-USDT,0.0,1187233000,0.0,7500
2025-07-24T15:36:21.334340,BTC-USDT,0.0,1187239000,0.0,7500
2025-07-24T15:36:21.440025,BTC-USDT,1187121000,0.0,114646,0.0
2025-07-24T15:36:21.454886,BTC-USDT,1187121000,1187122000,127107,1511859
2025-07-24T15:36:21.475390,BTC-USDT,1187121000,1187122000,326017,144488
2025-07-24T15:36:21.494901,BTC-USDT,1187121000,1187122000,616808,49533
2025-07-24T15:36:21.517660,BTC-USDT,1187121000,1187122000,1273114,31917
2025-07-24T15:36:21.535469,BTC-USDT,1187121000,1187122000,1415212,14949
2025-07-24T15:36:21.555400,BTC-USDT,1186883000,0.0,18934,0.0
2025-07-24T15:36:21.575580,BTC-USDT,1187121000,1187221000,1535564,0
2025-07-24T15:36:21.615741,BTC-USDT,1187121000,1187122000,1610726,0
2025-07-24T15:36:21.636784,BTC-USDT,1187122000,1187529000,138333,0
2025-07-24T15:36:21.675296,BTC-USDT,1187122000,1187124000,174145,201
2025-07-24T15:36:21.696314,BTC-USDT,1187122000,1187335000,551982,0
2025-07-24T15:36:21.715182,BTC-USDT,1187122000,1187741000,1034164,0
2025-07-24T15:36:21.735257,BTC-USDT,1187122000,1187123000,1282070,0
2025-07-24T15:36:21.755179,BTC-USDT,1187123000,0.0,164852,0.0
2025-07-24T15:36:21.775388,BTC-USDT,1187122000,0.0,524637,0.0
2025-07-24T15:36:21.815492,BTC-USDT,1187123000,1187383000,1176313,47241
2025-07-24T15:36:21.836229,BTC-USDT,1187123000,1187401000,1471122,3049
2025-07-24T15:36:21.875582,BTC-USDT,1186747000,0.0,39020,0.0
2025-07-24T15:36:21.915684,BTC-USDT,1187123000,0.0,1832412,0.0
2025-07-24T15:36:21.975508,BTC-USDT,0.0,1187779000,0.0,0
2025-07-24T15:36:22.054063,BTC-USDT,0.0,1187149000,0.0,58559
2025-07-24T15:36:22.056200,BTC-USDT,1186772000,1187282000,0,3049
2025-07-24T15:36:22.075711,BTC-USDT,1187123000,1187512000,1367717,19009
2025-07-24T15:36:22.115884,BTC-USDT,1187123000,1187362000,1034833,18934
2025-07-24T15:36:22.136132,BTC-USDT,0.0,1187704000,0.0,0
2025-07-24T15:36:22.176087,BTC-USDT,0.0,1187503000,0.0,389
2025-07-24T15:36:22.216163,BTC-USDT,1187148000,1187124000,35241,0
2025-07-24T15:36:22.655933,BTC-USDT,1187148000,1187149000,367763,58760
2025-07-24T15:36:23.453176,BTC-USDT,1187148000,0.0,262040,0.0
2025-07-24T15:36:23.461340,BTC-USDT,1187148000,1187149000,295879,274986
2025-07-24T15:36:23.463908,BTC-USDT,1187124000,1187511000,0,107400
2025-07-24T15:36:23.466953,BTC-USDT,1187148000,0.0,724714,0.0
2025-07-24T15:36:23.467279,BTC-USDT,1187148000,1187281000,868784,7129
2025-07-24T15:36:23.469527,BTC-USDT,1187148000,0.0,904596,0.0
2025-07-24T15:36:23.471799,BTC-USDT,1187148000,0.0,797196,0.0
2025-07-24T15:36:23.472831,BTC-USDT,0.0,1187163000,0.0,3049
2025-07-24T15:36:23.475018,BTC-USDT,0.0,1187282000,0.0,0
2025-07-24T15:36:23.475271,BTC-USDT,0.0,1187149000,0.0,216427
2025-07-24T15:36:23.476320,BTC-USDT,1187122000,1187149000,139667,318866
2025-07-24T15:36:23.477997,BTC-USDT,1186764000,1187510000,18935,26001
2025-07-24T15:36:23.478236,BTC-USDT,1187148000,0.0,682751,0.0
2025-07-24T15:36:23.480429,BTC-USDT,1187122000,0.0,0,0.0
2025-07-24T15:36:23.481428,BTC-USDT,0.0,1187834000,0.0,0
2025-07-24T15:36:23.482362,BTC-USDT,0.0,1187604000,0.0,55112
2025-07-24T15:36:23.483325,BTC-USDT,0.0,1187149000,0.0,216427
2025-07-24T15:36:23.484422,BTC-USDT,0.0,1187430000,0.0,1
2025-07-24T15:36:23.486124,BTC-USDT,1187067000,1187149000,107400,318836
2025-07-24T15:36:23.486293,BTC-USDT,1187148000,1187149000,372106,355819
2025-07-24T15:36:23.487805,BTC-USDT,1187148000,1187149000,231734,444548
2025-07-24T15:36:23.488205,BTC-USDT,1186933000,1187407000,24729,0
2025-07-24T15:36:23.518851,BTC-USDT,1186787000,1187552000,20000,20000
2025-07-24T15:36:23.678898,BTC-USDT,1186890000,0.0,16000,0.0
2025-07-24T15:36:23.779528,BTC-USDT,1187077000,0.0,0,0.0
2025-07-24T15:36:23.798872,BTC-USDT,1187148000,0.0,226780,0.0
2025-07-24T15:36:23.819983,BTC-USDT,1187148000,1187149000,142042,615409
2025-07-24T15:36:23.839230,BTC-USDT,1187148000,1187149000,121549,729051
2025-07-24T15:36:23.858843,BTC-USDT,1187148000,0.0,104892,0.0
2025-07-24T15:36:23.899073,BTC-USDT,1187006000,1187149000,0,736180
2025-07-24T15:36:23.939571,BTC-USDT,1187148000,1187149000,35812,743834
2025-07-24T15:36:23.979546,BTC-USDT,1187148000,1187115000,0,738
2025-07-24T15:36:23.999204,BTC-USDT,1186824000,1187111000,0,275620
2025-07-24T15:36:24.019530,BTC-USDT,1186913000,1187111000,0,740021
2025-07-24T15:36:24.059767,BTC-USDT,1186645000,1187111000,18934,1044721
2025-07-24T15:36:24.160121,BTC-USDT,1186883000,1187363000,0,16000
2025-07-24T15:36:24.200133,BTC-USDT,1186765000,1187302000,181509,20000
2025-07-24T15:36:24.239595,BTC-USDT,1187028000,1187586000,0,1274000
2025-07-24T15:36:24.279751,BTC-USDT,0.0,1187111000,0.0,1150159
2025-07-24T15:36:24.299732,BTC-USDT,1186920000,1187149000,8,109538
2025-07-24T15:36:24.339662,BTC-USDT,1186765000,1187342000,0,2500
2025-07-24T15:36:24.380249,BTC-USDT,1186592000,0.0,20000,0.0
2025-07-24T15:36:24.400095,BTC-USDT,1186866000,0.0,0,0.0
2025-07-24T15:36:24.420077,BTC-USDT,1186789000,0.0,4954,0.0
2025-07-24T15:36:24.808900,BTC-USDT,0.0,1187342000,0.0,0
2025-07-24T15:36:24.813091,BTC-USDT,1186931000,0.0,4954,0.0
2025-07-24T15:36:24.814537,BTC-USDT,0.0,1187229000,0.0,3181
2025-07-24T15:36:25.312199,BTC-USDT,0.0,1187111000,0.0,1131196
2025-07-24T15:36:25.316888,BTC-USDT,0.0,1187111000,0.0,1150159
2025-07-24T15:36:25.318791,BTC-USDT,1186817000,0.0,0,0.0
2025-07-24T15:36:25.319958,BTC-USDT,0.0,1187349000,0.0,5000
2025-07-24T15:36:25.321098,BTC-USDT,0.0,1187111000,0.0,1042759
2025-07-24T15:36:25.341465,BTC-USDT,0.0,1187347000,0.0,1
2025-07-24T15:36:26.023225,BTC-USDT,0.0,1187111000,0.0,1067125
2025-07-24T15:36:26.122569,BTC-USDT,0.0,1187111000,0.0,1041185
2025-07-24T15:36:26.162531,BTC-USDT,0.0,1187111000,0.0,1067110
2025-07-24T15:36:27.026947,BTC-USDT,0.0,1187305000,0.0,1
2025-07-24T15:36:27.792663,BTC-USDT,1186764000,0.0,1,0.0
2025-07-24T15:36:27.798314,BTC-USDT,1186801000,0.0,0,0.0
2025-07-24T15:36:27.801200,BTC-USDT,1186931000,1187117000,0,57033
2025-07-24T15:36:27.803739,BTC-USDT,1186634000,0.0,25635,0.0
2025-07-24T15:36:27.806272,BTC-USDT,0.0,1187341000,0.0,5000
2025-07-24T15:36:27.807201,BTC-USDT,0.0,1187281000,0.0,5000
2025-07-24T15:36:27.808882,BTC-USDT,0.0,1187111000,0.0,1042744
2025-07-24T15:36:27.810342,BTC-USDT,1186803000,0.0,0,0.0
2025-07-24T15:36:27.811702,BTC-USDT,1186923000,0.0,4954,0.0
2025-07-24T15:36:27.813211,BTC-USDT,0.0,1187111000,0.0,1067108
2025-07-24T15:36:27.815214,BTC-USDT,0.0,1187111000,0.0,1067107
2025-07-24T15:36:27.816802,BTC-USDT,0.0,1187149000,0.0,7129
2025-07-24T15:36:27.818040,BTC-USDT,0.0,1187111000,0.0,1142107
2025-07-24T15:36:27.819512,BTC-USDT,0.0,1187111000,0.0,1249507
2025-07-24T15:36:27.820998,BTC-USDT,0.0,1187264000,0.0,1
2025-07-24T15:36:27.822469,BTC-USDT,0.0,1187204000,0.0,3208
2025-07-24T15:36:27.823217,BTC-USDT,0.0,1187111000,0.0,1351860
2025-07-24T15:36:27.824194,BTC-USDT,0.0,1187111000,0.0,1327497
2025-07-24T15:36:27.825141,BTC-USDT,0.0,1187111000,0.0,1333241
2025-07-24T15:36:27.925694,BTC-USDT,0.0,1187177000,0.0,20000
2025-07-24T15:36:27.945642,BTC-USDT,0.0,1187231000,0.0,0
2025-07-24T15:36:28.432731,BTC-USDT,0.0,1187236000,0.0,7500
2025-07-24T15:36:28.435807,BTC-USDT,0.0,1187222000,0.0,1
2025-07-24T15:36:28.930861,BTC-USDT,0.0,1187111000,0.0,1327497
2025-07-24T15:36:29.048345,BTC-USDT,0.0,1187111000,0.0,1225144
2025-07-24T15:36:29.067377,BTC-USDT,1186704000,1187111000,50536,1118458
2025-07-24T15:36:29.087475,BTC-USDT,0.0,1187111000,0.0,626781
2025-07-24T15:36:29.107465,BTC-USDT,0.0,1187111000,0.0,600856
2025-07-24T15:36:29.147958,BTC-USDT,0.0,1187111000,0.0,594713
2025-07-24T15:36:29.187950,BTC-USDT,0.0,1187111000,0.0,696944
2025-07-24T15:36:29.227585,BTC-USDT,1186850000,0.0,25919,0.0
2025-07-24T15:36:29.308702,BTC-USDT,0.0,1187181000,0.0,1
2025-07-24T15:36:29.348020,BTC-USDT,1186721000,1187111000,20000,594713
2025-07-24T15:36:29.408178,BTC-USDT,0.0,1187213000,0.0,0
2025-07-24T15:36:29.448025,BTC-USDT,0.0,1187111000,0.0,696944
2025-07-24T15:36:29.469287,BTC-USDT,0.0,1187111000,0.0,795912
2025-07-24T15:36:29.508305,BTC-USDT,0.0,1187111000,0.0,980154
2025-07-24T15:36:29.608400,BTC-USDT,1187110000,1187111000,104900,754097
2025-07-24T15:36:29.628501,BTC-USDT,1187103000,1187111000,4954,438542
2025-07-24T15:36:29.653056,BTC-USDT,1187110000,1187111000,254049,409495
2025-07-24T15:36:29.668630,BTC-USDT,1186872000,1187111000,18472,409696
2025-07-24T15:36:29.708313,BTC-USDT,1186753000,1187111000,18472,511927
2025-07-24T15:36:29.748398,BTC-USDT,0.0,1187241000,0.0,2500
2025-07-24T15:36:29.789805,BTC-USDT,1187110000,1187273000,259003,5000
2025-07-24T15:36:29.808515,BTC-USDT,1187103000,0.0,0,0.0
2025-07-24T15:36:29.888731,BTC-USDT,0.0,1187273000,0.0,0
2025-07-24T15:36:29.929309,BTC-USDT,0.0,1187335000,0.0,0
2025-07-24T15:36:30.010566,BTC-USDT,0.0,1187288000,0.0,50644
2025-07-24T15:36:30.089187,BTC-USDT,0.0,1187111000,0.0,533448
2025-07-24T15:36:30.129475,BTC-USDT,0.0,1187349000,0.0,18472
2025-07-24T15:36:30.309376,BTC-USDT,1186991000,0.0,0,0.0
2025-07-24T15:36:31.105557,BTC-USDT,1187110000,1187111000,126511,814569
2025-07-24T15:36:31.506283,BTC-USDT,1187110000,1187111000,109854,875001
2025-07-24T15:36:31.509305,BTC-USDT,1187110000,1187111000,4962,951631
2025-07-24T15:36:31.511184,BTC-USDT,1187110000,1187111000,8,987547
2025-07-24T15:36:31.512419,BTC-USDT,1186652000,1187111000,8000,1062547
2025-07-24T15:36:31.514078,BTC-USDT,1186652000,1187263000,16000,2500
2025-07-24T15:36:31.515216,BTC-USDT,0.0,1187301000,0.0,20000
2025-07-24T15:36:31.515981,BTC-USDT,0.0,1187111000,0.0,960316
2025-07-24T15:36:31.517320,BTC-USDT,0.0,1187111000,0.0,1062419
2025-07-24T15:36:31.519971,BTC-USDT,0.0,1187200000,0.0,218400
2025-07-24T15:36:31.520011,BTC-USDT,0.0,1187229000,0.0,17566
2025-07-24T15:36:31.520524,BTC-USDT,1186745000,0.0,20000,0.0
2025-07-24T15:36:31.521770,BTC-USDT,1186872000,0.0,0,0.0
2025-07-24T15:36:31.522336,BTC-USDT,1186634000,0.0,18472,0.0
2025-07-24T15:36:31.571345,BTC-USDT,1186704000,1187173000,0,57067
2025-07-24T15:36:31.751718,BTC-USDT,1186806000,0.0,152020,0.0
2025-07-24T15:36:31.771756,BTC-USDT,1186879000,0.0,903,0.0
2025-07-24T15:36:31.831583,BTC-USDT,0.0,1187229000,0.0,6362
2025-07-24T15:36:32.922122,BTC-USDT,0.0,1187111000,0.0,1220291
2025-07-24T15:36:32.930555,BTC-USDT,0.0,1187111000,0.0,1244657
2025-07-24T15:36:33.033590,BTC-USDT,1186861000,0.0,116581,0.0
2025-07-24T15:36:33.955983,BTC-USDT,0.0,1187111000,0.0,1220291
2025-07-24T15:36:33.968322,BTC-USDT,0.0,1187111000,0.0,1118188
2025-07-24T15:36:33.972927,BTC-USDT,0.0,1187246000,0.0,0
2025-07-24T15:36:33.972969,BTC-USDT,0.0,1187252000,0.0,0
2025-07-24T15:36:33.975253,BTC-USDT,0.0,1187263000,0.0,0
2025-07-24T15:36:33.975459,BTC-USDT,0.0,1187111000,0.0,1220116
2025-07-24T15:36:33.976251,BTC-USDT,0.0,1187229000,0.0,3181
2025-07-24T15:36:34.465238,BTC-USDT,0.0,1187111000,0.0,1118188
2025-07-24T15:36:34.470541,BTC-USDT,0.0,1187349000,0.0,18472
2025-07-24T15:36:34.472431,BTC-USDT,0.0,1187111000,0.0,1043188
2025-07-24T15:36:34.472958,BTC-USDT,0.0,1187314000,0.0,2500
2025-07-24T15:36:34.556220,BTC-USDT,0.0,1187111000,0.0,1145065
2025-07-24T15:36:34.636871,BTC-USDT,0.0,1187111000,0.0,1043188
2025-07-24T15:36:34.677231,BTC-USDT,0.0,1187285000,0.0,0
2025-07-24T15:36:34.716430,BTC-USDT,0.0,1187111000,0.0,1024716
2025-07-24T15:36:34.736284,BTC-USDT,0.0,1187111000,0.0,1126565
2025-07-24T15:36:34.776489,BTC-USDT,0.0,1187286000,0.0,7500
2025-07-24T15:36:34.936665,BTC-USDT,0.0,1187111000,0.0,1024716
2025-07-24T15:36:34.976674,BTC-USDT,0.0,1187286000,0.0,0
2025-07-24T15:36:35.037322,BTC-USDT,0.0,1187111000,0.0,1126565
2025-07-24T15:36:35.057315,BTC-USDT,0.0,1187287000,0.0,7500
2025-07-24T15:36:35.096982,BTC-USDT,0.0,1187294000,0.0,49876
2025-07-24T15:36:35.137243,BTC-USDT,0.0,1187111000,0.0,1024716
2025-07-24T15:36:35.177421,BTC-USDT,1186880000,1187349000,107400,18472
2025-07-24T15:36:35.599012,BTC-USDT,1186872000,0.0,18472,0.0
2025-07-24T15:36:35.604692,BTC-USDT,0.0,1187111000,0.0,1126536
2025-07-24T15:36:35.606691,BTC-USDT,0.0,1187287000,0.0,7500
2025-07-24T15:36:35.607812,BTC-USDT,1187110000,1187111000,114453,1024716
2025-07-24T15:36:35.608998,BTC-USDT,1187101000,1187111000,4954,995071
2025-07-24T15:36:35.609836,BTC-USDT,1187110000,1187111000,131110,935074
2025-07-24T15:36:35.610827,BTC-USDT,1187110000,1187111000,136064,866098
2025-07-24T15:36:35.611625,BTC-USDT,1187110000,1187111000,502911,396088
2025-07-24T15:36:35.612691,BTC-USDT,1187110000,1187230000,827094,0
2025-07-24T15:36:35.614651,BTC-USDT,0.0,1187111000,0.0,393039
2025-07-24T15:36:35.615536,BTC-USDT,0.0,1187111000,0.0,285639
2025-07-24T15:36:35.616128,BTC-USDT,1187058000,1187111000,25633,387412
2025-07-24T15:36:35.638541,BTC-USDT,0.0,1187111000,0.0,285639
2025-07-24T15:36:35.738241,BTC-USDT,0.0,1187111000,0.0,387432
2025-07-24T15:36:35.818819,BTC-USDT,1187110000,1187111000,1234380,270639
2025-07-24T15:36:35.858075,BTC-USDT,1187110000,1187111000,1427605,255639
2025-07-24T15:36:35.878260,BTC-USDT,1187110000,1187111000,1542409,201
2025-07-24T15:36:35.898236,BTC-USDT,1187110000,1187111000,1717631,0
2025-07-24T15:36:35.918261,BTC-USDT,1187180000,1187181000,23426,0
2025-07-24T15:36:35.938529,BTC-USDT,1187387000,1187552000,127109,0
2025-07-24T15:36:35.958342,BTC-USDT,1187387000,1187388000,316860,0
2025-07-24T15:36:35.979952,BTC-USDT,1187526000,1187536000,742,150000
2025-07-24T15:36:35.998275,BTC-USDT,1187505000,1187535000,0,30000
2025-07-24T15:36:36.018413,BTC-USDT,1187534000,1187732000,275137,0
2025-07-24T15:36:36.038792,BTC-USDT,1187534000,0.0,331377,0.0
2025-07-24T15:36:36.058719,BTC-USDT,1187534000,1187882000,680589,19111
2025-07-24T15:36:36.078455,BTC-USDT,1187534000,1187538000,857069,57694
2025-07-24T15:36:36.101005,BTC-USDT,1187387000,0.0,135157,0.0
2025-07-24T15:36:36.119175,BTC-USDT,1187534000,1187759000,1002990,0
2025-07-24T15:36:36.139208,BTC-USDT,1187181000,1187538000,0,0
2025-07-24T15:36:36.179667,BTC-USDT,1187534000,1187705000,1191830,89379
2025-07-24T15:36:36.218931,BTC-USDT,1187158000,1187606000,38310,0
2025-07-24T15:36:36.258849,BTC-USDT,0.0,1187535000,0.0,30201
2025-07-24T15:36:36.299172,BTC-USDT,0.0,1187643000,0.0,0
2025-07-24T15:36:36.320101,BTC-USDT,0.0,1187689000,0.0,0
2025-07-24T15:36:36.338770,BTC-USDT,1187534000,1187535000,1525607,201
2025-07-24T15:36:36.358993,BTC-USDT,1187535000,1187535000,35241,0
2025-07-24T15:36:36.380695,BTC-USDT,1187535000,1187537000,360280,201
2025-07-24T15:36:36.399996,BTC-USDT,1187535000,0.0,428947,0.0
2025-07-24T15:36:36.439108,BTC-USDT,1187535000,1187536000,1036780,102028
2025-07-24T15:36:36.459217,BTC-USDT,1187535000,1187536000,1358044,201
2025-07-24T15:36:36.479757,BTC-USDT,1187535000,1188015000,1514907,19105
2025-07-24T15:36:36.923000,BTC-USDT,0.0,1188015000,0.0,0
2025-07-24T15:36:36.931848,BTC-USDT,1187535000,0.0,1533320,0.0
2025-07-24T15:36:36.933363,BTC-USDT,1187535000,0.0,1427597,0.0
2025-07-24T15:36:36.935082,BTC-USDT,1187535000,1187544000,1453230,101799
2025-07-24T15:36:36.935859,BTC-USDT,1187536000,1187536000,35241,0
2025-07-24T15:36:36.937880,BTC-USDT,1187536000,0.0,360108,0.0
2025-07-24T15:36:36.938290,BTC-USDT,1187535000,0.0,251799,0.0
2025-07-24T15:36:36.939022,BTC-USDT,1187536000,0.0,837455,0.0
2025-07-24T15:36:36.939887,BTC-USDT,1187536000,1187544000,1128249,0
2025-07-24T15:36:36.941310,BTC-USDT,1187536000,1187572000,1233141,3049
2025-07-24T15:36:36.942178,BTC-USDT,0.0,1187572000,0.0,0
2025-07-24T15:36:36.942537,BTC-USDT,0.0,1187537000,0.0,102000
2025-07-24T15:36:36.980189,BTC-USDT,1187536000,0.0,1485774,0.0
2025-07-24T15:36:37.000189,BTC-USDT,1187536000,1187715000,1533148,20000
2025-07-24T15:36:37.053836,BTC-USDT,1187364000,0.0,16000,0.0
2025-07-24T15:36:37.080365,BTC-USDT,0.0,1187537000,0.0,201
2025-07-24T15:36:37.120355,BTC-USDT,0.0,1187605000,0.0,101771
2025-07-24T15:36:37.420823,BTC-USDT,0.0,1187882000,0.0,0
2025-07-24T15:36:37.480974,BTC-USDT,0.0,1187904000,0.0,10000
2025-07-24T15:36:37.621156,BTC-USDT,0.0,1187917000,0.0,38115
2025-07-24T15:36:37.741283,BTC-USDT,1187595000,1187537000,70482,0
2025-07-24T15:36:37.761300,BTC-USDT,1187595000,1187596000,343485,193072
2025-07-24T15:36:37.801807,BTC-USDT,1187595000,0.0,340977,0.0
2025-07-24T15:36:37.861663,BTC-USDT,1187595000,0.0,109846,0.0
2025-07-24T15:36:37.982708,BTC-USDT,1187160000,1187605000,0,0
2025-07-24T15:36:38.332165,BTC-USDT,0.0,1187596000,0.0,294816
2025-07-24T15:36:38.337205,BTC-USDT,1187537000,0.0,0,0.0
2025-07-24T15:36:38.338777,BTC-USDT,1187595000,1187596000,467776,297865
2025-07-24T15:36:38.339769,BTC-USDT,1187595000,0.0,760433,0.0
2025-07-24T15:36:38.795023,BTC-USDT,0.0,1187596000,0.0,316165
2025-07-24T15:36:38.801356,BTC-USDT,0.0,1187596000,0.0,297865
2025-07-24T15:36:38.904464,BTC-USDT,0.0,1187596000,0.0,327865
2025-07-24T15:36:39.363263,BTC-USDT,0.0,1187596000,0.0,346165
2025-07-24T15:36:39.367401,BTC-USDT,1187535000,0.0,0,0.0
2025-07-24T15:36:39.368977,BTC-USDT,1187595000,1187596000,755479,362822
2025-07-24T15:36:39.369471,BTC-USDT,1187489000,1187637000,4954,7132
2025-07-24T15:36:39.371560,BTC-USDT,1187595000,1187596000,191022,571131
2025-07-24T15:36:39.371700,BTC-USDT,1187595000,1187596000,104892,566241
2025-07-24T15:36:39.387310,BTC-USDT,1187526000,1187596000,0,602631
2025-07-24T15:36:39.404435,BTC-USDT,1187595000,1187596000,35916,682013
2025-07-24T15:36:39.424230,BTC-USDT,1187595000,1187596000,0,715177
2025-07-24T15:36:39.444217,BTC-USDT,1187335000,1187406000,18300,992
2025-07-24T15:36:39.464434,BTC-USDT,1187363000,1187412000,110206,0
2025-07-24T15:36:39.484273,BTC-USDT,1187275000,1187364000,107400,116685
2025-07-24T15:36:39.509051,BTC-USDT,1187363000,1187364000,110206,383370
2025-07-24T15:36:39.544590,BTC-USDT,1187355000,1187401000,0,0
2025-07-24T15:36:39.605070,BTC-USDT,1187363000,1187722000,104892,18300
2025-07-24T15:36:39.644562,BTC-USDT,1187363000,1187364000,109846,485018
2025-07-24T15:36:40.038771,BTC-USDT,0.0,1187364000,0.0,578776
2025-07-24T15:36:40.047250,BTC-USDT,0.0,1187597000,0.0,0
2025-07-24T15:36:40.048752,BTC-USDT,1187070000,1187364000,0,581824
2025-07-24T15:36:40.049904,BTC-USDT,1187363000,0.0,644858,0.0
2025-07-24T15:36:40.051009,BTC-USDT,1187363000,0.0,759775,0.0
2025-07-24T15:36:40.052123,BTC-USDT,1187363000,1187364000,760415,582025
2025-07-24T15:36:40.053423,BTC-USDT,0.0,1187740000,0.0,76441
2025-07-24T15:36:40.065033,BTC-USDT,1187245000,0.0,20000,0.0
2025-07-24T15:36:40.550762,BTC-USDT,0.0,1187364000,0.0,480377
2025-07-24T15:36:40.555347,BTC-USDT,0.0,1187364000,0.0,581979
2025-07-24T15:36:40.556122,BTC-USDT,0.0,1187364000,0.0,348609
2025-07-24T15:36:40.557221,BTC-USDT,1187363000,0.0,731368,0.0
2025-07-24T15:36:40.558630,BTC-USDT,1187363000,0.0,760415,0.0
2025-07-24T15:36:40.559366,BTC-USDT,0.0,1187364000,0.0,243959
2025-07-24T15:36:40.586069,BTC-USDT,0.0,1187507000,0.0,0
2025-07-24T15:36:40.606177,BTC-USDT,0.0,1187554000,0.0,0
2025-07-24T15:36:40.646194,BTC-USDT,1187363000,1187364000,760415,345585
2025-07-24T15:36:40.726395,BTC-USDT,1187363000,0.0,734695,0.0
2025-07-24T15:36:40.766297,BTC-USDT,1187363000,0.0,708543,0.0
2025-07-24T15:36:40.808317,BTC-USDT,1187363000,1187364000,760407,243959
2025-07-24T15:36:40.866592,BTC-USDT,1187363000,0.0,700778,0.0
2025-07-24T15:36:40.906633,BTC-USDT,1187363000,1187364000,760397,93959
2025-07-24T15:36:40.926685,BTC-USDT,1187144000,1187406000,51295,0
2025-07-24T15:36:40.966890,BTC-USDT,1187363000,1187364000,760397,195560
2025-07-24T15:36:41.006787,BTC-USDT,1187363000,1187517000,834792,3048
2025-07-24T15:36:41.046857,BTC-USDT,1187363000,0.0,1205675,0.0
2025-07-24T15:36:41.127172,BTC-USDT,0.0,1187364000,0.0,93959
2025-07-24T15:36:41.189465,BTC-USDT,0.0,1187740000,0.0,57387
2025-07-24T15:36:41.227168,BTC-USDT,0.0,1187364000,0.0,195556
2025-07-24T15:36:41.267112,BTC-USDT,0.0,1187602000,0.0,18300
2025-07-24T15:36:41.328032,BTC-USDT,0.0,1187364000,0.0,93959
2025-07-24T15:36:41.428143,BTC-USDT,0.0,1187364000,0.0,195553
2025-07-24T15:36:41.487598,BTC-USDT,0.0,1187517000,0.0,0
2025-07-24T15:36:41.548312,BTC-USDT,0.0,1187396000,0.0,3048
2025-07-24T15:36:41.808124,BTC-USDT,0.0,1187711000,0.0,38303
2025-07-24T15:36:41.888227,BTC-USDT,1187363000,0.0,1166459,0.0
2025-07-24T15:36:41.948168,BTC-USDT,1187363000,0.0,721181,0.0
2025-07-24T15:36:41.988474,BTC-USDT,0.0,1187364000,0.0,345553
2025-07-24T15:36:42.088522,BTC-USDT,1187191000,0.0,0,0.0
2025-07-24T15:36:42.148658,BTC-USDT,0.0,1187483000,0.0,18300
2025-07-24T15:36:42.188676,BTC-USDT,0.0,1187487000,0.0,7130
2025-07-24T15:36:42.268655,BTC-USDT,1187144000,0.0,0,0.0
2025-07-24T15:36:42.308937,BTC-USDT,0.0,1187364000,0.0,348601
2025-07-24T15:36:42.429106,BTC-USDT,0.0,1187604000,0.0,367
2025-07-24T15:36:42.649334,BTC-USDT,1187363000,0.0,760387,0.0
2025-07-24T15:36:42.809794,BTC-USDT,1187190000,0.0,0,0.0
2025-07-24T15:36:42.989955,BTC-USDT,1187265000,0.0,1,0.0
2025-07-24T15:36:43.190386,BTC-USDT,1187363000,0.0,760387,0.0
2025-07-24T15:36:43.591280,BTC-USDT,1187363000,0.0,756665,0.0
2025-07-24T15:36:43.651054,BTC-USDT,1187363000,0.0,760386,0.0
2025-07-24T15:36:43.670953,BTC-USDT,0.0,1187483000,0.0,0
2025-07-24T15:36:43.891465,BTC-USDT,0.0,1187364000,0.0,345553
2025-07-24T15:36:43.951406,BTC-USDT,0.0,1187472000,0.0,1
2025-07-24T15:36:43.991474,BTC-USDT,0.0,1187364000,0.0,345062
2025-07-24T15:36:44.031500,BTC-USDT,1187363000,0.0,760386,0.0
2025-07-24T15:36:44.072382,BTC-USDT,1187363000,0.0,867786,0.0
2025-07-24T15:36:44.192086,BTC-USDT,1187363000,1187364000,1234529,243468
2025-07-24T15:36:44.251808,BTC-USDT,1187363000,1187740000,1313064,38212
2025-07-24T15:36:44.291882,BTC-USDT,0.0,1187364000,0.0,344859
2025-07-24T15:36:44.332144,BTC-USDT,0.0,1187711000,0.0,38419
2025-07-24T15:36:44.612487,BTC-USDT,0.0,1187528000,0.0,0
2025-07-24T15:36:44.652870,BTC-USDT,0.0,1187409000,0.0,3048
2025-07-24T15:36:44.852676,BTC-USDT,1187355000,0.0,127537,0.0
2025-07-24T15:36:45.094190,BTC-USDT,0.0,1187430000,0.0,1
2025-07-24T15:36:45.133021,BTC-USDT,1187363000,1187555000,1205664,1
2025-07-24T15:36:45.233320,BTC-USDT,0.0,1187364000,0.0,347907
2025-07-24T15:36:45.282642,BTC-USDT,1187074000,1187732000,0,56965
2025-07-24T15:36:45.314049,BTC-USDT,1187363000,1187483000,760386,18300
2025-07-24T15:36:45.394476,BTC-USDT,0.0,1187483000,0.0,0
2025-07-24T15:36:45.513919,BTC-USDT,0.0,1187483000,0.0,18300
2025-07-24T15:36:45.559837,BTC-USDT,1187018000,0.0,0,0.0
2025-07-24T15:36:45.734227,BTC-USDT,0.0,1187483000,0.0,0
2025-07-24T15:36:45.834197,BTC-USDT,0.0,1187483000,0.0,18300
2025-07-24T15:36:45.955056,BTC-USDT,0.0,1187596000,0.0,30001
2025-07-24T15:36:45.994559,BTC-USDT,0.0,1187425000,0.0,130142
2025-07-24T15:36:47.396332,BTC-USDT,1187355000,0.0,0,0.0
2025-07-24T15:36:47.417249,BTC-USDT,1187363000,1187364000,755432,367033
2025-07-24T15:36:47.437583,BTC-USDT,1187291000,1187721000,4954,19127
2025-07-24T15:36:47.736719,BTC-USDT,1187205000,1187364000,103956,382033
2025-07-24T15:36:47.797205,BTC-USDT,1187305000,0.0,0,0.0
2025-07-24T15:36:47.857309,BTC-USDT,1187292000,1187364000,0,397033
2025-07-24T15:36:47.878928,BTC-USDT,0.0,1187596000,0.0,1
2025-07-24T15:36:47.897319,BTC-USDT,1187272000,1187364000,0,404163
2025-07-24T15:36:47.937558,BTC-USDT,1187245000,1187585000,0,0
2025-07-24T15:36:47.957436,BTC-USDT,0.0,1187515000,0.0,57003
2025-07-24T15:36:47.997803,BTC-USDT,1186942000,1187364000,19126,404557
2025-07-24T15:36:48.037720,BTC-USDT,0.0,1187571000,0.0,25231
2025-07-24T15:36:48.058240,BTC-USDT,1187363000,0.0,650540,0.0
2025-07-24T15:36:48.118043,BTC-USDT,1187187000,1187364000,0,509265
2025-07-24T15:36:48.218005,BTC-USDT,1186928000,0.0,19312,0.0
2025-07-24T15:36:48.258028,BTC-USDT,1187180000,1187601000,38472,16000
2025-07-24T15:36:48.298650,BTC-USDT,1186898000,0.0,38590,0.0
2025-07-24T15:36:48.598369,BTC-USDT,1187363000,0.0,655494,0.0
2025-07-24T15:36:48.638396,BTC-USDT,1186987000,0.0,19315,0.0
2025-07-24T15:36:48.658520,BTC-USDT,1186928000,0.0,0,0.0
2025-07-24T15:36:48.719414,BTC-USDT,0.0,1187364000,0.0,388748
2025-07-24T15:36:48.738566,BTC-USDT,1187016000,1187364000,38601,388354
2025-07-24T15:36:48.758750,BTC-USDT,0.0,1187364000,0.0,283646
2025-07-24T15:36:48.778699,BTC-USDT,0.0,1187364000,0.0,319458
2025-07-24T15:36:48.838705,BTC-USDT,0.0,1187364000,0.0,508569
2025-07-24T15:36:49.019258,BTC-USDT,0.0,1187364000,0.0,489443
2025-07-24T15:36:49.499532,BTC-USDT,0.0,1187364000,0.0,508569
2025-07-24T15:36:49.599675,BTC-USDT,0.0,1187364000,0.0,489443
2025-07-24T15:36:49.780052,BTC-USDT,0.0,1187364000,0.0,489444
2025-07-24T15:36:50.020307,BTC-USDT,1187363000,1187364000,167311,565190
2025-07-24T15:36:50.040738,BTC-USDT,1187363000,1187364000,4954,822150
2025-07-24T15:36:50.080226,BTC-USDT,1187363000,1187363000,0,3049
2025-07-24T15:36:50.100319,BTC-USDT,1187265000,1187266000,0,233370
2025-07-24T15:36:50.120419,BTC-USDT,0.0,1187224000,0.0,233370
2025-07-24T15:36:50.140490,BTC-USDT,1187223000,1187266000,4955,0
2025-07-24T15:36:50.180370,BTC-USDT,1187223000,1187362000,4954,0
2025-07-24T15:36:50.260629,BTC-USDT,1187223000,1187224000,284705,0
2025-07-24T15:36:50.280818,BTC-USDT,1187237000,0.0,119399,0.0
2025-07-24T15:36:50.627351,BTC-USDT,1187237000,1187238000,172335,82803
2025-07-24T15:36:51.022975,BTC-USDT,1187237000,1187238000,244845,82076
2025-07-24T15:36:51.025087,BTC-USDT,1187237000,1187337000,325559,0
2025-07-24T15:36:51.027447,BTC-USDT,1187237000,0.0,442065,0.0
2025-07-24T15:36:51.029151,BTC-USDT,1187237000,1187238000,468959,82277
2025-07-24T15:36:51.030514,BTC-USDT,1187237000,0.0,793793,0.0
2025-07-24T15:36:51.032633,BTC-USDT,1187237000,0.0,816035,0.0
2025-07-24T15:36:51.033170,BTC-USDT,1187237000,1187357000,796909,19126
2025-07-24T15:36:51.034103,BTC-USDT,0.0,1187238000,0.0,232277
2025-07-24T15:36:51.034823,BTC-USDT,0.0,1187357000,0.0,0
2025-07-24T15:36:51.101849,BTC-USDT,1187140000,0.0,1,0.0
2025-07-24T15:36:51.992705,BTC-USDT,0.0,1187265000,0.0,3049
2025-07-24T15:36:51.996438,BTC-USDT,0.0,1187238000,0.0,333165
2025-07-24T15:36:52.062779,BTC-USDT,0.0,1187238000,0.0,232277
2025-07-24T15:36:52.102847,BTC-USDT,0.0,1187238000,0.0,333165
2025-07-24T15:36:52.123311,BTC-USDT,1187237000,1187347000,904409,1
2025-07-24T15:36:52.222921,BTC-USDT,1187237000,0.0,796909,0.0
2025-07-24T15:36:52.403123,BTC-USDT,0.0,1187357000,0.0,19126
2025-07-24T15:36:52.423116,BTC-USDT,0.0,1187238000,0.0,336214
2025-07-24T15:36:52.604111,BTC-USDT,0.0,1187238000,0.0,333165
2025-07-24T15:36:53.004910,BTC-USDT,1187016000,1187238000,0,336214
2025-07-24T15:36:53.471790,BTC-USDT,1187237000,0.0,682464,0.0
2025-07-24T15:36:53.481178,BTC-USDT,1186987000,1187238000,0,355340
2025-07-24T15:36:53.485051,BTC-USDT,1187237000,1187238000,109662,743496
2025-07-24T15:36:53.487011,BTC-USDT,1187237000,1187238000,104708,750625
2025-07-24T15:36:53.488725,BTC-USDT,1187110000,0.0,731,0.0
2025-07-24T15:36:53.490337,BTC-USDT,1187077000,1187471000,817,25880
2025-07-24T15:36:53.491283,BTC-USDT,1187119000,0.0,89249,0.0
2025-07-24T15:36:53.492676,BTC-USDT,1187061000,0.0,0,0.0
2025-07-24T15:36:53.493644,BTC-USDT,0.0,1187238000,0.0,649737
2025-07-24T15:36:53.564431,BTC-USDT,1187237000,0.0,35812,0.0
2025-07-24T15:36:53.584801,BTC-USDT,1187237000,1187238000,0,718529
2025-07-24T15:36:53.604878,BTC-USDT,1187097000,1187181000,0,616041
2025-07-24T15:36:53.645272,BTC-USDT,0.0,1187181000,0.0,612992
2025-07-24T15:36:53.707023,BTC-USDT,1187180000,1187181000,97338,642992
2025-07-24T15:36:53.724665,BTC-USDT,1187180000,1187181000,128845,994167
2025-07-24T15:36:53.764802,BTC-USDT,1187180000,1187600000,97834,0
2025-07-24T15:36:53.784779,BTC-USDT,1187180000,1187237000,206669,3049
2025-07-24T15:36:53.825045,BTC-USDT,0.0,1187238000,0.0,107940
2025-07-24T15:36:53.884996,BTC-USDT,1187180000,0.0,177627,0.0
2025-07-24T15:36:53.945597,BTC-USDT,1187180000,1187181000,129013,1087126
2025-07-24T15:36:53.965651,BTC-USDT,0.0,1187181000,0.0,1103783
2025-07-24T15:36:54.005225,BTC-USDT,1187180000,0.0,104708,0.0
2025-07-24T15:36:54.045472,BTC-USDT,1187127000,0.0,0,0.0
2025-07-24T15:36:54.085406,BTC-USDT,1187068000,1187181000,0,1111434
2025-07-24T15:36:54.125529,BTC-USDT,1187180000,1187181000,0,1216142
2025-07-24T15:36:54.145536,BTC-USDT,1187124000,1187141000,0,616435
2025-07-24T15:36:54.165625,BTC-USDT,1187063000,1187141000,0,892423
2025-07-24T15:36:54.185866,BTC-USDT,1186926000,1187141000,20000,1101233
2025-07-24T15:36:54.205481,BTC-USDT,1187032000,1187141000,0,1137045
2025-07-24T15:36:54.246632,BTC-USDT,1186710000,1187141000,19413,1215814
2025-07-24T15:36:54.266405,BTC-USDT,1186964000,1187557000,0,0
2025-07-24T15:36:54.305980,BTC-USDT,1186943000,1187181000,0,99586
2025-07-24T15:36:54.345810,BTC-USDT,0.0,1187141000,0.0,1217781
2025-07-24T15:36:54.365867,BTC-USDT,1186767000,0.0,24501,0.0
2025-07-24T15:36:54.405780,BTC-USDT,0.0,1187141000,0.0,1322598
2025-07-24T15:36:54.526813,BTC-USDT,0.0,1187372000,0.0,0
2025-07-24T15:36:54.565836,BTC-USDT,0.0,1187602000,0.0,19126
2025-07-24T15:36:54.625993,BTC-USDT,0.0,1187179000,0.0,367
2025-07-24T15:36:54.707707,BTC-USDT,1186823000,0.0,0,0.0
2025-07-24T15:36:54.746815,BTC-USDT,0.0,1187141000,0.0,1420463
2025-07-24T15:36:54.786881,BTC-USDT,1186990000,1187237000,0,25880
2025-07-24T15:36:54.806824,BTC-USDT,1186926000,0.0,0,0.0
2025-07-24T15:36:54.847822,BTC-USDT,1186890000,0.0,0,0.0
2025-07-24T15:36:54.928123,BTC-USDT,0.0,1187259000,0.0,17567
2025-07-24T15:36:54.986960,BTC-USDT,1186864000,0.0,0,0.0
2025-07-24T15:36:55.066827,BTC-USDT,0.0,1187259000,0.0,17566
2025-07-24T15:36:55.186981,BTC-USDT,1186666000,1187165000,2817,2196
2025-07-24T15:36:55.346940,BTC-USDT,0.0,1187141000,0.0,1414569
2025-07-24T15:36:55.387538,BTC-USDT,0.0,1187272000,0.0,834
2025-07-24T15:36:55.447708,BTC-USDT,0.0,1187141000,0.0,1420460
2025-07-24T15:36:55.747442,BTC-USDT,1186666000,0.0,0,0.0
2025-07-24T15:36:56.107734,BTC-USDT,0.0,1187181000,0.0,1
2025-07-24T15:36:56.287953,BTC-USDT,0.0,1187141000,0.0,1444827
2025-07-24T15:36:57.469365,BTC-USDT,0.0,1187163000,0.0,20000
2025-07-24T15:36:57.949972,BTC-USDT,0.0,1187276000,0.0,2500
2025-07-24T15:36:57.990289,BTC-USDT,0.0,1187308000,0.0,2500
2025-07-24T15:36:58.057128,BTC-USDT,1186640000,0.0,38599,0.0
2025-07-24T15:36:58.130485,BTC-USDT,1186640000,0.0,0,0.0
2025-07-24T15:36:58.591219,BTC-USDT,0.0,1187235000,0.0,120480
2025-07-24T15:36:59.312090,BTC-USDT,1186640000,0.0,38614,0.0
2025-07-24T15:36:59.412350,BTC-USDT,0.0,1187141000,0.0,1420460
2025-07-24T15:36:59.512466,BTC-USDT,1186640000,0.0,0,0.0
2025-07-24T15:36:59.772845,BTC-USDT,0.0,1187141000,0.0,1420461
2025-07-24T15:36:59.993099,BTC-USDT,1186832000,0.0,799,0.0
2025-07-24T15:37:00.033114,BTC-USDT,0.0,1187163000,0.0,0
2025-07-24T15:37:00.073987,BTC-USDT,0.0,1187259000,0.0,17566
2025-07-24T15:37:00.093094,BTC-USDT,1186754000,1187403000,0,20000
2025-07-24T15:37:00.113298,BTC-USDT,1186726000,1187363000,0,8000
2025-07-24T15:37:00.173963,BTC-USDT,1186652000,1187141000,0,1482891
2025-07-24T15:37:00.213546,BTC-USDT,0.0,1187141000,0.0,1343997
2025-07-24T15:37:00.273426,BTC-USDT,0.0,1187259000,0.0,0
2025-07-24T15:37:00.313921,BTC-USDT,0.0,1187141000,0.0,1319630
2025-07-24T15:37:00.353817,BTC-USDT,0.0,1187141000,0.0,1420174
2025-07-24T15:37:00.414834,BTC-USDT,1186640000,0.0,0,0.0
2025-07-24T15:37:00.794709,BTC-USDT,0.0,1187474000,0.0,20000
2025-07-24T15:37:00.814664,BTC-USDT,1186640000,0.0,38643,0.0
2025-07-24T15:37:01.195064,BTC-USDT,1186640000,0.0,0,0.0
2025-07-24T15:37:01.215148,BTC-USDT,0.0,1187141000,0.0,1444541
2025-07-24T15:37:01.235323,BTC-USDT,0.0,1187476000,0.0,18491
2025-07-24T15:37:01.255823,BTC-USDT,1186727000,1187217000,20000,20000
2025-07-24T15:37:01.295299,BTC-USDT,1186719000,0.0,20000,0.0
2025-07-24T15:37:01.395506,BTC-USDT,0.0,1187277000,0.0,2500
2025-07-24T15:37:02.318088,BTC-USDT,0.0,1187141000,0.0,1420174
2025-07-24T15:37:02.998228,BTC-USDT,0.0,1187141000,0.0,1444541
2025-07-24T15:37:03.379133,BTC-USDT,0.0,1187307000,0.0,5000
2025-07-24T15:37:05.201251,BTC-USDT,1186727000,1187217000,0,0
2025-07-24T15:37:05.321362,BTC-USDT,0.0,1187259000,0.0,0
2025-07-24T15:37:05.341166,BTC-USDT,0.0,1187141000,0.0,1420174
2025-07-24T15:37:05.501422,BTC-USDT,1186687000,0.0,2909,0.0
2025-07-24T15:37:06.303047,BTC-USDT,1186640000,0.0,0,0.0
2025-07-24T15:37:06.342690,BTC-USDT,0.0,1187277000,0.0,0
2025-07-24T15:37:06.442871,BTC-USDT,0.0,1187141000,0.0,1444541
2025-07-24T15:37:06.464717,BTC-USDT,1186708000,1187141000,20000,1343997
2025-07-24T15:37:06.585917,BTC-USDT,0.0,1187141000,0.0,1444176
2025-07-24T15:37:06.623343,BTC-USDT,1186719000,0.0,20000,0.0
2025-07-24T15:37:06.663319,BTC-USDT,1186711000,0.0,20000,0.0
2025-07-24T15:37:06.943841,BTC-USDT,1186832000,1187243000,0,140332
2025-07-24T15:37:07.084735,BTC-USDT,0.0,1187141000,0.0,1343997
2025-07-24T15:37:07.184064,BTC-USDT,0.0,1187141000,0.0,1444176
2025-07-24T15:37:07.417310,BTC-USDT,1187140000,1187141000,1,1444176
2025-07-24T15:37:08.206421,BTC-USDT,1186953000,1187141000,0,1484222
2025-07-24T15:37:08.226330,BTC-USDT,1186871000,0.0,4954,0.0
2025-07-24T15:37:08.266446,BTC-USDT,1186871000,1187141000,0,1534855
2025-07-24T15:37:08.286267,BTC-USDT,1186792000,1187141000,0,1554799
2025-07-24T15:37:08.306033,BTC-USDT,1186765000,1187222000,0,1
2025-07-24T15:37:08.346068,BTC-USDT,1186777000,1187141000,4954,1555166
2025-07-24T15:37:08.386797,BTC-USDT,0.0,1187141000,0.0,1668266
2025-07-24T15:37:08.446780,BTC-USDT,1186584000,0.0,24221,0.0
2025-07-24T15:37:08.546436,BTC-USDT,1186729000,0.0,124418,0.0
2025-07-24T15:37:08.606461,BTC-USDT,1186735000,0.0,0,0.0
2025-07-24T15:37:08.646534,BTC-USDT,1186625000,0.0,0,0.0
2025-07-24T15:37:08.711952,BTC-USDT,1186677000,1187141000,989,1565166
2025-07-24T15:37:08.746889,BTC-USDT,1186896000,0.0,4954,0.0
2025-07-24T15:37:08.787549,BTC-USDT,1186729000,0.0,0,0.0
2025-07-24T15:37:08.847225,BTC-USDT,1186691000,0.0,595,0.0
2025-07-24T15:37:09.107824,BTC-USDT,1186691000,0.0,0,0.0
2025-07-24T15:37:09.599629,BTC-USDT,1186896000,1187225000,0,0
2025-07-24T15:37:09.607159,BTC-USDT,1186593000,1187141000,19472,1577666
2025-07-24T15:37:09.609243,BTC-USDT,0.0,1187259000,0.0,17468
2025-07-24T15:37:09.610556,BTC-USDT,0.0,1187141000,0.0,1577666
2025-07-24T15:37:09.612073,BTC-USDT,0.0,1187141000,0.0,1581001
2025-07-24T15:37:09.613112,BTC-USDT,1186654000,0.0,20000,0.0
2025-07-24T15:37:09.614400,BTC-USDT,1186651000,0.0,0,0.0
2025-07-24T15:37:09.628295,BTC-USDT,1186633000,0.0,0,0.0
2025-07-24T15:37:10.198459,BTC-USDT,0.0,1187141000,0.0,1581000
2025-07-24T15:37:10.203783,BTC-USDT,0.0,1187141000,0.0,1581001
2025-07-24T15:37:10.205222,BTC-USDT,1186629000,0.0,0,0.0
2025-07-24T15:37:10.206129,BTC-USDT,1186590000,0.0,0,0.0
2025-07-24T15:37:10.207521,BTC-USDT,1186593000,0.0,0,0.0
2025-07-24T15:37:10.208467,BTC-USDT,1186525000,0.0,19472,0.0
2025-07-24T15:37:10.209143,BTC-USDT,1186584000,1187259000,24221,17467
2025-07-24T15:37:10.210782,BTC-USDT,1186525000,0.0,0,0.0
2025-07-24T15:37:10.211009,BTC-USDT,1186525000,0.0,19472,0.0
2025-07-24T15:37:10.211448,BTC-USDT,1187140000,0.0,0,0.0
2025-07-24T15:37:10.212011,BTC-USDT,1186584000,1187111000,43689,774414
2025-07-24T15:37:10.213383,BTC-USDT,0.0,1187111000,0.0,1397835
2025-07-24T15:37:10.213420,BTC-USDT,0.0,1187111000,0.0,1605985
2025-07-24T15:37:10.249193,BTC-USDT,0.0,1187111000,0.0,1693806
2025-07-24T15:37:10.289431,BTC-USDT,1186525000,0.0,0,0.0
2025-07-24T15:37:10.310071,BTC-USDT,1186426000,0.0,18583,0.0
2025-07-24T15:37:10.349389,BTC-USDT,0.0,1187111000,0.0,1694173
2025-07-24T15:37:10.412793,BTC-USDT,0.0,1187111000,0.0,1718534
2025-07-24T15:37:10.469483,BTC-USDT,0.0,1187229000,0.0,0
2025-07-24T15:37:10.509820,BTC-USDT,0.0,1187111000,0.0,1695419
2025-07-24T15:37:11.112809,BTC-USDT,0.0,1187229000,0.0,17467
2025-07-24T15:37:11.431817,BTC-USDT,1186584000,0.0,24221,0.0
2025-07-24T15:37:11.472293,BTC-USDT,1186569000,0.0,19472,0.0
2025-07-24T15:37:11.571718,BTC-USDT,1186545000,0.0,0,0.0
2025-07-24T15:37:11.631721,BTC-USDT,1186569000,0.0,0,0.0
2025-07-24T15:37:11.671810,BTC-USDT,1187110000,0.0,0,0.0
2025-07-24T15:37:11.691540,BTC-USDT,0.0,1187041000,0.0,465885
2025-07-24T15:37:11.711655,BTC-USDT,1187015000,1187041000,0,771135
2025-07-24T15:37:11.731851,BTC-USDT,0.0,1187041000,0.0,942123
2025-07-24T15:37:11.752898,BTC-USDT,0.0,1187041000,0.0,964623
2025-07-24T15:37:11.771564,BTC-USDT,0.0,1187041000,0.0,1342430
2025-07-24T15:37:11.813849,BTC-USDT,0.0,1187041000,0.0,1488282
2025-07-24T15:37:11.891963,BTC-USDT,0.0,1187041000,0.0,1488647
2025-07-24T15:37:11.971861,BTC-USDT,0.0,1187111000,0.0,91043
2025-07-24T15:37:12.012338,BTC-USDT,0.0,1187041000,0.0,1663008
2025-07-24T15:37:12.052049,BTC-USDT,1186515000,0.0,0,0.0
2025-07-24T15:37:12.272452,BTC-USDT,0.0,1187159000,0.0,17467
2025-07-24T15:37:12.473359,BTC-USDT,0.0,1187041000,0.0,1738008
2025-07-24T15:37:12.492732,BTC-USDT,1186510000,1187041000,0,1795094
2025-07-24T15:37:12.512719,BTC-USDT,1186654000,0.0,0,0.0
2025-07-24T15:37:12.532983,BTC-USDT,1186540000,1187041000,20000,1790094
2025-07-24T15:37:12.572960,BTC-USDT,1186798000,1187041000,0,1782594
2025-07-24T15:37:12.633358,BTC-USDT,1186670000,1187041000,4954,1802594
2025-07-24T15:37:12.673748,BTC-USDT,1186773000,1187041000,0,1804981
2025-07-24T15:37:12.733547,BTC-USDT,1186476000,0.0,1,0.0
2025-07-24T15:37:12.773201,BTC-USDT,1186382000,1187041000,0,1697481
2025-07-24T15:37:12.853277,BTC-USDT,1187040000,0.0,0,0.0
2025-07-24T15:37:12.873484,BTC-USDT,1186445000,1186751000,0,515798
2025-07-24T15:37:12.893268,BTC-USDT,1186566000,1186751000,0,1260051
2025-07-24T15:37:12.933487,BTC-USDT,1186456000,1186751000,819,1498900
2025-07-24T15:37:12.973677,BTC-USDT,1186455000,1186751000,0,1526624
2025-07-24T15:37:13.056626,BTC-USDT,0.0,1186751000,0.0,1557055
2025-07-24T15:37:13.057265,BTC-USDT,1186670000,1186751000,0,1614141
2025-07-24T15:37:13.073526,BTC-USDT,1186388000,0.0,0,0.0
2025-07-24T15:37:13.133455,BTC-USDT,1186294000,0.0,0,0.0
2025-07-24T15:37:13.173991,BTC-USDT,1186750000,1186711000,0,108064
2025-07-24T15:37:13.194182,BTC-USDT,1186683000,1186684000,0,710915
2025-07-24T15:37:13.213907,BTC-USDT,1186072000,1186537000,38779,443866
2025-07-24T15:37:13.233817,BTC-USDT,1186517000,1186537000,0,597157
2025-07-24T15:37:13.255088,BTC-USDT,0.0,1186537000,0.0,1121233
2025-07-24T15:37:13.314141,BTC-USDT,1186209000,1186913000,20000,58166
2025-07-24T15:37:13.354149,BTC-USDT,1186198000,1186537000,20000,1305704
2025-07-24T15:37:13.374180,BTC-USDT,0.0,1187060000,0.0,0
2025-07-24T15:37:13.414022,BTC-USDT,0.0,1186537000,0.0,1287121
2025-07-24T15:37:13.434521,BTC-USDT,0.0,1186912000,0.0,19389
2025-07-24T15:37:13.474660,BTC-USDT,1186372000,0.0,20000,0.0
2025-07-24T15:37:13.514520,BTC-USDT,1186536000,1186537000,435951,530046
2025-07-24T15:37:13.534523,BTC-USDT,1186536000,1186537000,586980,384928
2025-07-24T15:37:13.554310,BTC-USDT,0.0,1186538000,0.0,201
2025-07-24T15:37:13.594492,BTC-USDT,1186536000,1186537000,691688,280421
2025-07-24T15:37:13.635069,BTC-USDT,0.0,1186537000,0.0,383646
2025-07-24T15:37:13.654431,BTC-USDT,1186372000,0.0,0,0.0
2025-07-24T15:37:13.694722,BTC-USDT,1186364000,0.0,0,0.0
2025-07-24T15:37:13.754732,BTC-USDT,1186337000,1186710000,99300,107500
2025-07-24T15:37:13.974959,BTC-USDT,0.0,1186537000,0.0,402229
2025-07-24T15:37:14.015143,BTC-USDT,0.0,1186537000,0.0,283472
2025-07-24T15:37:14.055138,BTC-USDT,1186409000,0.0,20000,0.0
2025-07-24T15:37:14.075165,BTC-USDT,0.0,1186537000,0.0,383646
2025-07-24T15:37:14.355661,BTC-USDT,0.0,1186537000,0.0,402229
2025-07-24T15:37:14.395723,BTC-USDT,1186536000,0.0,577243,0.0
2025-07-24T15:37:14.617401,BTC-USDT,1186536000,1186537000,472535,506937
2025-07-24T15:37:14.677935,BTC-USDT,1186536000,1186537000,61915,794201
2025-07-24T15:37:14.717375,BTC-USDT,1186536000,1186537000,4954,865090
2025-07-24T15:37:14.756529,BTC-USDT,0.0,1186537000,0.0,862039
2025-07-24T15:37:14.796121,BTC-USDT,1186337000,0.0,0,0.0
2025-07-24T15:37:15.720384,BTC-USDT,0.0,1186537000,0.0,843456
2025-07-24T15:37:15.730939,BTC-USDT,1186409000,0.0,0,0.0
2025-07-24T15:37:15.733429,BTC-USDT,1186401000,0.0,0,0.0
2025-07-24T15:37:15.735212,BTC-USDT,0.0,1186687000,0.0,936
2025-07-24T15:37:15.737731,BTC-USDT,1186536000,1186536000,0,3048
2025-07-24T15:37:15.738352,BTC-USDT,0.0,1186502000,0.0,383370
2025-07-24T15:37:15.757903,BTC-USDT,1186501000,1186537000,119399,230595
2025-07-24T15:37:15.777416,BTC-USDT,1186501000,1186502000,224107,523918
2025-07-24T15:37:15.817816,BTC-USDT,0.0,1186502000,0.0,524119
2025-07-24T15:37:15.877636,BTC-USDT,0.0,1186535000,0.0,0
2025-07-24T15:37:15.918024,BTC-USDT,0.0,1186912000,0.0,0
2025-07-24T15:37:15.998358,BTC-USDT,1186501000,0.0,242690,0.0
2025-07-24T15:37:16.057301,BTC-USDT,1186501000,1186502000,612979,299934
2025-07-24T15:37:16.058394,BTC-USDT,1186501000,1186502000,710271,251411
2025-07-24T15:37:16.098394,BTC-USDT,1186501000,1186824000,893204,0
2025-07-24T15:37:16.158457,BTC-USDT,1186501000,1186502000,874621,351582
2025-07-24T15:37:16.198280,BTC-USDT,1186501000,1186502000,899457,248363
2025-07-24T15:37:16.298447,BTC-USDT,0.0,1186502000,0.0,348534
2025-07-24T15:37:16.338567,BTC-USDT,0.0,1186509000,0.0,0
2025-07-24T15:37:16.378484,BTC-USDT,0.0,1186502000,0.0,351582
2025-07-24T15:37:16.478742,BTC-USDT,1186338000,0.0,20000,0.0
2025-07-24T15:37:16.538896,BTC-USDT,1186379000,0.0,20000,0.0
2025-07-24T15:37:16.759558,BTC-USDT,0.0,1186502000,0.0,251411
2025-07-24T15:37:16.899510,BTC-USDT,0.0,1186502000,0.0,351582
2025-07-24T15:37:16.940589,BTC-USDT,1186383000,0.0,3991,0.0
2025-07-24T15:37:17.300929,BTC-USDT,0.0,1186546000,0.0,0
2025-07-24T15:37:18.081281,BTC-USDT,1186429000,0.0,117780,0.0
2025-07-24T15:37:18.101786,BTC-USDT,1186420000,0.0,972,0.0
2025-07-24T15:37:18.181026,BTC-USDT,0.0,1186522000,0.0,149413
2025-07-24T15:37:18.221105,BTC-USDT,1186501000,0.0,869564,0.0
2025-07-24T15:37:18.441186,BTC-USDT,1186501000,1186502000,867232,353914
2025-07-24T15:37:18.461307,BTC-USDT,0.0,1186502000,0.0,461414
2025-07-24T15:37:18.682019,BTC-USDT,1186327000,1186521000,0,86000
2025-07-24T15:37:18.781868,BTC-USDT,1186501000,0.0,897104,0.0
2025-07-24T15:37:19.062340,BTC-USDT,0.0,1186611000,0.0,2242
2025-07-24T15:37:19.703083,BTC-USDT,0.0,1186848000,0.0,1
2025-07-24T15:37:20.653289,BTC-USDT,0.0,1186502000,0.0,353914
2025-07-24T15:37:20.659104,BTC-USDT,0.0,1186521000,0.0,0
2025-07-24T15:37:20.660549,BTC-USDT,0.0,1186722000,0.0,897
2025-07-24T15:37:20.685020,BTC-USDT,0.0,1186502000,0.0,253743
2025-07-24T15:37:20.704462,BTC-USDT,1186309000,1186565000,298917,0
2025-07-24T15:37:21.207943,BTC-USDT,0.0,1186502000,0.0,251411
2025-07-24T15:37:21.216128,BTC-USDT,0.0,1186502000,0.0,248363
2025-07-24T15:37:21.218201,BTC-USDT,1186379000,0.0,0,0.0
2025-07-24T15:37:21.219314,BTC-USDT,1186501000,1186502000,1314593,348530
2025-07-24T15:37:21.220572,BTC-USDT,0.0,1186522000,0.0,0
2025-07-24T15:37:21.221770,BTC-USDT,0.0,1186611000,0.0,0
2025-07-24T15:37:21.222884,BTC-USDT,1186501000,1186502000,1694479,198530
2025-07-24T15:37:21.223397,BTC-USDT,0.0,1186546000,0.0,0
2025-07-24T15:37:21.224344,BTC-USDT,0.0,1186801000,0.0,609
2025-07-24T15:37:21.225144,BTC-USDT,0.0,1186785000,0.0,650
2025-07-24T15:37:21.226044,BTC-USDT,0.0,1186593000,0.0,0
2025-07-24T15:37:21.228303,BTC-USDT,1186273000,1186502000,100164,98363
2025-07-24T15:37:21.228344,BTC-USDT,1186383000,1186502000,0,201
2025-07-24T15:37:21.228866,BTC-USDT,0.0,1186655000,0.0,0
2025-07-24T15:37:21.229367,BTC-USDT,0.0,1186889000,0.0,8000
2025-07-24T15:37:21.245447,BTC-USDT,0.0,1186667000,0.0,100163
2025-07-24T15:37:21.285925,BTC-USDT,0.0,1186504000,0.0,201
2025-07-24T15:37:21.305767,BTC-USDT,1186502000,1186502000,70482,0
2025-07-24T15:37:21.325709,BTC-USDT,1186502000,1187137000,196677,0
2025-07-24T15:37:21.345733,BTC-USDT,1186502000,1186667000,752824,0
2025-07-24T15:37:21.366098,BTC-USDT,1186502000,1186829000,1611694,0
2025-07-24T15:37:21.385853,BTC-USDT,1186502000,1187006000,1906468,5380
2025-07-24T15:37:21.426468,BTC-USDT,1186502000,1186751000,1957135,0
2025-07-24T15:37:21.445846,BTC-USDT,0.0,1187126000,0.0,8000
2025-07-24T15:37:21.486117,BTC-USDT,1186491000,1186829000,100163,100163
2025-07-24T15:37:21.527341,BTC-USDT,0.0,1186754000,0.0,5380
2025-07-24T15:37:21.586288,BTC-USDT,0.0,1187158000,0.0,38904
2025-07-24T15:37:21.666246,BTC-USDT,1186502000,1186926000,2064635,107500
2025-07-24T15:37:21.706271,BTC-USDT,0.0,1186765000,0.0,1
2025-07-24T15:37:21.746561,BTC-USDT,1186312000,1186931000,3980,1
2025-07-24T15:37:21.786878,BTC-USDT,0.0,1187155000,0.0,19482
2025-07-24T15:37:21.846785,BTC-USDT,0.0,1187097000,0.0,38904
2025-07-24T15:37:21.888130,BTC-USDT,0.0,1187097000,0.0,0
2025-07-24T15:37:21.926813,BTC-USDT,0.0,1187156000,0.0,0
2025-07-24T15:37:21.966823,BTC-USDT,0.0,1187156000,0.0,38904
2025-07-24T15:37:22.008050,BTC-USDT,0.0,1187155000,0.0,0
2025-07-24T15:37:22.289517,BTC-USDT,0.0,1187156000,0.0,58463
2025-07-24T15:37:22.327437,BTC-USDT,0.0,1187097000,0.0,38904
2025-07-24T15:37:22.367691,BTC-USDT,0.0,1187096000,0.0,19482
2025-07-24T15:37:22.409471,BTC-USDT,0.0,1187097000,0.0,38904
2025-07-24T15:37:22.428200,BTC-USDT,0.0,1187096000,0.0,0
2025-07-24T15:37:22.467477,BTC-USDT,0.0,1187097000,0.0,0
2025-07-24T15:37:22.507591,BTC-USDT,1186401000,1187126000,20000,16000
2025-07-24T15:37:22.567772,BTC-USDT,0.0,1187097000,0.0,19470
2025-07-24T15:37:22.608070,BTC-USDT,0.0,1187097000,0.0,38940
2025-07-24T15:37:22.728178,BTC-USDT,0.0,1186724000,0.0,1
2025-07-24T15:37:22.788262,BTC-USDT,0.0,1187096000,0.0,19509
2025-07-24T15:37:22.828200,BTC-USDT,0.0,1187038000,0.0,38940
2025-07-24T15:37:22.868686,BTC-USDT,0.0,1186860000,0.0,19171
2025-07-24T15:37:22.909092,BTC-USDT,1186502000,1186579000,2029394,5380
2025-07-24T15:37:22.948188,BTC-USDT,0.0,1186579000,0.0,0
2025-07-24T15:37:22.988653,BTC-USDT,1186503000,1186503000,105723,0
2025-07-24T15:37:23.008500,BTC-USDT,1186503000,0.0,491345,0.0
2025-07-24T15:37:23.030507,BTC-USDT,1186502000,0.0,108584,0.0
2025-07-24T15:37:23.068933,BTC-USDT,1186503000,1186646000,596053,100161
2025-07-24T15:37:23.108588,BTC-USDT,1186494000,1186950000,117869,39068
2025-07-24T15:37:23.148576,BTC-USDT,0.0,1186950000,0.0,78008
2025-07-24T15:37:23.189844,BTC-USDT,0.0,1187037000,0.0,0
2025-07-24T15:37:23.228816,BTC-USDT,1186389000,1186889000,20000,16000
2025-07-24T15:37:23.288710,BTC-USDT,0.0,1186698000,0.0,0
2025-07-24T15:37:23.328935,BTC-USDT,0.0,1186579000,0.0,5380
2025-07-24T15:37:23.429518,BTC-USDT,1186503000,0.0,1739769,0.0
2025-07-24T15:37:23.450057,BTC-USDT,1186503000,0.0,2073921,0.0
2025-07-24T15:37:23.489430,BTC-USDT,0.0,1186921000,0.0,0
2025-07-24T15:37:23.529341,BTC-USDT,1186338000,0.0,53714,0.0
2025-07-24T15:37:23.569362,BTC-USDT,0.0,1186950000,0.0,58449
2025-07-24T15:37:23.629943,BTC-USDT,0.0,1186962000,0.0,0
2025-07-24T15:37:23.669593,BTC-USDT,0.0,1186646000,0.0,0
2025-07-24T15:37:23.710305,BTC-USDT,0.0,1186579000,0.0,0
2025-07-24T15:37:23.750041,BTC-USDT,0.0,1186656000,0.0,100159
2025-07-24T15:37:23.809832,BTC-USDT,0.0,1186634000,0.0,5380
2025-07-24T15:37:23.850366,BTC-USDT,0.0,1187014000,0.0,38975
2025-07-24T15:37:23.890897,BTC-USDT,0.0,1187072000,0.0,0
2025-07-24T15:37:23.929986,BTC-USDT,0.0,1187160000,0.0,19171
2025-07-24T15:37:23.950030,BTC-USDT,0.0,1187072000,0.0,19532
2025-07-24T15:37:24.374125,BTC-USDT,0.0,1186861000,0.0,19171
2025-07-24T15:37:24.380327,BTC-USDT,0.0,1186954000,0.0,38974
2025-07-24T15:37:24.381783,BTC-USDT,0.0,1186656000,0.0,0
2025-07-24T15:37:24.384258,BTC-USDT,0.0,1187072000,0.0,0
2025-07-24T15:37:24.384636,BTC-USDT,0.0,1186679000,0.0,100159
2025-07-24T15:37:24.828436,BTC-USDT,1186503000,1186965000,2040328,19532
2025-07-24T15:37:24.834482,BTC-USDT,0.0,1186965000,0.0,39134
2025-07-24T15:37:24.834524,BTC-USDT,0.0,1186860000,0.0,107500
2025-07-24T15:37:24.838226,BTC-USDT,0.0,1187007000,0.0,365
2025-07-24T15:37:24.838258,BTC-USDT,0.0,1186641000,0.0,1
2025-07-24T15:37:24.838278,BTC-USDT,0.0,1187056000,0.0,1
2025-07-24T15:37:24.840471,BTC-USDT,0.0,1186742000,0.0,19171
2025-07-24T15:37:24.840848,BTC-USDT,0.0,1186634000,0.0,0
2025-07-24T15:37:24.842310,BTC-USDT,1186340000,1186612000,0,5378
2025-07-24T15:37:24.852039,BTC-USDT,1186207000,1186742000,92192,0
2025-07-24T15:37:24.891766,BTC-USDT,1186325000,1186612000,100159,0
2025-07-24T15:37:25.012651,BTC-USDT,0.0,1186732000,0.0,0
2025-07-24T15:37:25.057086,BTC-USDT,1186503000,1186613000,2073905,5378
2025-07-24T15:37:25.092107,BTC-USDT,0.0,1186613000,0.0,0
2025-07-24T15:37:25.132046,BTC-USDT,0.0,1186964000,0.0,0
2025-07-24T15:37:25.151892,BTC-USDT,0.0,1187043000,0.0,0
2025-07-24T15:37:25.192906,BTC-USDT,0.0,1186989000,0.0,0
2025-07-24T15:37:25.252132,BTC-USDT,0.0,1187085000,0.0,58618
2025-07-24T15:37:25.412803,BTC-USDT,0.0,1187026000,0.0,19508
2025-07-24T15:37:25.472565,BTC-USDT,0.0,1187026000,0.0,39016
2025-07-24T15:37:25.612972,BTC-USDT,0.0,1186860000,0.0,0
2025-07-24T15:37:25.713197,BTC-USDT,0.0,1186599000,0.0,1
2025-07-24T15:37:25.753656,BTC-USDT,0.0,1186624000,0.0,5378
2025-07-24T15:37:25.874075,BTC-USDT,0.0,1187085000,0.0,0
2025-07-24T15:37:25.893331,BTC-USDT,0.0,1187026000,0.0,19508
2025-07-24T15:37:25.933401,BTC-USDT,0.0,1186624000,0.0,0
2025-07-24T15:37:25.974433,BTC-USDT,1186389000,1186889000,0,0
2025-07-24T15:37:26.013905,BTC-USDT,1186207000,1186738000,92192,5378
2025-07-24T15:37:26.073579,BTC-USDT,0.0,1187085000,0.0,39054
2025-07-24T15:37:26.194419,BTC-USDT,0.0,1187085000,0.0,58675
2025-07-24T15:37:26.626342,BTC-USDT,0.0,1187026000,0.0,19527
2025-07-24T15:37:26.630865,BTC-USDT,0.0,1187026000,0.0,39054
2025-07-24T15:37:26.632523,BTC-USDT,0.0,1186938000,0.0,700
2025-07-24T15:37:26.634684,BTC-USDT,0.0,1186806000,0.0,92367
2025-07-24T15:37:26.634724,BTC-USDT,1186389000,0.0,20000,0.0
2025-07-24T15:37:26.635493,BTC-USDT,1186381000,1186617000,20000,5378
2025-07-24T15:37:26.635792,BTC-USDT,0.0,1186861000,0.0,19090
2025-07-24T15:37:26.636521,BTC-USDT,0.0,1186805000,0.0,107500
2025-07-24T15:37:26.674889,BTC-USDT,0.0,1186861000,0.0,0
2025-07-24T15:37:26.716682,BTC-USDT,0.0,1186558000,0.0,1
2025-07-24T15:37:26.754764,BTC-USDT,0.0,1186805000,0.0,0
2025-07-24T15:37:26.795065,BTC-USDT,0.0,1186964000,0.0,39078
2025-07-24T15:37:26.834662,BTC-USDT,0.0,1186964000,0.0,0
2025-07-24T15:37:26.894965,BTC-USDT,1186309000,1186964000,296064,39078
2025-07-24T15:37:26.935235,BTC-USDT,1186502000,1187023000,0,0
2025-07-24T15:37:26.975044,BTC-USDT,1186207000,1186964000,92111,0
2025-07-24T15:37:27.036131,BTC-USDT,0.0,1187024000,0.0,19631
2025-07-24T15:37:27.055914,BTC-USDT,0.0,1187024000,0.0,0
2025-07-24T15:37:27.095746,BTC-USDT,0.0,1186617000,0.0,0
2025-07-24T15:37:27.215470,BTC-USDT,0.0,1186619000,0.0,5378
2025-07-24T15:37:27.317333,BTC-USDT,1186325000,0.0,0,0.0
2025-07-24T15:37:27.355557,BTC-USDT,1186460000,0.0,100155,0.0
2025-07-24T15:37:27.436764,BTC-USDT,0.0,1186965000,0.0,19647
2025-07-24T15:37:27.496249,BTC-USDT,0.0,1187085000,0.0,0
2025-07-24T15:37:27.596659,BTC-USDT,0.0,1186965000,0.0,0
2025-07-24T15:37:27.636430,BTC-USDT,0.0,1187024000,0.0,19647
2025-07-24T15:37:27.936223,BTC-USDT,0.0,1187024000,0.0,0
2025-07-24T15:37:27.998758,BTC-USDT,0.0,1187024000,0.0,19647
2025-07-24T15:37:28.098528,BTC-USDT,0.0,1186965000,0.0,19647
2025-07-24T15:37:28.136522,BTC-USDT,0.0,1186861000,0.0,19090
2025-07-24T15:37:28.196725,BTC-USDT,0.0,1186861000,0.0,0
2025-07-24T15:37:28.317007,BTC-USDT,0.0,1186965000,0.0,0
2025-07-24T15:37:28.337961,BTC-USDT,0.0,1187024000,0.0,19663
2025-07-24T15:37:28.378013,BTC-USDT,0.0,1186619000,0.0,0
2025-07-24T15:37:28.577441,BTC-USDT,1186503000,0.0,1966405,0.0
2025-07-24T15:37:28.937651,BTC-USDT,0.0,1186967000,0.0,19663
2025-07-24T15:37:28.997961,BTC-USDT,0.0,1187024000,0.0,0
2025-07-24T15:37:29.037898,BTC-USDT,0.0,1186967000,0.0,0
2025-07-24T15:37:29.098326,BTC-USDT,0.0,1187026000,0.0,19663
2025-07-24T15:37:29.138060,BTC-USDT,1186422000,1186679000,885,0
2025-07-24T15:37:29.158101,BTC-USDT,1186503000,1186504000,2001519,0
2025-07-24T15:37:29.178223,BTC-USDT,1186557000,1186558000,211959,0
2025-07-24T15:37:29.198185,BTC-USDT,1186847000,1186848000,636284,0
2025-07-24T15:37:29.218106,BTC-USDT,1186889000,1186890000,380535,0
2025-07-24T15:37:29.239328,BTC-USDT,1186900000,1187008000,340679,5378
2025-07-24T15:37:29.258477,BTC-USDT,1186900000,1186931000,818351,0
2025-07-24T15:37:29.278357,BTC-USDT,1186900000,1186901000,940109,153509
2025-07-24T15:37:29.319007,BTC-USDT,1186900000,1186901000,1214081,43134
2025-07-24T15:37:29.338956,BTC-USDT,0.0,1186901000,0.0,43335
2025-07-24T15:37:29.358427,BTC-USDT,1186900000,1187065000,1308629,0
2025-07-24T15:37:29.381574,BTC-USDT,0.0,1187269000,0.0,0
2025-07-24T15:37:29.401922,BTC-USDT,0.0,1187099000,0.0,0
2025-07-24T15:37:29.438506,BTC-USDT,1186900000,1186987000,1336548,5378
2025-07-24T15:37:29.659640,BTC-USDT,1186501000,0.0,20000,0.0
2025-07-24T15:37:29.719139,BTC-USDT,1186900000,1186998000,1444048,107500
2025-07-24T15:37:29.779081,BTC-USDT,0.0,1186937000,0.0,5380
2025-07-24T15:37:30.019474,BTC-USDT,1186620000,0.0,0,0.0
2025-07-24T15:37:30.039259,BTC-USDT,1186731000,0.0,100149,0.0
2025-07-24T15:37:30.519573,BTC-USDT,0.0,1187278000,0.0,0
2025-07-24T15:37:30.522256,BTC-USDT,0.0,1186937000,0.0,0
2025-07-24T15:37:30.523330,BTC-USDT,0.0,1187094000,0.0,0
2025-07-24T15:37:30.525438,BTC-USDT,0.0,1187130000,0.0,100148
2025-07-24T15:37:30.525476,BTC-USDT,0.0,1186949000,0.0,5380
2025-07-24T15:37:30.526504,BTC-USDT,0.0,1187130000,0.0,0
2025-07-24T15:37:30.526961,BTC-USDT,1186654000,0.0,20000,0.0
2025-07-24T15:37:30.540327,BTC-USDT,1186795000,1187126000,20000,16000
2025-07-24T15:37:30.580261,BTC-USDT,0.0,1187118000,0.0,100148
2025-07-24T15:37:30.640652,BTC-USDT,0.0,1187118000,0.0,0
2025-07-24T15:37:30.680715,BTC-USDT,0.0,1187337000,0.0,19090
2025-07-24T15:37:30.740324,BTC-USDT,0.0,1187125000,0.0,100148
2025-07-24T15:37:30.940789,BTC-USDT,0.0,1187125000,0.0,0
2025-07-24T15:37:31.001126,BTC-USDT,0.0,1187337000,0.0,19090
2025-07-24T15:37:31.057281,BTC-USDT,0.0,1186949000,0.0,0
2025-07-24T15:37:31.081749,BTC-USDT,0.0,1186999000,0.0,0
2025-07-24T15:37:31.121362,BTC-USDT,0.0,1186998000,0.0,0
2025-07-24T15:37:31.141140,BTC-USDT,1186900000,1187030000,1520106,0
2025-07-24T15:37:31.161120,BTC-USDT,1186900000,1186901000,1713848,201
2025-07-24T15:37:31.181598,BTC-USDT,1186900000,1187068000,1796217,0
2025-07-24T15:37:31.202043,BTC-USDT,1186901000,1186901000,35241,0
2025-07-24T15:37:31.222095,BTC-USDT,1186901000,1187314000,302699,0
2025-07-24T15:37:31.241838,BTC-USDT,1186901000,1187184000,1307390,5380
2025-07-24T15:37:31.265678,BTC-USDT,1186901000,0.0,1801419,0.0
2025-07-24T15:37:31.301549,BTC-USDT,1186901000,1187253000,1855259,100147
2025-07-24T15:37:31.341596,BTC-USDT,0.0,1187064000,0.0,5380
2025-07-24T15:37:31.362482,BTC-USDT,1186618000,0.0,0,0.0
2025-07-24T15:37:31.401968,BTC-USDT,1186801000,0.0,20000,0.0
2025-07-24T15:37:31.442147,BTC-USDT,1186537000,0.0,197661,0.0
2025-07-24T15:37:31.762659,BTC-USDT,0.0,1187253000,0.0,0
2025-07-24T15:37:31.862640,BTC-USDT,0.0,1187269000,0.0,100147
2025-07-24T15:37:32.203278,BTC-USDT,0.0,1187390000,0.0,19665
2025-07-24T15:37:32.705717,BTC-USDT,0.0,1187277000,0.0,2500
2025-07-24T15:37:32.711785,BTC-USDT,1186901000,1187130000,1962759,107500
2025-07-24T15:37:32.713690,BTC-USDT,1186870000,0.0,0,0.0
2025-07-24T15:37:32.715328,BTC-USDT,1186837000,0.0,100146,0.0
2025-07-24T15:37:32.864704,BTC-USDT,1186837000,0.0,0,0.0
2025-07-24T15:37:32.964659,BTC-USDT,1186820000,0.0,100144,0.0
2025-07-24T15:37:33.066453,BTC-USDT,0.0,1187277000,0.0,0
2025-07-24T15:37:33.204767,BTC-USDT,1186683000,0.0,1,0.0
2025-07-24T15:37:33.648591,BTC-USDT,1186600000,0.0,1,0.0
2025-07-24T15:37:33.653525,BTC-USDT,1186438000,0.0,19090,0.0
2025-07-24T15:37:34.146214,BTC-USDT,1186856000,0.0,84255,0.0
