timestamp,symbol,bid,ask,bid_vol,ask_vol
2025-07-24T15:28:39.625245,BTC-USDT,1190392000,1190393000,182540,436552
2025-07-24T15:28:39.625414,BTC-USDT,1190392000,0.0,267943,0.0
2025-07-24T15:28:39.625455,BTC-USDT,0.0,1190393000,0.0,227136
2025-07-24T15:28:39.625491,BTC-USDT,0.0,1190527000,0.0,0
2025-07-24T15:28:39.625526,BTC-USDT,0.0,1190393000,0.0,326154
2025-07-24T15:28:39.625559,BTC-USDT,0.0,1190393000,0.0,342833
2025-07-24T15:28:39.625586,BTC-USDT,0.0,1190859000,0.0,7500
2025-07-24T15:28:39.748665,BTC-USDT,0.0,1190393000,0.0,349626
2025-07-24T15:28:39.754487,BTC-USDT,1190287000,0.0,108300,0.0
2025-07-24T15:28:39.755237,BTC-USDT,1190287000,0.0,0,0.0
2025-07-24T15:28:39.791293,BTC-USDT,0.0,1190838000,0.0,10000
2025-07-24T15:28:39.871298,BTC-USDT,1190392000,0.0,243608,0.0
2025-07-24T15:28:39.891536,BTC-USDT,1190392000,0.0,267970,0.0
2025-07-24T15:28:40.572032,BTC-USDT,1190392000,0.0,238920,0.0
2025-07-24T15:28:40.574857,BTC-USDT,1190392000,0.0,267996,0.0
2025-07-24T15:28:40.575416,BTC-USDT,1190298000,0.0,108300,0.0
2025-07-24T15:28:40.872722,BTC-USDT,1190392000,0.0,236946,0.0
2025-07-24T15:28:40.892769,BTC-USDT,1190392000,0.0,268023,0.0
2025-07-24T15:28:40.972907,BTC-USDT,1190392000,0.0,234823,0.0
2025-07-24T15:28:40.993457,BTC-USDT,1190392000,0.0,268052,0.0
2025-07-24T15:28:41.649566,BTC-USDT,0.0,1190821000,0.0,7500
2025-07-24T15:28:42.072597,BTC-USDT,1190303000,0.0,108300,0.0
2025-07-24T15:28:42.073804,BTC-USDT,1190303000,0.0,0,0.0
2025-07-24T15:28:42.596199,BTC-USDT,1190176000,0.0,0,0.0
2025-07-24T15:28:42.599660,BTC-USDT,1190392000,1190393000,0,721609
2025-07-24T15:28:42.600318,BTC-USDT,1190281000,1190303000,20000,216209
2025-07-24T15:28:42.600985,BTC-USDT,1190281000,1190303000,0,443325
2025-07-24T15:28:42.601139,BTC-USDT,0.0,1190303000,0.0,460373
2025-07-24T15:28:42.601973,BTC-USDT,1190007000,1190674000,98960,55083
2025-07-24T15:28:42.602018,BTC-USDT,0.0,1190788000,0.0,2184
2025-07-24T15:28:42.655639,BTC-USDT,1190291000,0.0,9212,0.0
2025-07-24T15:28:42.695891,BTC-USDT,1190172000,1190303000,0,467166
2025-07-24T15:28:42.775816,BTC-USDT,1190302000,0.0,24363,0.0
2025-07-24T15:28:42.815782,BTC-USDT,1190302000,0.0,133808,0.0
2025-07-24T15:28:42.855913,BTC-USDT,0.0,1190310000,0.0,2190
2025-07-24T15:28:42.979292,BTC-USDT,0.0,1190303000,0.0,257750
2025-07-24T15:28:43.016514,BTC-USDT,1190078000,1190303000,0,238851
2025-07-24T15:28:43.317133,BTC-USDT,1190302000,1190321000,143020,98954
2025-07-24T15:28:43.321110,BTC-USDT,0.0,1190303000,0.0,257750
2025-07-24T15:28:43.323735,BTC-USDT,0.0,1190303000,0.0,250250
2025-07-24T15:28:43.324103,BTC-USDT,1190245000,0.0,108300,0.0
2025-07-24T15:28:43.325696,BTC-USDT,1190245000,0.0,0,0.0
2025-07-24T15:28:43.416627,BTC-USDT,0.0,1190384000,0.0,1
2025-07-24T15:28:43.456868,BTC-USDT,1190219000,0.0,1,0.0
2025-07-24T15:28:43.497056,BTC-USDT,1190150000,0.0,108300,0.0
2025-07-24T15:28:43.536771,BTC-USDT,1190163000,0.0,91600,0.0
2025-07-24T15:28:44.021443,BTC-USDT,1190123000,0.0,0,0.0
2025-07-24T15:28:44.024049,BTC-USDT,0.0,1190303000,0.0,231351
2025-07-24T15:28:44.575240,BTC-USDT,0.0,1190303000,0.0,250250
2025-07-24T15:28:44.578849,BTC-USDT,1190126000,0.0,0,0.0
2025-07-24T15:28:44.579503,BTC-USDT,1190178000,0.0,108300,0.0
2025-07-24T15:28:44.658475,BTC-USDT,0.0,1190303000,0.0,49882
2025-07-24T15:28:44.758694,BTC-USDT,0.0,1190303000,0.0,43089
2025-07-24T15:28:44.818969,BTC-USDT,0.0,1190752000,0.0,18899
2025-07-24T15:28:44.858974,BTC-USDT,0.0,1190303000,0.0,49884
2025-07-24T15:28:45.139105,BTC-USDT,0.0,1190310000,0.0,0
2025-07-24T15:28:46.119527,BTC-USDT,1190178000,0.0,0,0.0
2025-07-24T15:28:46.161901,BTC-USDT,1190243000,1190303000,0,154916
2025-07-24T15:28:46.201257,BTC-USDT,1190211000,0.0,0,0.0
2025-07-24T15:28:46.281561,BTC-USDT,1189960000,0.0,36639,0.0
2025-07-24T15:28:46.821659,BTC-USDT,1190007000,0.0,0,0.0
2025-07-24T15:28:46.921790,BTC-USDT,1189961000,0.0,98926,0.0
2025-07-24T15:28:47.442280,BTC-USDT,1190175000,0.0,108300,0.0
2025-07-24T15:28:47.523773,BTC-USDT,1190175000,0.0,0,0.0
2025-07-24T15:28:48.748193,BTC-USDT,1190302000,1190303000,9212,437277
2025-07-24T15:28:48.754229,BTC-USDT,1190302000,1190302000,0,6795
2025-07-24T15:28:48.756176,BTC-USDT,0.0,1190246000,0.0,226552
2025-07-24T15:28:48.757883,BTC-USDT,1190245000,1190301000,45169,24403
2025-07-24T15:28:48.758358,BTC-USDT,1190245000,1190253000,114244,6795
2025-07-24T15:28:48.759035,BTC-USDT,0.0,1190674000,0.0,0
2025-07-24T15:28:48.759750,BTC-USDT,1190139000,0.0,108300,0.0
2025-07-24T15:28:48.760248,BTC-USDT,1190245000,0.0,559033,0.0
2025-07-24T15:28:49.184657,BTC-USDT,0.0,1190301000,0.0,24404
2025-07-24T15:28:49.204547,BTC-USDT,0.0,1190246000,0.0,18684
2025-07-24T15:28:49.424768,BTC-USDT,1190175000,0.0,108300,0.0
2025-07-24T15:28:49.464877,BTC-USDT,1190125000,0.0,18315,0.0
2025-07-24T15:28:49.485661,BTC-USDT,0.0,1190246000,0.0,369
2025-07-24T15:28:49.585497,BTC-USDT,0.0,1190321000,0.0,0
2025-07-24T15:28:49.685218,BTC-USDT,0.0,1190331000,0.0,98897
2025-07-24T15:28:49.825980,BTC-USDT,0.0,1190246000,0.0,18684
2025-07-24T15:28:49.945844,BTC-USDT,1189963000,0.0,2916,0.0
2025-07-24T15:28:50.226352,BTC-USDT,0.0,1190246000,0.0,369
2025-07-24T15:28:50.386183,BTC-USDT,0.0,1190331000,0.0,0
2025-07-24T15:28:50.426336,BTC-USDT,1190245000,1190246000,667333,0
2025-07-24T15:28:50.446237,BTC-USDT,1190300000,1190301000,9212,24403
2025-07-24T15:28:50.466208,BTC-USDT,1190300000,1190301000,108300,129804
2025-07-24T15:28:50.486322,BTC-USDT,1190300000,1190391000,117512,98891
2025-07-24T15:28:50.626806,BTC-USDT,1190300000,1190301000,9212,549925
2025-07-24T15:28:50.666350,BTC-USDT,0.0,1190301000,0.0,578445
2025-07-24T15:28:50.726399,BTC-USDT,1190116000,0.0,3518,0.0
2025-07-24T15:28:50.766397,BTC-USDT,1190246000,0.0,0,0.0
2025-07-24T15:28:50.806646,BTC-USDT,1190300000,0.0,0,0.0
2025-07-24T15:28:50.846427,BTC-USDT,1190175000,0.0,108300,0.0
2025-07-24T15:28:50.866929,BTC-USDT,1190246000,0.0,69186,0.0
2025-07-24T15:28:50.887129,BTC-USDT,1190300000,0.0,9212,0.0
2025-07-24T15:28:50.906592,BTC-USDT,1190247000,0.0,444789,0.0
2025-07-24T15:28:50.926593,BTC-USDT,1190300000,0.0,0,0.0
2025-07-24T15:28:50.966819,BTC-USDT,1190300000,0.0,9212,0.0
2025-07-24T15:28:51.007265,BTC-USDT,1190249000,0.0,181883,0.0
2025-07-24T15:28:51.047012,BTC-USDT,1190249000,0.0,0,0.0
2025-07-24T15:28:51.066908,BTC-USDT,1190300000,0.0,0,0.0
2025-07-24T15:28:51.106798,BTC-USDT,1190300000,0.0,9212,0.0
2025-07-24T15:28:51.166957,BTC-USDT,1190300000,0.0,0,0.0
2025-07-24T15:28:51.186999,BTC-USDT,1190300000,0.0,9212,0.0
2025-07-24T15:28:51.227756,BTC-USDT,1190300000,0.0,0,0.0
2025-07-24T15:28:51.247923,BTC-USDT,1190247000,0.0,24362,0.0
2025-07-24T15:28:51.289526,BTC-USDT,1190249000,0.0,61704,0.0
2025-07-24T15:28:51.327219,BTC-USDT,1190300000,1190301000,206862,508890
2025-07-24T15:28:51.347664,BTC-USDT,1190300000,1190301000,234763,448641
2025-07-24T15:28:51.387317,BTC-USDT,0.0,1190764000,0.0,58399
2025-07-24T15:28:51.407947,BTC-USDT,1190300000,1190421000,339795,18315
2025-07-24T15:28:51.447862,BTC-USDT,1190300000,1190394000,321480,98885
2025-07-24T15:28:51.487556,BTC-USDT,0.0,1190420000,0.0,26582
2025-07-24T15:28:51.529368,BTC-USDT,1190300000,1190421000,339795,0
2025-07-24T15:28:51.587897,BTC-USDT,1190300000,1190301000,405652,201454
2025-07-24T15:28:51.608668,BTC-USDT,1190300000,1190301000,859113,0
2025-07-24T15:28:51.636404,BTC-USDT,1190324000,1190325000,130455,0
2025-07-24T15:28:52.046487,BTC-USDT,1190342000,1190343000,359504,0
2025-07-24T15:28:52.051479,BTC-USDT,1190419000,1190499000,130455,0
2025-07-24T15:28:52.051859,BTC-USDT,1190419000,1190556000,234389,0
2025-07-24T15:28:52.052328,BTC-USDT,1190300000,0.0,0,0.0
2025-07-24T15:28:52.052978,BTC-USDT,1190419000,1190420000,303838,15000
2025-07-24T15:28:52.053015,BTC-USDT,1190419000,1190632000,572308,0
2025-07-24T15:28:52.053045,BTC-USDT,1190419000,1190420000,791726,0
2025-07-24T15:28:52.054966,BTC-USDT,1190425000,1190426000,274213,0
2025-07-24T15:28:52.055031,BTC-USDT,1190425000,1190532000,315872,150000
2025-07-24T15:28:52.055071,BTC-USDT,1190531000,1190532000,102928,0
2025-07-24T15:28:52.055107,BTC-USDT,1190536000,1190590000,18315,15000
2025-07-24T15:28:52.055145,BTC-USDT,1190589000,1190755000,112140,0
2025-07-24T15:28:52.055529,BTC-USDT,1190589000,0.0,216074,0.0
2025-07-24T15:28:52.055567,BTC-USDT,1190536000,1190590000,18315,24585
2025-07-24T15:28:52.055596,BTC-USDT,1190005000,0.0,18315,0.0
2025-07-24T15:28:52.055651,BTC-USDT,0.0,1190662000,0.0,98874
2025-07-24T15:28:52.055685,BTC-USDT,1190219000,1190859000,18333,7500
2025-07-24T15:28:52.123110,BTC-USDT,1190589000,1190590000,113146,129617
2025-07-24T15:28:52.123661,BTC-USDT,1190218000,0.0,18400,0.0
2025-07-24T15:28:52.149052,BTC-USDT,1190273000,0.0,98873,0.0
2025-07-24T15:28:52.329735,BTC-USDT,1190589000,0.0,9212,0.0
2025-07-24T15:28:52.349980,BTC-USDT,1190589000,1190590000,422756,15000
2025-07-24T15:28:52.369179,BTC-USDT,1190589000,1190761000,649004,0
2025-07-24T15:28:52.409375,BTC-USDT,1190589000,1190701000,791728,20000
2025-07-24T15:28:52.449366,BTC-USDT,0.0,1190883000,0.0,6794
2025-07-24T15:28:52.469232,BTC-USDT,0.0,1190800000,0.0,26261
2025-07-24T15:28:52.509156,BTC-USDT,0.0,1190764000,0.0,6794
2025-07-24T15:28:52.549655,BTC-USDT,0.0,1190590000,0.0,0
2025-07-24T15:28:52.569484,BTC-USDT,1190592000,1190593000,234389,0
2025-07-24T15:28:52.589501,BTC-USDT,1190691000,0.0,216074,0.0
2025-07-24T15:28:52.609419,BTC-USDT,1190592000,0.0,103934,0.0
2025-07-24T15:28:52.649801,BTC-USDT,1190691000,1190692000,321106,46000
2025-07-24T15:28:52.691176,BTC-USDT,1190691000,0.0,321480,0.0
2025-07-24T15:28:52.749730,BTC-USDT,1190218000,0.0,0,0.0
2025-07-24T15:28:52.809985,BTC-USDT,1190179000,0.0,18315,0.0
2025-07-24T15:28:53.390835,BTC-USDT,1190691000,0.0,429780,0.0
2025-07-24T15:28:53.410558,BTC-USDT,0.0,1190692000,0.0,47125
2025-07-24T15:28:53.591529,BTC-USDT,1190691000,1190692000,321480,419148
2025-07-24T15:28:53.632131,BTC-USDT,1190691000,1190692000,114618,504657
2025-07-24T15:28:53.671193,BTC-USDT,1190179000,0.0,18315,0.0
2025-07-24T15:28:53.693219,BTC-USDT,1190252000,0.0,0,0.0
2025-07-24T15:28:53.732228,BTC-USDT,1190691000,1190692000,114244,529766
2025-07-24T15:28:53.793176,BTC-USDT,0.0,1190692000,0.0,530135
2025-07-24T15:28:53.911715,BTC-USDT,0.0,1190692000,0.0,511820
2025-07-24T15:28:53.991590,BTC-USDT,0.0,1190868000,0.0,0
2025-07-24T15:28:54.131905,BTC-USDT,0.0,1190832000,0.0,98866
2025-07-24T15:28:54.372332,BTC-USDT,1190539000,0.0,108300,0.0
2025-07-24T15:28:54.513214,BTC-USDT,0.0,1190692000,0.0,530135
2025-07-24T15:28:54.676062,BTC-USDT,1190445000,0.0,0,0.0
2025-07-24T15:28:54.692372,BTC-USDT,1190179000,0.0,18315,0.0
2025-07-24T15:28:54.732522,BTC-USDT,0.0,1190692000,0.0,523341
2025-07-24T15:28:55.053034,BTC-USDT,0.0,1190692000,0.0,505026
2025-07-24T15:28:55.153855,BTC-USDT,0.0,1190692000,0.0,504657
2025-07-24T15:28:55.294418,BTC-USDT,0.0,1190692000,0.0,522972
2025-07-24T15:28:55.333288,BTC-USDT,0.0,1190692000,0.0,517068
2025-07-24T15:28:55.393449,BTC-USDT,0.0,1190692000,0.0,522976
2025-07-24T15:28:55.433331,BTC-USDT,0.0,1190692000,0.0,523345
2025-07-24T15:28:56.374686,BTC-USDT,0.0,1190692000,0.0,505030
2025-07-24T15:28:56.495924,BTC-USDT,0.0,1190692000,0.0,523345
2025-07-24T15:28:56.715203,BTC-USDT,0.0,1190832000,0.0,0
2025-07-24T15:28:56.735732,BTC-USDT,1190691000,0.0,102565,0.0
2025-07-24T15:28:56.755400,BTC-USDT,1190684000,1190708000,8003,8003
2025-07-24T15:28:56.795540,BTC-USDT,0.0,1190692000,0.0,531348
2025-07-24T15:28:56.816659,BTC-USDT,0.0,1190743000,0.0,98839
2025-07-24T15:28:56.915884,BTC-USDT,0.0,1190743000,0.0,0
2025-07-24T15:28:57.056532,BTC-USDT,0.0,1190732000,0.0,98838
2025-07-24T15:28:57.476564,BTC-USDT,1190385000,0.0,1,0.0
2025-07-24T15:28:57.576996,BTC-USDT,1190616000,0.0,123189,0.0
2025-07-24T15:28:57.597292,BTC-USDT,1190349000,0.0,75092,0.0
2025-07-24T15:28:57.636947,BTC-USDT,1190427000,0.0,1,0.0
2025-07-24T15:28:57.837650,BTC-USDT,1190691000,1190692000,110568,513033
2025-07-24T15:28:57.997484,BTC-USDT,0.0,1190692000,0.0,531499
2025-07-24T15:28:58.337995,BTC-USDT,1190617000,0.0,108300,0.0
2025-07-24T15:28:58.458079,BTC-USDT,1190344000,0.0,1,0.0
2025-07-24T15:28:58.619002,BTC-USDT,1190469000,0.0,18316,0.0
2025-07-24T15:28:58.663574,BTC-USDT,1190617000,0.0,0,0.0
2025-07-24T15:28:58.663708,BTC-USDT,0.0,1190869000,0.0,2500
2025-07-24T15:28:58.865174,BTC-USDT,0.0,1190869000,0.0,0
2025-07-24T15:28:59.039103,BTC-USDT,0.0,1190692000,0.0,513033
2025-07-24T15:28:59.319639,BTC-USDT,1190617000,0.0,108300,0.0
2025-07-24T15:28:59.440161,BTC-USDT,0.0,1190692000,0.0,531499
2025-07-24T15:28:59.639843,BTC-USDT,1190510000,0.0,1,0.0
2025-07-24T15:28:59.659682,BTC-USDT,1190617000,0.0,0,0.0
2025-07-24T15:28:59.779930,BTC-USDT,0.0,1190869000,0.0,2500
2025-07-24T15:29:00.160498,BTC-USDT,1190691000,1190732000,69336,0
2025-07-24T15:29:00.180963,BTC-USDT,1190691000,1190692000,0,908916
2025-07-24T15:29:00.201592,BTC-USDT,1190529000,1190530000,0,417284
2025-07-24T15:29:00.220593,BTC-USDT,1190510000,1190511000,0,473428
2025-07-24T15:29:00.240484,BTC-USDT,1190122000,1190510000,20000,15000
2025-07-24T15:29:00.260504,BTC-USDT,1190413000,1190457000,139932,127732
2025-07-24T15:29:00.280454,BTC-USDT,1190456000,1190457000,112176,249060
2025-07-24T15:29:00.300590,BTC-USDT,1190456000,1190457000,120179,355573
2025-07-24T15:29:00.320811,BTC-USDT,1190320000,1190827000,91700,73384
2025-07-24T15:29:00.360731,BTC-USDT,0.0,1190457000,0.0,419569
2025-07-24T15:29:00.400980,BTC-USDT,0.0,1190457000,0.0,448645
2025-07-24T15:29:00.501695,BTC-USDT,1190414000,0.0,0,0.0
2025-07-24T15:29:00.540915,BTC-USDT,1190349000,0.0,0,0.0
2025-07-24T15:29:00.581465,BTC-USDT,1190320000,1190457000,0,467480
2025-07-24T15:29:00.621401,BTC-USDT,1190456000,1190457000,7144,475483
2025-07-24T15:29:00.661447,BTC-USDT,1190300000,1191112000,0,18466
2025-07-24T15:29:00.701371,BTC-USDT,1190195000,0.0,0,0.0
2025-07-24T15:29:00.721433,BTC-USDT,0.0,1190457000,0.0,544558
2025-07-24T15:29:00.762194,BTC-USDT,0.0,1190457000,0.0,580515
2025-07-24T15:29:00.801443,BTC-USDT,1190168000,1190457000,98812,603695
2025-07-24T15:29:00.841834,BTC-USDT,0.0,1190509000,0.0,25814
2025-07-24T15:29:00.901855,BTC-USDT,0.0,1190457000,0.0,618695
2025-07-24T15:29:01.302735,BTC-USDT,1190338000,0.0,108300,0.0
2025-07-24T15:29:01.343184,BTC-USDT,0.0,1190457000,0.0,600229
2025-07-24T15:29:01.362461,BTC-USDT,0.0,1190560000,0.0,0
2025-07-24T15:29:01.382595,BTC-USDT,0.0,1190936000,0.0,7500
2025-07-24T15:29:01.442549,BTC-USDT,1190320000,0.0,20000,0.0
2025-07-24T15:29:01.462708,BTC-USDT,1190312000,1190457000,20000,699041
2025-07-24T15:29:01.562628,BTC-USDT,0.0,1190457000,0.0,684041
2025-07-24T15:29:01.603446,BTC-USDT,0.0,1190457000,0.0,699041
2025-07-24T15:29:01.642845,BTC-USDT,0.0,1190457000,0.0,698672
2025-07-24T15:29:01.683139,BTC-USDT,0.0,1190513000,0.0,20000
2025-07-24T15:29:01.883359,BTC-USDT,0.0,1190457000,0.0,599860
2025-07-24T15:29:01.903853,BTC-USDT,1190456000,1190457000,7518,566631
2025-07-24T15:29:01.923266,BTC-USDT,1190213000,1190457000,49660,543451
2025-07-24T15:29:02.003391,BTC-USDT,0.0,1190457000,0.0,675485
2025-07-24T15:29:02.083498,BTC-USDT,0.0,1190457000,0.0,576680
2025-07-24T15:29:02.103671,BTC-USDT,0.0,1190457000,0.0,543451
2025-07-24T15:29:02.123440,BTC-USDT,0.0,1190512000,0.0,7143
2025-07-24T15:29:02.163965,BTC-USDT,0.0,1190512000,0.0,0
2025-07-24T15:29:02.203833,BTC-USDT,0.0,1190457000,0.0,675481
2025-07-24T15:29:02.244822,BTC-USDT,0.0,1190510000,0.0,7143
2025-07-24T15:29:02.781626,BTC-USDT,1190260000,0.0,1,0.0
2025-07-24T15:29:02.786045,BTC-USDT,0.0,1190634000,0.0,1
2025-07-24T15:29:02.885895,BTC-USDT,1190199000,0.0,20000,0.0
2025-07-24T15:29:03.045242,BTC-USDT,1190456000,0.0,7144,0.0
2025-07-24T15:29:03.473498,BTC-USDT,0.0,1190936000,0.0,0
2025-07-24T15:29:03.477309,BTC-USDT,0.0,1191112000,0.0,18466
2025-07-24T15:29:03.478061,BTC-USDT,0.0,1190593000,0.0,1
2025-07-24T15:29:03.625854,BTC-USDT,0.0,1190676000,0.0,1
2025-07-24T15:29:03.946436,BTC-USDT,0.0,1190457000,0.0,576680
2025-07-24T15:29:04.046180,BTC-USDT,0.0,1190457000,0.0,675466
2025-07-24T15:29:04.625513,BTC-USDT,0.0,1190551000,0.0,1
2025-07-24T15:29:04.628676,BTC-USDT,1190338000,0.0,0,0.0
2025-07-24T15:29:04.747738,BTC-USDT,1190375000,1190457000,8002,675465
2025-07-24T15:29:05.325274,BTC-USDT,1190322000,0.0,108300,0.0
2025-07-24T15:29:05.328653,BTC-USDT,1190322000,0.0,0,0.0
2025-07-24T15:29:05.329203,BTC-USDT,1190109000,0.0,18466,0.0
2025-07-24T15:29:05.800000,BTC-USDT,0.0,1190509000,0.0,25815
2025-07-24T15:29:05.802700,BTC-USDT,1190391000,0.0,692,0.0
2025-07-24T15:29:06.249698,BTC-USDT,1190303000,0.0,0,0.0
2025-07-24T15:29:07.230967,BTC-USDT,1190313000,0.0,108300,0.0
2025-07-24T15:29:07.417168,BTC-USDT,1190456000,1190457000,7144,675465
2025-07-24T15:29:07.671747,BTC-USDT,1190313000,0.0,0,0.0
2025-07-24T15:29:07.692241,BTC-USDT,1190312000,0.0,20000,0.0
2025-07-24T15:29:08.212684,BTC-USDT,1190345000,0.0,108300,0.0
2025-07-24T15:29:10.675897,BTC-USDT,1190345000,0.0,0,0.0
2025-07-24T15:29:11.176331,BTC-USDT,1190345000,0.0,108300,0.0
2025-07-24T15:29:11.196312,BTC-USDT,1190345000,0.0,0,0.0
2025-07-24T15:29:12.177534,BTC-USDT,1190345000,0.0,108300,0.0
2025-07-24T15:29:13.138852,BTC-USDT,1190345000,0.0,0,0.0
2025-07-24T15:29:13.158858,BTC-USDT,1190345000,0.0,108300,0.0
2025-07-24T15:29:13.199045,BTC-USDT,1190345000,0.0,0,0.0
2025-07-24T15:29:14.160554,BTC-USDT,1190345000,0.0,108300,0.0
2025-07-24T15:29:14.592653,BTC-USDT,1190345000,0.0,0,0.0
2025-07-24T15:29:14.664520,BTC-USDT,1190199000,1190513000,0,0
2025-07-24T15:29:14.681043,BTC-USDT,1190109000,0.0,18438,0.0
2025-07-24T15:29:15.642766,BTC-USDT,1190251000,0.0,75537,0.0
2025-07-24T15:29:17.064173,BTC-USDT,0.0,1190457000,0.0,576679
2025-07-24T15:29:17.124870,BTC-USDT,1190345000,0.0,108300,0.0
2025-07-24T15:29:17.164166,BTC-USDT,0.0,1190457000,0.0,675370
2025-07-24T15:29:17.745317,BTC-USDT,1190345000,0.0,0,0.0
2025-07-24T15:29:18.208233,BTC-USDT,0.0,1190692000,0.0,171851
2025-07-24T15:29:19.086797,BTC-USDT,1190345000,0.0,108300,0.0
2025-07-24T15:29:19.166947,BTC-USDT,1190345000,0.0,0,0.0
2025-07-24T15:29:20.088338,BTC-USDT,1190345000,0.0,108300,0.0
2025-07-24T15:29:20.148536,BTC-USDT,1190345000,0.0,0,0.0
2025-07-24T15:29:21.070637,BTC-USDT,1190345000,0.0,108300,0.0
2025-07-24T15:29:22.051078,BTC-USDT,1190333000,0.0,91900,0.0
2025-07-24T15:29:22.451642,BTC-USDT,1190345000,0.0,0,0.0
2025-07-24T15:29:22.471708,BTC-USDT,1190213000,0.0,0,0.0
2025-07-24T15:29:22.491713,BTC-USDT,1190109000,0.0,18986,0.0
2025-07-24T15:29:23.052448,BTC-USDT,1190345000,0.0,0,0.0
2025-07-24T15:29:23.493312,BTC-USDT,1190229000,1191029000,0,0
2025-07-24T15:29:23.514358,BTC-USDT,1190456000,1190457000,0,734133
2025-07-24T15:29:23.533887,BTC-USDT,1190385000,1190386000,0,226854
2025-07-24T15:29:23.553563,BTC-USDT,1190375000,1190376000,0,276447
2025-07-24T15:29:23.573837,BTC-USDT,1190332000,1190333000,0,207691
2025-07-24T15:29:23.593853,BTC-USDT,1190321000,1190322000,0,209416
2025-07-24T15:29:23.614152,BTC-USDT,0.0,1190306000,0.0,105659
2025-07-24T15:29:23.633895,BTC-USDT,1190277000,1190306000,137521,417677
2025-07-24T15:29:23.654880,BTC-USDT,1190248000,1190306000,8002,436663
2025-07-24T15:29:23.693643,BTC-USDT,1190305000,1190306000,105981,444665
2025-07-24T15:29:23.733765,BTC-USDT,1190142000,1190306000,0,425679
2025-07-24T15:29:23.753652,BTC-USDT,1190305000,1190333000,550774,0
2025-07-24T15:29:23.794795,BTC-USDT,0.0,1190757000,0.0,18616
2025-07-24T15:29:23.834413,BTC-USDT,1190305000,1190376000,558776,0
2025-07-24T15:29:23.873941,BTC-USDT,0.0,1190306000,0.0,321922
2025-07-24T15:29:23.894065,BTC-USDT,0.0,1190677000,0.0,18612
2025-07-24T15:29:23.934223,BTC-USDT,1190305000,1190306000,557827,216263
2025-07-24T15:29:24.034392,BTC-USDT,1190146000,0.0,0,0.0
2025-07-24T15:29:24.374739,BTC-USDT,1190305000,0.0,558201,0.0
2025-07-24T15:29:24.454951,BTC-USDT,0.0,1190691000,0.0,10000
2025-07-24T15:29:24.495270,BTC-USDT,0.0,1190306000,0.0,215870
2025-07-24T15:29:24.575257,BTC-USDT,0.0,1190384000,0.0,1
2025-07-24T15:29:24.655424,BTC-USDT,1190014000,0.0,0,0.0
2025-07-24T15:29:24.696155,BTC-USDT,1190251000,1190306000,20000,8002
2025-07-24T15:29:24.735539,BTC-USDT,1190305000,1190778000,550199,37012
2025-07-24T15:29:24.755634,BTC-USDT,0.0,1190306000,0.0,0
2025-07-24T15:29:24.795944,BTC-USDT,1190306000,1190331000,8002,8002
2025-07-24T15:29:24.835741,BTC-USDT,1190305000,1190307000,310985,207868
2025-07-24T15:29:24.856794,BTC-USDT,1190306000,1190330000,89550,0
2025-07-24T15:29:24.876117,BTC-USDT,1190306000,0.0,111107,0.0
2025-07-24T15:29:24.915864,BTC-USDT,1190306000,0.0,216139,0.0
2025-07-24T15:29:24.955902,BTC-USDT,1190306000,0.0,269895,0.0
2025-07-24T15:29:24.996427,BTC-USDT,1190306000,0.0,558201,0.0
2025-07-24T15:29:25.539272,BTC-USDT,0.0,1190343000,0.0,1
2025-07-24T15:29:25.858166,BTC-USDT,0.0,1190307000,0.0,0
2025-07-24T15:29:25.877055,BTC-USDT,1190307000,1190331000,8002,0
2025-07-24T15:29:25.897099,BTC-USDT,0.0,1190331000,0.0,8002
2025-07-24T15:29:25.937329,BTC-USDT,1190330000,0.0,105032,0.0
2025-07-24T15:29:25.977357,BTC-USDT,1190330000,1190331000,105032,215872
2025-07-24T15:29:26.017418,BTC-USDT,1190278000,0.0,101500,0.0
2025-07-24T15:29:26.361825,BTC-USDT,1190307000,0.0,106702,0.0
2025-07-24T15:29:26.366746,BTC-USDT,1190330000,0.0,134108,0.0
2025-07-24T15:29:26.366792,BTC-USDT,1190330000,0.0,238840,0.0
2025-07-24T15:29:26.366817,BTC-USDT,1190029000,0.0,51261,0.0
2025-07-24T15:29:26.366839,BTC-USDT,0.0,1190331000,0.0,232551
2025-07-24T15:29:26.913292,BTC-USDT,1190330000,1190331000,265123,24681
2025-07-24T15:29:26.917901,BTC-USDT,1190330000,0.0,265497,0.0
2025-07-24T15:29:26.918495,BTC-USDT,0.0,1190331000,0.0,123261
2025-07-24T15:29:27.499956,BTC-USDT,1190330000,0.0,247216,0.0
2025-07-24T15:29:27.785645,BTC-USDT,1190330000,0.0,265497,0.0
2025-07-24T15:29:28.002066,BTC-USDT,1190330000,0.0,373797,0.0
2025-07-24T15:29:28.041313,BTC-USDT,1190330000,0.0,355516,0.0
2025-07-24T15:29:28.921502,BTC-USDT,0.0,1190331000,0.0,24681
2025-07-24T15:29:29.021501,BTC-USDT,0.0,1190382000,0.0,98561
2025-07-24T15:29:29.142015,BTC-USDT,1190100000,0.0,98559,0.0
2025-07-24T15:29:29.983018,BTC-USDT,1190330000,0.0,247216,0.0
2025-07-24T15:29:30.723883,BTC-USDT,1190330000,0.0,265497,0.0
2025-07-24T15:29:30.964586,BTC-USDT,1190330000,1190505000,373797,108300
2025-07-24T15:29:31.024866,BTC-USDT,1190330000,0.0,355516,0.0
2025-07-24T15:29:31.144778,BTC-USDT,1190330000,0.0,373797,0.0
2025-07-24T15:29:31.645120,BTC-USDT,1190330000,0.0,355516,0.0
2025-07-24T15:29:31.956428,BTC-USDT,0.0,1190467000,0.0,108200
2025-07-24T15:29:32.947181,BTC-USDT,1190330000,1190453000,247216,108200
2025-07-24T15:29:33.351394,BTC-USDT,1190330000,0.0,265497,0.0
2025-07-24T15:29:33.355092,BTC-USDT,1190251000,1190369000,0,0
2025-07-24T15:29:33.355486,BTC-USDT,1190217000,1190585000,0,20000
2025-07-24T15:29:33.527532,BTC-USDT,1190330000,0.0,247216,0.0
2025-07-24T15:29:34.909392,BTC-USDT,1190330000,1190453000,355416,0
2025-07-24T15:29:35.110022,BTC-USDT,1190330000,1190382000,373697,0
2025-07-24T15:29:35.256342,BTC-USDT,1190330000,1190447000,355416,98498
2025-07-24T15:29:35.651017,BTC-USDT,1190330000,0.0,247216,0.0
2025-07-24T15:29:35.670441,BTC-USDT,1190307000,0.0,0,0.0
2025-07-24T15:29:35.690757,BTC-USDT,1190029000,0.0,0,0.0
2025-07-24T15:29:35.710539,BTC-USDT,1190270000,1190368000,20000,20000
2025-07-24T15:29:35.751077,BTC-USDT,1190267000,0.0,20000,0.0
2025-07-24T15:29:35.790665,BTC-USDT,0.0,1190331000,0.0,43355
2025-07-24T15:29:35.830774,BTC-USDT,1190330000,0.0,246842,0.0
2025-07-24T15:29:35.851452,BTC-USDT,0.0,1190331000,0.0,25074
2025-07-24T15:29:35.891122,BTC-USDT,1190034000,0.0,51304,0.0
2025-07-24T15:29:35.932167,BTC-USDT,0.0,1190331000,0.0,133274
2025-07-24T15:29:36.631806,BTC-USDT,0.0,1190331000,0.0,152197
2025-07-24T15:29:36.892039,BTC-USDT,0.0,1190331000,0.0,133274
2025-07-24T15:29:37.072247,BTC-USDT,0.0,1190331000,0.0,152197
2025-07-24T15:29:37.312992,BTC-USDT,0.0,1190331000,0.0,133274
2025-07-24T15:29:37.753097,BTC-USDT,0.0,1190331000,0.0,25074
2025-07-24T15:29:37.873375,BTC-USDT,1190330000,1190446000,355042,108200
2025-07-24T15:29:37.894866,BTC-USDT,0.0,1190812000,0.0,18923
2025-07-24T15:29:37.993831,BTC-USDT,1190330000,1190331000,355437,24681
2025-07-24T15:29:38.434133,BTC-USDT,1190330000,0.0,247237,0.0
2025-07-24T15:29:38.479593,BTC-USDT,1190307000,0.0,0,0.0
2025-07-24T15:29:38.654744,BTC-USDT,0.0,1190447000,0.0,0
2025-07-24T15:29:38.715832,BTC-USDT,0.0,1190436000,0.0,98461
2025-07-24T15:29:38.754541,BTC-USDT,0.0,1190739000,0.0,218400
2025-07-24T15:29:39.115013,BTC-USDT,1190330000,1190331000,246842,43980
2025-07-24T15:29:39.255199,BTC-USDT,0.0,1190499000,0.0,2234
2025-07-24T15:29:39.395543,BTC-USDT,0.0,1190436000,0.0,0
2025-07-24T15:29:39.416124,BTC-USDT,0.0,1190812000,0.0,18923
2025-07-24T15:29:39.495776,BTC-USDT,0.0,1190428000,0.0,98461
2025-07-24T15:29:39.515863,BTC-USDT,1190123000,0.0,2892,0.0
2025-07-24T15:29:39.856278,BTC-USDT,0.0,1190331000,0.0,152180
2025-07-24T15:29:39.876175,BTC-USDT,0.0,1190812000,0.0,18923
2025-07-24T15:29:40.365114,BTC-USDT,0.0,1190331000,0.0,133257
2025-07-24T15:29:40.517444,BTC-USDT,0.0,1190331000,0.0,25057
2025-07-24T15:29:40.558108,BTC-USDT,0.0,1190331000,0.0,17055
2025-07-24T15:29:40.657819,BTC-USDT,0.0,1190331000,0.0,16679
2025-07-24T15:29:40.757968,BTC-USDT,0.0,1190428000,0.0,0
2025-07-24T15:29:40.777916,BTC-USDT,1190330000,0.0,247237,0.0
2025-07-24T15:29:40.859399,BTC-USDT,0.0,1190445000,0.0,98440
