timestamp,symbol,bid,ask,bid_vol,ask_vol
2025-07-25T08:16:27.387309,ALGO-USDT,0.0,0.258,0.0,348635.0
2025-07-25T08:16:27.387353,AI16Z-USDT,0.0,0.1467,0.0,20700.7
2025-07-25T08:16:27.387385,AEVO-USDT,0.1038,0.0,192864.0,0.0
2025-07-25T08:16:27.749611,AI16Z-USDT,0.0,0.1467,0.0,0.0
2025-07-25T08:16:28.051754,ALT-USDT,0.0,0.03359,0.0,645952.0
2025-07-25T08:16:28.052471,AI16Z-USDT,0.0,0.1467,0.0,42585.4
2025-07-25T08:16:28.052543,AEVO-USDT,0.1038,0.0,192864.0,0.0
2025-07-25T08:16:28.374129,ALT-USDT,0.03338,0.0,358399.0,0.0
2025-07-25T08:16:28.374168,AI16Z-USDT,0.0,0.1467,0.0,0.0
2025-07-25T08:16:28.706658,ALT-USDT,0.03338,0.0,329331.0,0.0
2025-07-25T08:16:28.706717,AI16Z-USDT,0.0,0.1467,0.0,42583.3
2025-07-25T08:16:28.706753,AEVO-USDT,0.1038,0.0,289203.1,0.0
2025-07-25T08:16:29.011314,AI16Z-USDT,0.0,0.1467,0.0,42591.5
2025-07-25T08:16:29.011554,AEVO-USDT,0.1038,0.0,192864.0,0.0
2025-07-25T08:16:29.330303,ALGO-USDT,0.0,0.2586,0.0,136495.0
2025-07-25T08:16:29.331648,AI16Z-USDT,0.0,0.1467,0.0,9757.8
2025-07-25T08:16:29.650881,ADA-USDT,0.0,0.7984,0.0,0.0
2025-07-25T08:16:29.652974,ALT-USDT,0.0,0.03356,0.0,0.0
2025-07-25T08:16:29.653699,AI16Z-USDT,0.0,0.1467,0.0,0.0
2025-07-25T08:16:29.653741,AEVO-USDT,0.104,0.1048,288554.0,0.0
2025-07-25T08:16:29.959842,ADA-USDT,0.0,0.7981,0.0,0.0
2025-07-25T08:16:29.962379,ALT-USDT,0.03341,0.0335,0.0,447628.0
2025-07-25T08:16:29.962715,AEVO-USDT,0.1034,0.0,0.0,0.0
2025-07-25T08:16:30.270825,ADA-USDT,0.7972,0.7996,75292.0,25328.0
2025-07-25T08:16:30.278309,ACT-USDT,0.04357,0.04446,22957.0,0.0
2025-07-25T08:16:30.278349,ALT-USDT,0.0334,0.0,359389.0,0.0
2025-07-25T08:16:30.278375,AI16Z-USDT,0.1462,0.0,136845.6,0.0
2025-07-25T08:16:30.278398,AAVE-USDT,286.68,287.79,41.9,1.6
2025-07-25T08:16:30.587016,ADA-USDT,0.0,0.7982,0.0,0.0
2025-07-25T08:16:30.587062,ACT-USDT,0.04359,0.04447,22946.0,0.0
2025-07-25T08:16:30.587096,ALT-USDT,0.03341,0.03351,359389.0,0.0
2025-07-25T08:16:30.587125,AI16Z-USDT,0.1462,0.1467,136845.6,42574.9
2025-07-25T08:16:30.587152,AAVE-USDT,286.23,287.38,0.0,0.0
2025-07-25T08:16:30.899719,ALGO-USDT,0.2574,0.258,139914.0,0.0
2025-07-25T08:16:30.901062,ADA-USDT,0.0,0.7986,0.0,93891.0
2025-07-25T08:16:30.906297,ALT-USDT,0.03343,0.0335,359066.0,0.0
2025-07-25T08:16:30.906348,AI16Z-USDT,0.1462,0.1468,136845.6,88623.0
2025-07-25T08:16:30.906385,AEVO-USDT,0.0,0.1057,0.0,14296.0
2025-07-25T08:16:31.209175,ADA-USDT,0.0,0.7989,0.0,0.0
2025-07-25T08:16:31.213004,ACT-USDT,0.04341,0.0,0.0,0.0
2025-07-25T08:16:31.213043,ALT-USDT,0.03323,0.0,106.0,0.0
2025-07-25T08:16:31.213072,AI16Z-USDT,0.1462,0.1468,136845.6,113861.5
2025-07-25T08:16:31.213097,AAVE-USDT,286.68,287.74,83.8,0.0
2025-07-25T08:16:31.529578,ALGO-USDT,0.2569,0.2587,70948.0,0.0
2025-07-25T08:16:31.529617,ADA-USDT,0.7861,0.7984,0.0,93914.0
2025-07-25T08:16:31.533464,AI16Z-USDT,0.1462,0.1468,102645.9,71296.8
2025-07-25T08:16:31.533506,AAVE-USDT,286.5,0.0,0.0,0.0
2025-07-25T08:16:31.849419,ALGO-USDT,0.0,0.2733,0.0,0.0
2025-07-25T08:16:31.849469,ADA-USDT,0.0,0.7986,0.0,0.0
2025-07-25T08:16:31.849505,ACT-USDT,0.04358,0.0448,22957.0,48273.0
2025-07-25T08:16:31.849539,AI16Z-USDT,0.1462,0.1467,136845.6,42574.9
2025-07-25T08:16:32.150847,ALGO-USDT,0.2574,0.258,0.0,348635.0
2025-07-25T08:16:32.151985,ADA-USDT,0.7958,0.0,0.0,0.0
2025-07-25T08:16:32.156572,ACT-USDT,0.04356,0.04458,0.0,0.0
2025-07-25T08:16:32.156682,AI16Z-USDT,0.1462,0.1468,136845.6,113857.2
2025-07-25T08:16:32.156729,AAVE-USDT,286.32,287.42,35.4,52.2
2025-07-25T08:16:32.475973,ALGO-USDT,0.257,0.2584,280303.0,0.0
2025-07-25T08:16:32.477853,ADA-USDT,0.7889,0.0,38842.0,0.0
2025-07-25T08:16:32.477910,ACT-USDT,0.0,0.04464,0.0,2421.0
2025-07-25T08:16:32.477958,ALT-USDT,0.03342,0.0,0.0,0.0
2025-07-25T08:16:32.478003,AI16Z-USDT,0.1462,0.1468,171045.3,71296.8
2025-07-25T08:16:32.478043,AAVE-USDT,286.41,288.48,0.0,3.6
2025-07-25T08:16:32.779860,ALGO-USDT,0.257,0.0,210683.0,0.0
2025-07-25T08:16:32.786217,ADA-USDT,0.7972,0.7982,0.0,93938.0
2025-07-25T08:16:32.786259,ACT-USDT,0.04352,0.04449,1948.0,28090.0
2025-07-25T08:16:32.786281,ALT-USDT,0.03343,0.03349,0.0,447761.0
2025-07-25T08:16:32.786304,AI16Z-USDT,0.1462,0.1467,136845.6,0.0
2025-07-25T08:16:32.786326,AAVE-USDT,0.0,287.76,0.0,32.9
2025-07-25T08:16:33.089377,ALGO-USDT,0.2573,0.0,0.0,0.0
2025-07-25T08:16:33.090083,ADA-USDT,0.7956,0.7984,75462.0,0.0
2025-07-25T08:16:33.090981,ACT-USDT,0.0,0.0445,0.0,28077.0
2025-07-25T08:16:33.105395,ALT-USDT,0.03339,0.0335,0.0,447494.0
2025-07-25T08:16:33.105431,AI16Z-USDT,0.146,0.1468,21578.4,95294.4
2025-07-25T08:16:33.105460,AAVE-USDT,286.68,0.0,41.9,0.0
2025-07-25T08:16:33.105494,AEVO-USDT,0.0,0.106,0.0,103467.6
2025-07-25T08:16:33.409493,ALGO-USDT,0.257,0.2579,140187.0,174419.0
2025-07-25T08:16:33.409944,ADA-USDT,0.0,0.7986,0.0,85759.0
2025-07-25T08:16:33.414340,ACT-USDT,0.04359,0.04452,0.0,0.0
2025-07-25T08:16:33.414379,AI16Z-USDT,0.0,0.1468,0.0,71296.8
2025-07-25T08:16:33.414407,AAVE-USDT,286.58,287.32,8.7,52.2
2025-07-25T08:16:33.414433,AEVO-USDT,0.104,0.1048,192307.6,119161.1
2025-07-25T08:16:33.729295,ALGO-USDT,0.2572,0.2578,0.0,174486.0
2025-07-25T08:16:33.729990,ADA-USDT,0.7969,0.7979,0.0,93961.0
2025-07-25T08:16:33.731854,ACT-USDT,0.0,0.04448,0.0,28096.0
2025-07-25T08:16:33.733980,AI16Z-USDT,0.1462,0.1467,68399.4,35365.3
2025-07-25T08:16:33.734017,AAVE-USDT,286.68,287.54,0.0,0.0
2025-07-25T08:16:33.734046,AEVO-USDT,0.1038,0.1054,192771.1,118452.7
2025-07-25T08:16:34.049890,ALGO-USDT,0.2568,0.2582,11650.0,174216.0
2025-07-25T08:16:34.049927,ADA-USDT,0.7967,0.0,75339.0,0.0
2025-07-25T08:16:34.052433,ACT-USDT,0.04358,0.04458,0.0,0.0
2025-07-25T08:16:34.052471,ALT-USDT,0.0,0.03357,0.0,446561.0
2025-07-25T08:16:34.052501,AAVE-USDT,286.5,288.56,0.0,0.0
2025-07-25T08:16:34.052530,AEVO-USDT,0.1038,0.1057,96432.0,0.0
2025-07-25T08:16:34.052563,AI16Z-USDT,0.1461,0.1464,68493.2,42691.3
2025-07-25T08:16:34.359329,ALGO-USDT,0.2568,0.2586,128646.0,0.0
2025-07-25T08:16:34.359897,ADA-USDT,0.7956,0.0,139348.0,0.0
2025-07-25T08:16:34.360749,ACT-USDT,0.0,0.04453,0.0,47847.0
2025-07-25T08:16:34.361580,ALT-USDT,0.03338,0.0,359604.0,0.0
2025-07-25T08:16:34.361643,AI16Z-USDT,0.1442,0.0,34674.1,0.0
2025-07-25T08:16:34.361737,AAVE-USDT,286.12,0.0,42.0,0.0
2025-07-25T08:16:34.361842,AEVO-USDT,0.1038,0.1054,192771.1,66651.2
2025-07-25T08:16:34.670960,ALGO-USDT,0.0,0.2578,0.0,0.0
2025-07-25T08:16:34.671837,ADA-USDT,0.797,0.7979,75311.0,0.0
2025-07-25T08:16:34.677719,ACT-USDT,0.0,0.04447,0.0,24491.0
2025-07-25T08:16:34.677757,AI16Z-USDT,0.1462,0.1464,136845.6,42691.3
2025-07-25T08:16:34.677802,AEVO-USDT,0.1038,0.0,96432.0,0.0
2025-07-25T08:16:34.980547,ALGO-USDT,0.2572,0.0,280101.0,0.0
2025-07-25T08:16:34.981161,ADA-USDT,0.0,0.7982,0.0,93938.0
2025-07-25T08:16:34.986612,ALT-USDT,0.03336,0.0,0.0,0.0
2025-07-25T08:16:34.986652,AI16Z-USDT,0.1459,0.1467,34293.6,461.6
2025-07-25T08:16:34.986681,AAVE-USDT,286.12,0.0,0.0,0.0
2025-07-25T08:16:34.986707,AEVO-USDT,0.104,0.1048,192307.6,119161.1
2025-07-25T08:16:35.301329,ALGO-USDT,0.2559,0.0,29314.0,0.0
2025-07-25T08:16:35.301367,ADA-USDT,0.7964,0.0,75386.0,0.0
2025-07-25T08:16:35.305095,ACT-USDT,0.0,0.04447,0.0,0.0
2025-07-25T08:16:35.305133,ALT-USDT,0.0,0.03349,0.0,0.0
2025-07-25T08:16:35.305162,AI16Z-USDT,0.1462,0.1467,205245.0,42333.4
2025-07-25T08:16:35.305186,AAVE-USDT,286.53,0.0,41.9,0.0
2025-07-25T08:16:35.305206,AEVO-USDT,0.104,0.1048,238186.7,0.0
2025-07-25T08:16:35.623967,ACT-USDT,0.04358,0.04452,12395.0,28071.0
2025-07-25T08:16:35.626332,AI16Z-USDT,0.1462,0.1468,205245.0,71296.8
2025-07-25T08:16:35.931192,ADA-USDT,0.7969,0.799,75339.0,0.0
2025-07-25T08:16:35.933638,ALT-USDT,0.03342,0.0,359174.0,0.0
2025-07-25T08:16:35.934725,AI16Z-USDT,0.1462,0.1468,205245.0,71296.8
2025-07-25T08:16:35.934766,AAVE-USDT,0.0,287.32,0.0,0.0
2025-07-25T08:16:35.934821,AEVO-USDT,0.0,0.1054,0.0,0.0
2025-07-25T08:16:36.240025,ALGO-USDT,0.2573,0.2579,139969.0,0.0
2025-07-25T08:16:36.240066,ADA-USDT,0.796,0.0,0.0,0.0
2025-07-25T08:16:36.242399,ACT-USDT,0.0436,0.04448,6584.0,0.0
2025-07-25T08:16:36.245305,ALT-USDT,0.03338,0.0335,0.0,0.0
2025-07-25T08:16:36.245345,AAVE-USDT,286.72,287.63,41.9,0.4
2025-07-25T08:16:36.245373,AI16Z-USDT,0.1464,0.1464,34176.3,0.0
2025-07-25T08:16:36.560861,ALGO-USDT,0.0,0.2583,0.0,77977.0
2025-07-25T08:16:36.560908,ADA-USDT,0.7958,0.0,0.0,0.0
2025-07-25T08:16:36.567775,ACT-USDT,0.0435,0.0445,0.0,0.0
2025-07-25T08:16:36.567985,ALT-USDT,0.03343,0.03353,359066.0,447094.0
2025-07-25T08:16:36.568089,AI16Z-USDT,0.0,0.1468,0.0,127695.7
2025-07-25T08:16:36.568276,AAVE-USDT,0.0,287.61,0.0,0.0
2025-07-25T08:16:36.883606,ALGO-USDT,0.2565,0.0,82013.0,0.0
2025-07-25T08:16:36.883654,ADA-USDT,0.7972,0.7982,75282.0,0.0
2025-07-25T08:16:36.884683,ACT-USDT,0.04354,0.04452,719.0,28058.0
2025-07-25T08:16:36.887002,ALT-USDT,0.03315,0.0,362359.0,0.0
2025-07-25T08:16:36.887386,AI16Z-USDT,0.1463,0.1468,34199.7,164237.3
2025-07-25T08:16:37.190286,ALGO-USDT,0.2574,0.258,139914.0,0.0
2025-07-25T08:16:37.192193,ADA-USDT,0.7967,0.7984,0.0,28975.0
2025-07-25T08:16:37.193700,ACT-USDT,0.04361,0.0,22936.0,0.0
2025-07-25T08:16:37.195640,ALT-USDT,0.03332,0.03365,0.0,46999.0
2025-07-25T08:16:37.196145,AI16Z-USDT,0.1444,0.1468,0.0,121662.4
2025-07-25T08:16:37.196863,AAVE-USDT,286.73,0.0,41.9,0.0
2025-07-25T08:16:37.502529,ALGO-USDT,0.257,0.0,0.0,0.0
2025-07-25T08:16:37.502584,ADA-USDT,0.7938,0.0,0.0,0.0
2025-07-25T08:16:37.502622,ACT-USDT,0.04361,0.04451,45882.0,0.0
2025-07-25T08:16:37.503027,AI16Z-USDT,0.0,0.1468,0.0,164237.3
2025-07-25T08:16:37.503471,AAVE-USDT,0.0,287.43,0.0,0.0
2025-07-25T08:16:37.821149,ALGO-USDT,0.0,0.2587,0.0,0.0
2025-07-25T08:16:37.822024,ADA-USDT,0.0,0.7984,0.0,0.0
2025-07-25T08:16:37.825058,ACT-USDT,0.04362,0.04456,22931.0,0.0
2025-07-25T08:16:37.828090,AI16Z-USDT,0.0,0.1468,0.0,206812.2
2025-07-25T08:16:37.828137,AAVE-USDT,286.39,287.52,41.9,52.2
2025-07-25T08:16:38.139668,ALGO-USDT,0.0,0.2829,0.0,5348.0
2025-07-25T08:16:38.139713,ACT-USDT,0.0,0.0446,0.0,5418.0
2025-07-25T08:16:38.139747,AI16Z-USDT,0.0,0.1468,0.0,249387.1
2025-07-25T08:16:38.139778,AAVE-USDT,286.58,287.83,0.0,0.0
2025-07-25T08:16:38.451346,ADA-USDT,0.0,0.7985,0.0,0.0
2025-07-25T08:16:38.455578,ACT-USDT,0.04348,0.0449,0.0,3155.0
2025-07-25T08:16:38.456099,ALT-USDT,0.03293,0.03377,0.0,0.0
2025-07-25T08:16:38.458343,AI16Z-USDT,0.1454,0.0,20112.6,0.0
2025-07-25T08:16:38.458379,AAVE-USDT,286.8,288.71,41.9,48.3
2025-07-25T08:16:38.769423,ALGO-USDT,0.0,0.2587,0.0,117562.0
2025-07-25T08:16:38.769461,ADA-USDT,0.7976,0.7986,75254.0,0.0
2025-07-25T08:16:38.771742,ACT-USDT,0.0,0.04452,0.0,0.0
2025-07-25T08:16:38.772495,AI16Z-USDT,0.1431,0.1477,9577.2,25033.5
2025-07-25T08:16:38.772536,AAVE-USDT,285.9,287.73,0.0,0.5
2025-07-25T08:16:39.082034,ACT-USDT,0.04363,0.04456,22925.0,28039.0
2025-07-25T08:16:39.083668,AI16Z-USDT,0.1431,0.0,0.0,0.0
2025-07-25T08:16:39.083707,AAVE-USDT,0.0,287.63,0.0,0.0
2025-07-25T08:16:39.389829,ALGO-USDT,0.2566,0.0,0.0,0.0
2025-07-25T08:16:39.390034,ADA-USDT,0.0,0.8,0.0,0.0
2025-07-25T08:16:39.391921,ACT-USDT,0.04346,0.0,0.0,0.0
2025-07-25T08:16:39.394440,AI16Z-USDT,0.0,0.1469,0.0,39271.6
2025-07-25T08:16:39.394479,AAVE-USDT,285.69,0.0,0.0,0.0
2025-07-25T08:16:39.711161,ADA-USDT,0.7974,0.8001,75292.0,102391.0
2025-07-25T08:16:39.713508,ACT-USDT,0.04362,0.04456,0.0,56085.0
2025-07-25T08:16:39.715722,AI16Z-USDT,0.0,0.1469,0.0,13123.0
2025-07-25T08:16:39.716012,AAVE-USDT,286.72,0.0,0.0,0.0
2025-07-25T08:16:40.021060,ADA-USDT,0.7964,0.7995,0.0,0.0
2025-07-25T08:16:40.022340,ACT-USDT,0.0,0.04453,0.0,47854.0
2025-07-25T08:16:40.022376,ALT-USDT,0.0,0.03365,0.0,0.0
2025-07-25T08:16:40.022404,AI16Z-USDT,0.0,0.1469,0.0,29396.9
2025-07-25T08:16:40.022430,AAVE-USDT,286.61,0.0,18.2,0.0
2025-07-25T08:16:40.337555,ALGO-USDT,0.0,0.2586,0.0,0.0
2025-07-25T08:16:40.337596,ADA-USDT,0.7969,0.8001,0.0,93680.0
2025-07-25T08:16:40.337621,ACT-USDT,0.0436,0.0449,1087.0,20513.0
2025-07-25T08:16:40.337642,AI16Z-USDT,0.0,0.1469,0.0,0.0
2025-07-25T08:16:40.337665,AAVE-USDT,0.0,288.48,0.0,0.0
2025-07-25T08:16:40.649707,ADA-USDT,0.7934,0.8007,0.0,86125.0
2025-07-25T08:16:40.652369,AAVE-USDT,0.0,287.9,0.0,20.8
2025-07-25T08:16:40.961006,ACT-USDT,0.04337,0.0,0.0,0.0
2025-07-25T08:16:40.961951,AAVE-USDT,0.0,287.7,0.0,37.4
2025-07-25T08:16:41.280297,ALGO-USDT,0.2574,0.0,0.0,0.0
2025-07-25T08:16:41.284973,ALT-USDT,0.03342,0.03377,0.0,165106.0
2025-07-25T08:16:41.599474,ALGO-USDT,0.257,0.258,218651.0,348635.0
2025-07-25T08:16:41.601358,ACT-USDT,0.04363,0.04452,0.0,28071.0
2025-07-25T08:16:41.602365,ALT-USDT,0.03338,0.03356,19817.0,446694.0
2025-07-25T08:16:41.916144,ALGO-USDT,0.0,0.2733,0.0,50191.0
2025-07-25T08:16:41.916196,ADA-USDT,0.0,0.7992,0.0,88959.0
2025-07-25T08:16:41.916230,ACT-USDT,0.0436,0.04451,0.0,28077.0
2025-07-25T08:16:41.916263,AI16Z-USDT,0.0,0.1469,0.0,25862.1
2025-07-25T08:16:42.219983,ADA-USDT,0.0,0.7992,0.0,0.0
2025-07-25T08:16:42.226026,ACT-USDT,0.0,0.04451,0.0,0.0
2025-07-25T08:16:42.226074,AI16Z-USDT,0.0,0.1469,0.0,39172.7
2025-07-25T08:16:42.542553,ALGO-USDT,0.2574,0.258,139914.0,0.0
2025-07-25T08:16:42.542601,ACT-USDT,0.04365,0.04458,22915.0,28027.0
2025-07-25T08:16:42.542649,ALT-USDT,0.03338,0.0,353901.0,0.0
2025-07-25T08:16:42.542873,AI16Z-USDT,0.0,0.1469,0.0,0.0
2025-07-25T08:16:42.872654,ALGO-USDT,0.2574,0.0,0.0,0.0
2025-07-25T08:16:42.872694,ALT-USDT,0.03338,0.0,334084.0,0.0
2025-07-25T08:16:43.169259,ALGO-USDT,0.2574,0.0,139914.0,0.0
2025-07-25T08:16:43.169408,ADA-USDT,0.7936,0.0,13264.0,0.0
2025-07-25T08:16:43.490920,ACT-USDT,0.04352,0.04468,0.0,27964.0
2025-07-25T08:16:43.491213,AI16Z-USDT,0.0,0.152,0.0,27622.9
2025-07-25T08:16:43.818366,ALGO-USDT,0.0,0.2733,0.0,0.0
2025-07-25T08:16:44.119733,ADA-USDT,0.7796,0.0,45422.0,0.0
2025-07-25T08:16:44.429925,ADA-USDT,0.7926,0.7988,27079.0,0.0
2025-07-25T08:16:44.431210,ALT-USDT,0.03303,0.0,0.0,0.0
2025-07-25T08:16:44.751013,ADA-USDT,0.7978,0.8015,75226.0,48432.0
2025-07-25T08:16:44.751062,AAVE-USDT,286.07,0.0,0.0,0.0
2025-07-25T08:16:45.063697,ADA-USDT,0.0,0.8008,0.0,0.0
2025-07-25T08:16:45.063737,ACT-USDT,0.04336,0.0,6184.0,0.0
2025-07-25T08:16:45.063766,AI16Z-USDT,0.0,0.1469,0.0,25663.0
2025-07-25T08:16:45.370867,ALGO-USDT,0.2569,0.0,0.0,0.0
2025-07-25T08:16:45.370918,ADA-USDT,0.7969,0.7998,42187.0,0.0
2025-07-25T08:16:45.371732,ACT-USDT,0.04366,0.0446,22910.0,0.0
2025-07-25T08:16:45.372427,AI16Z-USDT,0.0,0.1469,0.0,24480.9
2025-07-25T08:16:45.679391,ADA-USDT,0.0,0.8002,0.0,2756.0
2025-07-25T08:16:45.680911,ACT-USDT,0.04329,0.0,0.0,0.0
2025-07-25T08:16:45.680949,AI16Z-USDT,0.0,0.1469,0.0,0.0
2025-07-25T08:16:45.989553,ADA-USDT,0.0,0.8002,0.0,89615.0
2025-07-25T08:16:45.990440,ACT-USDT,0.04344,0.0,460.0,0.0
2025-07-25T08:16:45.991112,AI16Z-USDT,0.0,0.1469,0.0,20610.2
2025-07-25T08:16:46.299472,ADA-USDT,0.0,0.8002,0.0,86859.0
2025-07-25T08:16:46.301545,AI16Z-USDT,0.0,0.1469,0.0,2921.9
2025-07-25T08:16:46.624385,ADA-USDT,0.7963,0.0,19564.0,0.0
2025-07-25T08:16:46.624513,AI16Z-USDT,0.0,0.1469,0.0,19557.4
2025-07-25T08:16:46.932339,AI16Z-USDT,0.0,0.1469,0.0,21925.8
2025-07-25T08:16:47.251103,ADA-USDT,0.798,0.799,75207.0,0.0
2025-07-25T08:16:47.251155,AI16Z-USDT,0.0,0.1469,0.0,0.0
2025-07-25T08:16:47.549730,ADA-USDT,0.7968,0.7998,75348.0,21015.0
2025-07-25T08:16:47.551627,ALT-USDT,0.03296,0.0,0.0,0.0
2025-07-25T08:16:47.881675,ALGO-USDT,0.0,0.2829,0.0,155818.0
2025-07-25T08:16:47.881715,ADA-USDT,0.7979,0.8007,75245.0,46003.0
2025-07-25T08:16:47.881743,ALT-USDT,0.03338,0.0,0.0,0.0
2025-07-25T08:16:47.881767,AI16Z-USDT,0.1464,0.1467,102482.3,0.0
2025-07-25T08:16:48.189685,ADA-USDT,0.7957,0.8061,15519.0,48234.0
2025-07-25T08:16:48.191881,AI16Z-USDT,0.1464,0.147,102482.3,186692.6
2025-07-25T08:16:48.499504,ADA-USDT,0.0,0.7998,0.0,93741.0
2025-07-25T08:16:48.503523,ACT-USDT,0.0,0.04456,0.0,0.0
2025-07-25T08:16:48.503567,AI16Z-USDT,0.1464,0.0,102482.3,0.0
2025-07-25T08:16:48.503598,AAVE-USDT,286.07,0.0,41.6,0.0
2025-07-25T08:16:48.819641,ALGO-USDT,0.2575,0.2581,139860.0,0.0
2025-07-25T08:16:48.820115,ADA-USDT,0.7984,0.7998,75179.0,72726.0
2025-07-25T08:16:48.821352,ACT-USDT,0.04367,0.0446,22904.0,56028.0
2025-07-25T08:16:48.821911,ALT-USDT,0.03344,0.03351,358959.0,0.0
2025-07-25T08:16:48.822612,AI16Z-USDT,0.1464,0.147,102482.3,224784.5
2025-07-25T08:16:49.139148,ALGO-USDT,0.2568,0.2583,35785.0,251096.0
2025-07-25T08:16:49.139963,ADA-USDT,0.7974,0.7994,75292.0,0.0
2025-07-25T08:16:49.147640,ALT-USDT,0.03335,0.03359,0.0,378955.0
2025-07-25T08:16:49.147676,AAVE-USDT,0.0,287.9,0.0,0.0
2025-07-25T08:16:49.147700,AI16Z-USDT,0.1464,0.0,102482.3,0.0
2025-07-25T08:16:49.147721,AEVO-USDT,0.1033,0.1049,0.0,0.0
2025-07-25T08:16:49.461199,ALGO-USDT,0.2565,0.2582,0.0,0.0
2025-07-25T08:16:49.461239,ADA-USDT,0.0,0.7995,0.0,0.0
2025-07-25T08:16:49.463335,AI16Z-USDT,0.1464,0.1465,68329.3,2856.2
2025-07-25T08:16:49.463390,AAVE-USDT,286.61,287.42,0.0,0.0
2025-07-25T08:16:49.463427,AEVO-USDT,0.104,0.105,480861.6,118934.3
2025-07-25T08:16:49.782303,ALGO-USDT,0.2576,0.2585,279666.0,47565.0
2025-07-25T08:16:49.782358,ADA-USDT,0.7984,0.0,150376.0,0.0
2025-07-25T08:16:49.782411,ACT-USDT,0.04368,0.04462,22899.0,0.0
2025-07-25T08:16:49.782442,ALT-USDT,0.03343,0.0,0.0,0.0
2025-07-25T08:16:49.782473,AI16Z-USDT,0.1466,0.1465,34129.7,0.0
2025-07-25T08:16:49.782506,AEVO-USDT,0.104,0.1063,384707.8,78351.4
2025-07-25T08:16:49.782538,AAVE-USDT,286.9,287.64,41.8,4.1
2025-07-25T08:16:50.099574,ALGO-USDT,0.2572,0.0,0.0,0.0
2025-07-25T08:16:50.099839,ADA-USDT,0.7987,0.0,75150.0,0.0
2025-07-25T08:16:50.104326,ALT-USDT,0.03345,0.03356,358852.0,0.0
2025-07-25T08:16:50.104557,AI16Z-USDT,0.1456,0.0,15881.3,0.0
2025-07-25T08:16:50.104722,AAVE-USDT,0.0,287.68,0.0,48.0
2025-07-25T08:16:50.104918,AEVO-USDT,0.0,0.1063,0.0,41293.7
2025-07-25T08:16:50.420430,ALGO-USDT,0.0,0.2585,0.0,0.0
2025-07-25T08:16:50.420461,ADA-USDT,0.7984,0.0,75197.0,0.0
2025-07-25T08:16:50.420733,ACT-USDT,0.0,0.04466,0.0,11439.0
2025-07-25T08:16:50.421266,ALT-USDT,0.0,0.03356,0.0,7320.0
2025-07-25T08:16:50.421514,AI16Z-USDT,0.0,0.1479,0.0,24268.5
2025-07-25T08:16:50.421551,AAVE-USDT,0.0,287.82,0.0,48.0
2025-07-25T08:16:50.743598,ALT-USDT,0.0,0.03359,0.0,8072.0
2025-07-25T08:16:50.743621,AI16Z-USDT,0.1461,0.1474,1665.4,23498.8
2025-07-25T08:16:50.743966,AAVE-USDT,284.88,287.64,0.0,0.0
2025-07-25T08:16:51.061167,ALT-USDT,0.0,0.03364,0.0,3451.0
2025-07-25T08:16:51.061649,AAVE-USDT,0.0,288.47,0.0,0.0
2025-07-25T08:16:51.386107,AAVE-USDT,286.54,0.0,15.4,0.0
2025-07-25T08:16:51.386152,AI16Z-USDT,0.0,0.1473,0.0,193505.5
2025-07-25T08:16:51.700851,ADA-USDT,0.0,0.8074,0.0,0.0
2025-07-25T08:16:51.704965,AI16Z-USDT,0.1452,0.1473,0.0,235726.7
2025-07-25T08:16:51.705005,AAVE-USDT,286.54,0.0,0.0,0.0
2025-07-25T08:16:51.705040,AEVO-USDT,0.1039,0.1049,0.0,119047.6
2025-07-25T08:16:52.009455,ALGO-USDT,0.0,0.2592,0.0,71039.0
2025-07-25T08:16:52.012891,AI16Z-USDT,0.0,0.1473,0.0,235546.3
2025-07-25T08:16:52.012936,AEVO-USDT,0.1035,0.1053,80781.0,6393.8
2025-07-25T08:16:52.319767,ALGO-USDT,0.2557,0.0,84293.0,0.0
2025-07-25T08:16:52.320099,ADA-USDT,0.7974,0.0,75292.0,0.0
2025-07-25T08:16:52.321762,AAVE-USDT,286.0,288.42,0.0,0.0
2025-07-25T08:16:52.631209,ADA-USDT,0.7982,0.8108,75188.0,0.0
2025-07-25T08:16:52.633829,ACT-USDT,0.0,0.04458,0.0,0.0
2025-07-25T08:16:52.636770,ALT-USDT,0.0,0.03353,0.0,0.0
2025-07-25T08:16:52.636829,AAVE-USDT,286.92,287.82,41.8,0.0
2025-07-25T08:16:52.949040,ALGO-USDT,0.2577,0.2583,139752.0,0.0
2025-07-25T08:16:52.949303,ADA-USDT,0.0,0.8111,0.0,1318.0
2025-07-25T08:16:52.951468,ACT-USDT,0.04369,0.04462,22894.0,0.0
2025-07-25T08:16:52.954018,ALT-USDT,0.03346,0.03356,358744.0,446694.0
2025-07-25T08:16:52.954055,AEVO-USDT,0.1029,0.1049,0.0,0.0
2025-07-25T08:16:52.954100,AAVE-USDT,0.0,288.09,0.0,37.4
2025-07-25T08:16:53.260596,ALGO-USDT,0.2574,0.2584,139914.0,252533.0
2025-07-25T08:16:53.260638,ADA-USDT,0.7874,0.0,0.0,0.0
2025-07-25T08:16:53.261914,ACT-USDT,0.0,0.04473,0.0,0.0
2025-07-25T08:16:53.263618,AI16Z-USDT,0.1466,0.1469,102342.5,0.0
2025-07-25T08:16:53.263938,AEVO-USDT,0.1034,0.1052,0.0,118708.5
2025-07-25T08:16:53.569560,ALGO-USDT,0.0,0.2586,0.0,227576.0
2025-07-25T08:16:53.570867,ACT-USDT,0.04354,0.04466,4778.0,2853.0
2025-07-25T08:16:53.571635,ALT-USDT,0.03321,0.0,0.0,0.0
2025-07-25T08:16:53.571958,AI16Z-USDT,0.1466,0.1478,102342.5,23951.2
2025-07-25T08:16:53.572019,AAVE-USDT,286.56,0.0,41.9,0.0
2025-07-25T08:16:53.572281,AEVO-USDT,0.0,0.109,0.0,52306.1
2025-07-25T08:16:53.890487,ALGO-USDT,0.0,0.2587,0.0,0.0
2025-07-25T08:16:53.891074,ADA-USDT,0.0,0.8013,0.0,0.0
2025-07-25T08:16:53.892736,AI16Z-USDT,0.1466,0.0,102342.5,0.0
2025-07-25T08:16:53.892773,AAVE-USDT,286.01,0.0,0.0,0.0
2025-07-25T08:16:53.893084,AEVO-USDT,0.1037,0.1053,96618.4,0.0
2025-07-25T08:16:54.200876,ACT-USDT,0.04352,0.0,0.0,0.0
2025-07-25T08:16:54.201777,AI16Z-USDT,0.1466,0.1468,102342.5,42545.9
2025-07-25T08:16:54.519289,ALGO-USDT,0.2567,0.0,77979.0,0.0
2025-07-25T08:16:54.522276,AI16Z-USDT,0.1466,0.0,102342.5,0.0
2025-07-25T08:16:54.522333,AEVO-USDT,0.0,0.109,0.0,0.0
2025-07-25T08:16:54.841352,AI16Z-USDT,0.1466,0.0,102342.5,0.0
2025-07-25T08:16:55.158480,ADA-USDT,0.0,0.8111,0.0,90468.0
2025-07-25T08:16:55.158517,ALT-USDT,0.0,0.03391,0.0,0.0
2025-07-25T08:16:55.158547,AI16Z-USDT,0.1466,0.0,102342.5,0.0
2025-07-25T08:16:55.472859,AI16Z-USDT,0.1466,0.0,68236.1,0.0
2025-07-25T08:16:55.782509,AI16Z-USDT,0.1466,0.0,102342.5,0.0
2025-07-25T08:16:55.782547,AAVE-USDT,0.0,289.1,0.0,21.5
2025-07-25T08:16:56.101197,AI16Z-USDT,0.1466,0.1468,68236.1,0.0
2025-07-25T08:16:56.420936,ADA-USDT,0.0,0.7998,0.0,0.0
2025-07-25T08:16:56.421137,ALT-USDT,0.0,0.03372,0.0,141464.0
2025-07-25T08:16:56.421352,AI16Z-USDT,0.1466,0.147,68236.1,85005.1
2025-07-25T08:16:56.729869,ADA-USDT,0.799,0.8012,75122.0,48296.0
2025-07-25T08:16:56.731713,ACT-USDT,0.0437,0.04466,22889.0,0.0
2025-07-25T08:16:56.732742,AI16Z-USDT,0.1466,0.0,68236.1,0.0
2025-07-25T08:16:56.733242,AAVE-USDT,0.0,288.39,0.0,44.5
2025-07-25T08:16:57.050803,ADA-USDT,0.7965,0.8008,0.0,0.0
2025-07-25T08:16:57.055853,ACT-USDT,0.04369,0.0,0.0,0.0
2025-07-25T08:16:57.055912,AI16Z-USDT,0.1466,0.1472,68236.1,120426.7
2025-07-25T08:16:57.359493,ALGO-USDT,0.0,0.2584,0.0,0.0
2025-07-25T08:16:57.363627,ACT-USDT,0.04362,0.0,33734.0,0.0
2025-07-25T08:16:57.363666,AI16Z-USDT,0.1466,0.0,68236.1,0.0
2025-07-25T08:16:57.363694,AAVE-USDT,0.0,287.7,0.0,0.0
2025-07-25T08:16:57.673424,ALGO-USDT,0.2578,0.2585,279449.0,174014.0
2025-07-25T08:16:57.673472,ADA-USDT,0.0,0.8,0.0,0.0
2025-07-25T08:16:57.673505,ACT-USDT,0.04372,0.0446,22883.0,0.0
2025-07-25T08:16:57.679008,ALT-USDT,0.03347,0.03354,358637.0,0.0
2025-07-25T08:16:57.679118,AI16Z-USDT,0.1466,0.1471,102342.5,48870.7
2025-07-25T08:16:57.679313,AAVE-USDT,0.0,287.68,0.0,0.0
2025-07-25T08:16:57.978606,ALGO-USDT,0.2575,0.0,0.0,0.0
2025-07-25T08:16:57.981715,ACT-USDT,0.04349,0.04466,0.0,12582.0
2025-07-25T08:16:57.981758,ALT-USDT,0.03346,0.03359,0.0,454501.0
2025-07-25T08:16:57.981801,AI16Z-USDT,0.1466,0.1472,68236.1,137062.9
2025-07-25T08:16:57.981827,AAVE-USDT,287.04,287.78,5.7,52.1
2025-07-25T08:16:58.291976,ALGO-USDT,0.2568,0.0,0.0,0.0
2025-07-25T08:16:58.292021,ACT-USDT,0.0,0.04474,0.0,10965.0
2025-07-25T08:16:58.292059,ALT-USDT,0.03348,0.03359,358530.0,446429.0
2025-07-25T08:16:58.292090,AI16Z-USDT,0.1466,0.1471,102342.5,67956.6
2025-07-25T08:16:58.292130,AAVE-USDT,286.8,288.34,0.0,0.0
2025-07-25T08:16:58.600988,ADA-USDT,0.7741,0.0,0.0,0.0
2025-07-25T08:16:58.601499,ACT-USDT,0.0,0.04474,0.0,32310.0
2025-07-25T08:16:58.601643,ALT-USDT,0.03343,0.0,39310.0,0.0
2025-07-25T08:16:58.602391,AI16Z-USDT,0.1466,0.1472,68236.1,160430.3
2025-07-25T08:16:58.994147,ACT-USDT,0.0,0.04474,0.0,25728.0
2025-07-25T08:16:58.996015,AI16Z-USDT,0.1466,0.1471,102342.5,74828.4
2025-07-25T08:16:58.996061,AAVE-USDT,0.0,298.25,0.0,49.9
2025-07-25T08:16:59.252690,ALGO-USDT,0.2572,0.0,140025.0,0.0
2025-07-25T08:16:59.252732,ACT-USDT,0.0,0.04474,0.0,24220.0
2025-07-25T08:16:59.252758,ALT-USDT,0.0,0.03362,0.0,445898.0
2025-07-25T08:16:59.252811,AI16Z-USDT,0.1466,0.1471,102342.5,67956.6
2025-07-25T08:16:59.549494,ADA-USDT,0.7957,0.0,0.0,0.0
2025-07-25T08:16:59.552391,ACT-USDT,0.0,0.04462,0.0,0.0
2025-07-25T08:16:59.552430,ALT-USDT,0.0,0.03373,0.0,0.0
2025-07-25T08:16:59.552458,AI16Z-USDT,0.1466,0.0,102342.5,0.0
2025-07-25T08:16:59.552485,AAVE-USDT,0.0,289.7,0.0,7.8
2025-07-25T08:16:59.881022,ALGO-USDT,0.0,0.2598,0.0,41666.0
2025-07-25T08:16:59.881058,ACT-USDT,0.0,0.0448,0.0,22603.0
2025-07-25T08:16:59.881087,AI16Z-USDT,0.1466,0.1471,102342.5,67956.6
2025-07-25T08:16:59.881112,AAVE-USDT,287.02,0.0,36.2,0.0
2025-07-25T08:17:00.183950,ACT-USDT,0.0,0.04463,0.0,30071.0
2025-07-25T08:17:00.183983,AI16Z-USDT,0.1466,0.1472,68236.1,160430.3
2025-07-25T08:17:00.184010,AAVE-USDT,287.04,0.0,0.0,0.0
2025-07-25T08:17:00.491985,ALGO-USDT,0.2578,0.2584,0.0,348095.0
2025-07-25T08:17:00.494342,ACT-USDT,0.04372,0.04462,0.0,28008.0
2025-07-25T08:17:00.494391,ALT-USDT,0.03343,0.0336,0.0,179198.0
2025-07-25T08:17:00.494428,AI16Z-USDT,0.1466,0.1472,102342.5,202872.9
2025-07-25T08:17:00.823766,ALGO-USDT,0.0,0.2587,0.0,0.0
2025-07-25T08:17:00.823829,ADA-USDT,0.0,0.8061,0.0,0.0
2025-07-25T08:17:00.823862,ACT-USDT,0.04364,0.04461,22931.0,28014.0
2025-07-25T08:17:00.823886,ALT-USDT,0.03347,0.0,0.0,0.0
2025-07-25T08:17:00.823918,AI16Z-USDT,0.1466,0.1472,68236.1,178570.7
2025-07-25T08:17:00.823959,AAVE-USDT,287.02,0.0,0.0,0.0
2025-07-25T08:17:01.135585,ACT-USDT,0.04368,0.04498,4555.0,8676.0
2025-07-25T08:17:01.137579,ALT-USDT,0.03342,0.0,26922.0,0.0
2025-07-25T08:17:01.137618,AI16Z-USDT,0.1466,0.1471,102342.5,67956.6
2025-07-25T08:17:01.137647,AAVE-USDT,0.0,290.0,0.0,0.0
2025-07-25T08:17:01.439559,ALGO-USDT,0.2424,0.2593,0.0,0.0
2025-07-25T08:17:01.440316,ADA-USDT,0.7989,0.0,75150.0,0.0
2025-07-25T08:17:01.442931,AI16Z-USDT,0.1466,0.0,46325.4,0.0
2025-07-25T08:17:01.443154,AAVE-USDT,0.0,287.68,0.0,52.1
2025-07-25T08:17:01.760335,ALGO-USDT,0.2328,0.2598,158590.0,0.0
2025-07-25T08:17:01.769342,ADA-USDT,0.0,0.8046,0.0,0.0
2025-07-25T08:17:01.769379,ACT-USDT,0.0,0.04461,0.0,0.0
2025-07-25T08:17:01.769409,AI16Z-USDT,0.1466,0.0,68236.1,0.0
2025-07-25T08:17:01.769434,AAVE-USDT,0.0,288.09,0.0,0.0
2025-07-25T08:17:02.062491,ADA-USDT,0.7992,0.8002,75094.0,0.0
2025-07-25T08:17:02.062536,ACT-USDT,0.04372,0.0,22878.0,0.0
2025-07-25T08:17:02.063647,AI16Z-USDT,0.1466,0.0,102342.5,0.0
2025-07-25T08:17:02.063689,AAVE-USDT,287.0,287.78,41.8,0.0
2025-07-25T08:17:02.379563,ADA-USDT,0.7987,0.0,0.0,0.0
2025-07-25T08:17:02.385137,AI16Z-USDT,0.1466,0.1472,68236.1,165894.1
2025-07-25T08:17:02.385187,AAVE-USDT,0.0,287.68,0.0,0.0
2025-07-25T08:17:02.689959,ADA-USDT,0.0,0.8016,0.0,0.0
2025-07-25T08:17:02.691702,ALT-USDT,0.03337,0.0,0.0,0.0
2025-07-25T08:17:02.692915,AI16Z-USDT,0.1466,0.1472,102342.5,176728.2
2025-07-25T08:17:02.999834,ALGO-USDT,0.2567,0.0,140305.0,0.0
2025-07-25T08:17:03.001659,ACT-USDT,0.04372,0.0,0.0,0.0
2025-07-25T08:17:03.004661,AI16Z-USDT,0.1466,0.1472,102342.5,160430.3
2025-07-25T08:17:03.004700,AAVE-USDT,286.8,0.0,24.5,0.0
2025-07-25T08:17:03.333747,ADA-USDT,0.799,0.0,0.0,0.0
2025-07-25T08:17:03.333806,ACT-USDT,0.0,0.04474,0.0,2875.0
2025-07-25T08:17:03.333838,AI16Z-USDT,0.1466,0.1471,102342.5,73599.0
2025-07-25T08:17:03.333866,AAVE-USDT,286.9,0.0,0.0,0.0
2025-07-25T08:17:03.629497,ALGO-USDT,0.2573,0.0,104924.0,0.0
2025-07-25T08:17:03.632426,ADA-USDT,0.0,0.8077,0.0,37320.0
2025-07-25T08:17:03.632467,ACT-USDT,0.04362,0.0446,0.0,28014.0
2025-07-25T08:17:03.632496,ALT-USDT,0.03342,0.0,359174.0,0.0
2025-07-25T08:17:03.632671,AI16Z-USDT,0.1466,0.1471,102342.5,67956.6
2025-07-25T08:17:03.943056,ACT-USDT,0.04368,0.0,13551.0,0.0
2025-07-25T08:17:03.944775,ALT-USDT,0.03342,0.03366,332252.0,594.0
2025-07-25T08:17:03.944896,AI16Z-USDT,0.1466,0.1486,102342.5,38190.9
2025-07-25T08:17:04.271139,ADA-USDT,0.7992,0.8002,0.0,93703.0
2025-07-25T08:17:04.271176,ACT-USDT,0.04361,0.0449,0.0,15593.0
2025-07-25T08:17:04.271206,AI16Z-USDT,0.1466,0.1471,102342.5,71928.3
2025-07-25T08:17:04.579611,ADA-USDT,0.799,0.8077,0.0,0.0
2025-07-25T08:17:04.581501,ACT-USDT,0.0,0.04495,0.0,0.0
2025-07-25T08:17:04.582984,AI16Z-USDT,0.1466,0.1471,102342.5,86371.5
2025-07-25T08:17:04.899086,ALGO-USDT,0.2577,0.2583,0.0,174149.0
2025-07-25T08:17:04.899294,ADA-USDT,0.7983,0.7998,75207.0,93738.0
2025-07-25T08:17:04.900641,AI16Z-USDT,0.1466,0.1471,102342.5,67956.6
2025-07-25T08:17:05.212726,ACT-USDT,0.04359,0.0,20487.0,0.0
2025-07-25T08:17:05.213835,AI16Z-USDT,0.1466,0.1472,102342.5,198024.1
2025-07-25T08:17:05.519126,ADA-USDT,0.0,0.8005,0.0,0.0
2025-07-25T08:17:05.519806,ACT-USDT,0.04359,0.04626,19750.0,0.0
2025-07-25T08:17:05.520464,ALT-USDT,0.0,0.034,0.0,0.0
2025-07-25T08:17:05.520773,AI16Z-USDT,0.1466,0.1472,102342.5,177227.0
2025-07-25T08:17:05.831880,ALGO-USDT,0.2574,0.0,103664.0,0.0
2025-07-25T08:17:05.831928,ADA-USDT,0.7876,0.8009,65544.0,0.0
2025-07-25T08:17:05.833044,AI16Z-USDT,0.1466,0.1472,102342.5,202877.4
2025-07-25T08:17:06.140504,AI16Z-USDT,0.1466,0.1472,102342.5,160430.3
2025-07-25T08:17:06.459214,ALGO-USDT,0.2567,0.0,0.0,0.0
2025-07-25T08:17:06.459252,ADA-USDT,0.0,0.8011,0.0,59152.0
2025-07-25T08:17:06.459297,ALT-USDT,0.03348,0.03355,0.0,446961.0
2025-07-25T08:17:06.459325,AI16Z-USDT,0.1466,0.1487,102342.5,0.0
2025-07-25T08:17:06.459359,AAVE-USDT,0.0,293.92,0.0,0.0
2025-07-25T08:17:06.758634,ALGO-USDT,0.2574,0.0,147784.0,0.0
2025-07-25T08:17:06.761553,ALT-USDT,0.03346,0.0336,429756.0,260648.0
2025-07-25T08:17:06.762257,AI16Z-USDT,0.1466,0.1472,102342.5,162046.1
2025-07-25T08:17:07.070452,ALGO-USDT,0.2574,0.0,103664.0,0.0
2025-07-25T08:17:07.070891,ADA-USDT,0.7961,0.0,0.0,0.0
2025-07-25T08:17:07.073138,ALT-USDT,0.0,0.03363,0.0,2764.0
2025-07-25T08:17:07.074082,AI16Z-USDT,0.1466,0.1472,102342.5,202877.1
2025-07-25T08:17:07.379456,ALGO-USDT,0.2574,0.0,243524.0,0.0
2025-07-25T08:17:07.379500,ADA-USDT,0.7987,0.8008,0.0,32083.0
2025-07-25T08:17:07.383704,AI16Z-USDT,0.1466,0.1471,102342.5,67956.6
2025-07-25T08:17:07.383997,AAVE-USDT,0.0,289.7,0.0,0.0
2025-07-25T08:17:07.699252,ALGO-USDT,0.2574,0.0,360171.0,0.0
2025-07-25T08:17:07.699292,ADA-USDT,0.0,0.8012,0.0,0.0
2025-07-25T08:17:07.703239,AI16Z-USDT,0.1468,0.147,68166.4,0.0
2025-07-25T08:17:08.021692,ALGO-USDT,0.2574,0.0,139860.0,0.0
2025-07-25T08:17:08.021741,ADA-USDT,0.7987,0.0,75150.0,0.0
2025-07-25T08:17:08.025911,AI16Z-USDT,0.1461,0.1472,50476.2,240790.4
2025-07-25T08:17:08.329353,ADA-USDT,0.7982,0.0,0.0,0.0
2025-07-25T08:17:08.331709,AI16Z-USDT,0.1467,0.1472,34106.4,198331.2
2025-07-25T08:17:08.644723,AI16Z-USDT,0.1435,0.0,14964.4,0.0
2025-07-25T08:17:08.965568,ALGO-USDT,0.2577,0.2583,139752.0,0.0
2025-07-25T08:17:08.965606,ADA-USDT,0.0,0.7998,0.0,0.0
2025-07-25T08:17:08.965636,ALT-USDT,0.03324,0.0,178785.0,0.0
2025-07-25T08:17:08.965671,AI16Z-USDT,0.146,0.0,0.0,0.0
2025-07-25T08:17:09.270337,ADA-USDT,0.0,0.8006,0.0,93656.0
2025-07-25T08:17:09.275073,AI16Z-USDT,0.0,0.1473,0.0,14826.4
2025-07-25T08:17:09.580456,ALGO-USDT,0.2558,0.2587,0.0,42824.0
2025-07-25T08:17:09.582035,AI16Z-USDT,0.0,0.1473,0.0,14826.4
2025-07-25T08:17:09.889625,ADA-USDT,0.0,0.8008,0.0,17756.0
2025-07-25T08:17:09.896403,ACT-USDT,0.04371,0.0446,22883.0,0.0
2025-07-25T08:17:09.896444,AI16Z-USDT,0.0,0.1473,0.0,46288.3
2025-07-25T08:17:10.210282,ALGO-USDT,0.2567,0.2587,65926.0,173880.0
2025-07-25T08:17:10.213211,ADA-USDT,0.799,0.8,75122.0,0.0
2025-07-25T08:17:10.213251,ACT-USDT,0.04368,0.04493,0.0,25578.0
2025-07-25T08:17:10.215424,ALT-USDT,0.03324,0.0336,0.0,179198.0
2025-07-25T08:17:10.215464,AI16Z-USDT,0.1468,0.1471,136286.2,25497.4
2025-07-25T08:17:10.521104,ADA-USDT,0.7988,0.8005,75160.0,93633.0
2025-07-25T08:17:10.527205,ACT-USDT,0.04372,0.04474,22878.0,11826.0
2025-07-25T08:17:10.527241,ALT-USDT,0.03347,0.0,358637.0,0.0
2025-07-25T08:17:10.527260,AI16Z-USDT,0.1468,0.1473,68166.4,15630.0
2025-07-25T08:17:10.830933,ALGO-USDT,0.0,0.2587,0.0,131056.0
2025-07-25T08:17:10.831037,ADA-USDT,0.7979,0.0,12064.0,0.0
2025-07-25T08:17:10.832544,ACT-USDT,0.04363,0.04474,0.0,30802.0
2025-07-25T08:17:10.833171,ALT-USDT,0.0,0.03366,0.0,279639.0
2025-07-25T08:17:10.835053,AI16Z-USDT,0.1464,0.1472,8011.1,209812.0
2025-07-25T08:17:11.143285,ACT-USDT,0.0,0.0449,0.0,1095.0
2025-07-25T08:17:11.143345,AI16Z-USDT,0.0,0.1473,0.0,27694.6
2025-07-25T08:17:11.452265,ALGO-USDT,0.2577,0.2583,0.0,174149.0
2025-07-25T08:17:11.452325,ADA-USDT,0.799,0.0,0.0,0.0
2025-07-25T08:17:11.452356,ACT-USDT,0.0,0.04474,0.0,2875.0
2025-07-25T08:17:11.452721,ALT-USDT,0.03346,0.0,71012.0,0.0
2025-07-25T08:17:11.454089,AI16Z-USDT,0.0,0.1473,0.0,14826.4
2025-07-25T08:17:11.759534,ADA-USDT,0.799,0.0,75122.0,0.0
2025-07-25T08:17:11.760141,ACT-USDT,0.04371,0.04464,0.0,13802.0
2025-07-25T08:17:11.760845,ALT-USDT,0.03344,0.03366,3050.0,0.0
2025-07-25T08:17:12.081135,ACT-USDT,0.0,0.0449,0.0,0.0
2025-07-25T08:17:12.390329,ALGO-USDT,0.2567,0.0,0.0,0.0
2025-07-25T08:17:12.391530,ACT-USDT,0.04372,0.04461,0.0,28014.0
2025-07-25T08:17:12.392744,AI16Z-USDT,0.1468,0.1473,0.0,57236.1
2025-07-25T08:17:12.699180,ALGO-USDT,0.2576,0.2582,0.0,348365.0
2025-07-25T08:17:12.703598,ACT-USDT,0.04362,0.04576,0.0,0.0
2025-07-25T08:17:12.703657,ALT-USDT,0.0,0.0336,0.0,514938.0
2025-07-25T08:17:12.703692,AI16Z-USDT,0.1466,0.1471,34129.7,195449.8
2025-07-25T08:17:13.022832,ALGO-USDT,0.0,0.2586,0.0,0.0
2025-07-25T08:17:13.022875,ADA-USDT,0.7979,0.8002,0.0,0.0
2025-07-25T08:17:13.022898,ACT-USDT,0.0,0.04462,0.0,0.0
2025-07-25T08:17:13.022920,AI16Z-USDT,0.1466,0.1471,34129.7,110473.6
2025-07-25T08:17:13.340730,ALGO-USDT,0.2576,0.2582,139806.0,0.0
2025-07-25T08:17:13.340809,ADA-USDT,0.7992,0.801,75094.0,81446.0
2025-07-25T08:17:13.341088,ACT-USDT,0.0,0.04464,0.0,30417.0
2025-07-25T08:17:13.345302,ALT-USDT,0.03344,0.0,358959.0,0.0
2025-07-25T08:17:13.345357,AI16Z-USDT,0.1468,0.1473,68166.4,94573.9
2025-07-25T08:17:13.649396,ALGO-USDT,0.2573,0.0,0.0,0.0
2025-07-25T08:17:13.649663,ADA-USDT,0.7976,0.8004,0.0,93680.0
2025-07-25T08:17:13.655250,ALT-USDT,0.03344,0.0,355909.0,0.0
2025-07-25T08:17:13.655296,AI16Z-USDT,0.1464,0.0,34176.3,0.0
2025-07-25T08:17:13.960484,ALGO-USDT,0.2576,0.2599,0.0,0.0
2025-07-25T08:17:13.960546,ADA-USDT,0.7992,0.7998,0.0,93738.0
2025-07-25T08:17:13.964371,ALT-USDT,0.0,0.0336,0.0,179198.0
2025-07-25T08:17:13.964416,AI16Z-USDT,0.1468,0.1471,0.0,152961.7
2025-07-25T08:17:14.283752,ALGO-USDT,0.0,0.2582,0.0,348365.0
2025-07-25T08:17:14.283817,ADA-USDT,0.7988,0.7999,0.0,93703.0
2025-07-25T08:17:14.283848,ACT-USDT,0.04368,0.0446,0.0,28021.0
2025-07-25T08:17:14.283873,ALT-USDT,0.03342,0.0336,9733.0,625361.0
2025-07-25T08:17:14.283906,AI16Z-USDT,0.1466,0.1471,68236.1,110473.6
2025-07-25T08:17:14.599731,ALGO-USDT,0.2572,0.2586,218916.0,0.0
2025-07-25T08:17:14.599886,ADA-USDT,0.7986,0.8011,75160.0,0.0
2025-07-25T08:17:14.832132,AI16Z-USDT,0.1466,0.1471,68236.1,195449.8
2025-07-25T08:17:14.832170,AAVE-USDT,0.0,287.67,0.0,52.1
2025-07-25T08:17:14.918679,ALGO-USDT,0.257,0.2588,149183.0,99303.0
2025-07-25T08:17:14.919027,ADA-USDT,0.0,0.8004,0.0,0.0
2025-07-25T08:17:14.925595,AI16Z-USDT,0.1466,0.1471,34129.7,110473.6
2025-07-25T08:17:14.925757,AAVE-USDT,0.0,288.11,0.0,52.0
2025-07-25T08:17:15.235331,ADA-USDT,0.7986,0.7994,0.0,93785.0
2025-07-25T08:17:15.235370,ACT-USDT,0.0,0.04562,0.0,0.0
2025-07-25T08:17:15.235399,AAVE-USDT,0.0,287.76,0.0,0.0
2025-07-25T08:17:15.235431,AI16Z-USDT,0.1466,0.1471,68236.1,195449.8
2025-07-25T08:17:15.549478,ALGO-USDT,0.2569,0.0,0.0,0.0
2025-07-25T08:17:15.549518,ADA-USDT,0.7976,0.8078,75245.0,0.0
2025-07-25T08:17:15.554529,AI16Z-USDT,0.1466,0.1471,68236.1,152961.7
2025-07-25T08:17:15.869740,ALGO-USDT,0.0,0.2585,0.0,0.0
2025-07-25T08:17:15.869804,ADA-USDT,0.0,0.8061,0.0,13435.0
2025-07-25T08:17:15.871325,AI16Z-USDT,0.1466,0.1471,68236.1,110473.6
2025-07-25T08:17:15.871441,AAVE-USDT,0.0,287.67,0.0,0.0
2025-07-25T08:17:16.181671,ALT-USDT,0.0,0.03368,0.0,381928.0
2025-07-25T08:17:16.181710,AI16Z-USDT,0.1466,0.1471,68236.1,152961.7
2025-07-25T08:17:16.498893,ADA-USDT,0.7982,0.7992,0.0,93820.0
2025-07-25T08:17:16.500007,ACT-USDT,0.04352,0.0,16390.0,0.0
2025-07-25T08:17:16.500741,AI16Z-USDT,0.1466,0.1471,68236.1,152961.7
2025-07-25T08:17:16.819114,ALGO-USDT,0.2575,0.2581,0.0,174284.0
2025-07-25T08:17:16.819155,ADA-USDT,0.7979,0.799,75216.0,93844.0
2025-07-25T08:17:16.820607,ACT-USDT,0.0437,0.04458,0.0,28027.0
2025-07-25T08:17:16.820849,ALT-USDT,0.03347,0.0,0.0,0.0
2025-07-25T08:17:16.821303,AI16Z-USDT,0.1467,0.147,0.0,96912.9
2025-07-25T08:17:17.140198,ALGO-USDT,0.257,0.0,65779.0,0.0
2025-07-25T08:17:17.140315,ADA-USDT,0.7979,0.8005,0.0,0.0
2025-07-25T08:17:17.142526,ALT-USDT,0.03342,0.03354,0.0,447094.0
2025-07-25T08:17:17.142699,AI16Z-USDT,0.1464,0.147,51176.1,127551.0
2025-07-25T08:17:17.459406,ADA-USDT,0.7876,0.0,0.0,0.0
2025-07-25T08:17:17.460868,ACT-USDT,0.04337,0.04495,461.0,0.0
2025-07-25T08:17:17.461722,ALT-USDT,0.03346,0.03353,0.0,447227.0
2025-07-25T08:17:17.461759,AI16Z-USDT,0.1463,0.147,20119.4,170068.0
2025-07-25T08:17:17.461810,AAVE-USDT,0.0,289.68,0.0,12.6
2025-07-25T08:17:17.768868,ADA-USDT,0.0,0.8002,0.0,0.0
2025-07-25T08:17:17.770683,ALT-USDT,0.03343,0.03355,359174.0,0.0
2025-07-25T08:17:17.770720,AI16Z-USDT,0.1462,0.147,31925.1,127551.0
2025-07-25T08:17:18.079857,ACT-USDT,0.04354,0.04453,0.0,0.0
2025-07-25T08:17:18.081140,AI16Z-USDT,0.0,0.147,0.0,170068.0
2025-07-25T08:17:18.400464,ACT-USDT,0.04364,0.0,0.0,0.0
2025-07-25T08:17:18.401060,AI16Z-USDT,0.0,0.147,0.0,127551.0
2025-07-25T08:17:18.401305,AEVO-USDT,0.1035,0.1049,0.0,119047.6
2025-07-25T08:17:18.709848,ADA-USDT,0.7969,0.7988,42187.0,93867.0
2025-07-25T08:17:18.713128,ACT-USDT,0.04338,0.0,44671.0,0.0
2025-07-25T08:17:18.713175,AI16Z-USDT,0.0,0.147,0.0,170068.0
2025-07-25T08:17:18.713221,AAVE-USDT,286.8,0.0,0.0,0.0
2025-07-25T08:17:18.713249,AEVO-USDT,0.1027,0.1057,88673.3,85046.7
2025-07-25T08:17:19.023904,ALGO-USDT,0.0,0.2584,0.0,174014.0
2025-07-25T08:17:19.023947,ADA-USDT,0.7977,0.7992,0.0,0.0
2025-07-25T08:17:19.023972,ACT-USDT,0.04361,0.0,22946.0,0.0
2025-07-25T08:17:19.023997,AI16Z-USDT,0.0,0.147,0.0,85034.0
2025-07-25T08:17:19.024032,AAVE-USDT,287.1,0.0,41.8,0.0
2025-07-25T08:17:19.024061,AEVO-USDT,0.1034,0.1077,0.0,52463.4
2025-07-25T08:17:19.328661,ADA-USDT,0.7972,0.7989,135191.0,93820.0
2025-07-25T08:17:19.330145,ACT-USDT,0.04337,0.0,0.0,0.0
2025-07-25T08:17:19.331242,ALT-USDT,0.03335,0.03363,0.0,0.0
2025-07-25T08:17:19.331285,AI16Z-USDT,0.0,0.147,0.0,127551.0
2025-07-25T08:17:19.331320,AAVE-USDT,0.0,288.25,0.0,0.7
2025-07-25T08:17:19.698468,ALGO-USDT,0.0,0.2588,0.0,56341.0
2025-07-25T08:17:19.699064,ADA-USDT,0.7933,0.7994,0.0,0.0
2025-07-25T08:17:19.701561,ALT-USDT,0.0,0.03358,0.0,1885.0
2025-07-25T08:17:19.702957,AI16Z-USDT,0.0,0.147,0.0,127551.0
2025-07-25T08:17:19.702996,AEVO-USDT,0.0,0.1077,0.0,0.0
2025-07-25T08:17:19.703024,AAVE-USDT,287.12,287.79,41.8,0.0
2025-07-25T08:17:19.999165,ADA-USDT,0.0,0.799,0.0,0.0
2025-07-25T08:17:20.000947,ALT-USDT,0.03342,0.0,0.0,0.0
2025-07-25T08:17:20.029316,AI16Z-USDT,0.0,0.147,0.0,170068.0
2025-07-25T08:17:20.029356,AEVO-USDT,0.1033,0.1049,57353.6,0.0
2025-07-25T08:17:20.318802,ADA-USDT,0.7978,0.7988,75226.0,0.0
2025-07-25T08:17:20.320601,ALT-USDT,0.03345,0.0,358852.0,0.0
2025-07-25T08:17:20.320639,AI16Z-USDT,0.0,0.147,0.0,170068.0
2025-07-25T08:17:20.320667,AAVE-USDT,0.0,288.28,0.0,33.9
2025-07-25T08:17:20.320699,AEVO-USDT,0.0,0.1054,0.0,236884.2
2025-07-25T08:17:20.629482,ALGO-USDT,0.2575,0.2581,139860.0,174284.0
2025-07-25T08:17:20.629677,ADA-USDT,0.798,0.799,75207.0,0.0
2025-07-25T08:17:20.631880,ALT-USDT,0.0,0.03354,0.0,0.0
2025-07-25T08:17:20.631920,AI16Z-USDT,0.0,0.147,0.0,129164.4
2025-07-25T08:17:20.631947,AEVO-USDT,0.1033,0.1054,3014.2,180887.0
2025-07-25T08:17:20.944345,ADA-USDT,0.7976,0.8005,0.0,10902.0
2025-07-25T08:17:20.944408,ALT-USDT,0.03344,0.03354,0.0,446961.0
2025-07-25T08:17:20.944487,AI16Z-USDT,0.0,0.147,0.0,213403.2
2025-07-25T08:17:20.944552,AAVE-USDT,286.39,288.25,0.0,1.9
2025-07-25T08:17:20.944595,AEVO-USDT,0.1033,0.1049,0.0,119047.6
2025-07-25T08:17:21.260357,ADA-USDT,0.0,0.8001,0.0,13858.0
2025-07-25T08:17:21.269449,AI16Z-USDT,0.0,0.147,0.0,128369.2
2025-07-25T08:17:21.269477,AAVE-USDT,286.92,288.11,0.0,0.0
2025-07-25T08:17:21.269508,AEVO-USDT,0.1035,0.1054,37546.7,118371.2
2025-07-25T08:17:21.570301,ADA-USDT,0.7963,0.7994,0.0,93762.0
2025-07-25T08:17:21.573998,ACT-USDT,0.0,0.04475,0.0,0.0
2025-07-25T08:17:21.576388,AI16Z-USDT,0.0,0.147,0.0,255920.2
2025-07-25T08:17:21.576425,AAVE-USDT,287.0,287.82,0.0,13.5
2025-07-25T08:17:21.576455,AEVO-USDT,0.1035,0.1064,0.0,0.0
2025-07-25T08:17:21.913709,ADA-USDT,0.7982,0.7992,75188.0,0.0
2025-07-25T08:17:21.914008,AI16Z-USDT,0.0,0.147,0.0,170886.2
2025-07-25T08:17:21.914144,AAVE-USDT,286.95,288.26,30.2,41.9
2025-07-25T08:17:22.200287,ADA-USDT,0.7976,0.7999,39638.0,0.0
2025-07-25T08:17:22.202096,ALT-USDT,0.0,0.03358,0.0,416813.0
2025-07-25T08:17:22.202539,AI16Z-USDT,0.0,0.147,0.0,315161.8
2025-07-25T08:17:22.202663,AAVE-USDT,0.0,288.25,0.0,0.0
2025-07-25T08:17:22.519672,ALGO-USDT,0.0,0.2585,0.0,0.0
2025-07-25T08:17:22.519709,ADA-USDT,0.798,0.8006,0.0,81644.0
2025-07-25T08:17:22.521201,AI16Z-USDT,0.0,0.147,0.0,272644.8
2025-07-25T08:17:22.837142,ALGO-USDT,0.2574,0.2829,139914.0,0.0
2025-07-25T08:17:22.837183,ADA-USDT,0.7982,0.8004,0.0,78637.0
2025-07-25T08:17:22.837210,ACT-USDT,0.0,0.0448,0.0,0.0
2025-07-25T08:17:22.837236,AI16Z-USDT,0.0,0.1472,0.0,147243.1
2025-07-25T08:17:23.140571,ALGO-USDT,0.2573,0.0,139969.0,0.0
2025-07-25T08:17:23.140623,ADA-USDT,0.7956,0.0,126969.0,0.0
2025-07-25T08:17:23.141656,ALT-USDT,0.03345,0.0,0.0,0.0
2025-07-25T08:17:23.141947,AI16Z-USDT,0.0,0.1471,0.0,98124.9
2025-07-25T08:17:23.143004,AEVO-USDT,0.0,0.1096,0.0,0.0
2025-07-25T08:17:23.452706,ACT-USDT,0.0,0.04476,0.0,41783.0
2025-07-25T08:17:23.452744,ALT-USDT,0.03333,0.03369,15803.0,320096.0
2025-07-25T08:17:23.452774,AI16Z-USDT,0.0,0.1471,0.0,123509.2
2025-07-25T08:17:23.452822,AAVE-USDT,0.0,287.85,0.0,38.6
2025-07-25T08:17:23.769765,ALGO-USDT,0.0,0.2829,0.0,18023.0
2025-07-25T08:17:23.772741,ALT-USDT,0.03341,0.03352,0.0,447361.0
2025-07-25T08:17:23.773865,AI16Z-USDT,0.0,0.1471,0.0,98124.9
2025-07-25T08:17:23.774399,AAVE-USDT,0.0,287.82,0.0,0.0
2025-07-25T08:17:24.081709,AAVE-USDT,286.38,0.0,0.0,0.0
2025-07-25T08:17:24.393722,ADA-USDT,0.7982,0.0,75188.0,0.0
2025-07-25T08:17:24.393762,AI16Z-USDT,0.0,0.1471,0.0,98124.9
2025-07-25T08:17:24.710275,ADA-USDT,0.7958,0.8068,0.0,0.0
2025-07-25T08:17:24.711018,ACT-USDT,0.04368,0.04456,0.0,28046.0
2025-07-25T08:17:24.712292,ALT-USDT,0.03342,0.03351,352324.0,447494.0
2025-07-25T08:17:24.712527,AI16Z-USDT,0.0,0.1471,0.0,98124.9
2025-07-25T08:17:25.025084,ACT-USDT,0.04359,0.0,9531.0,0.0
2025-07-25T08:17:25.025123,ALT-USDT,0.03342,0.0,350519.0,0.0
2025-07-25T08:17:25.025151,AI16Z-USDT,0.0,0.1471,0.0,116669.3
2025-07-25T08:17:25.343560,ADA-USDT,0.7982,0.7998,0.0,0.0
2025-07-25T08:17:25.343604,ALT-USDT,0.03338,0.03358,359712.0,0.0
2025-07-25T08:17:25.343630,AI16Z-USDT,0.0,0.1471,0.0,140603.4
2025-07-25T08:17:25.343652,AAVE-USDT,0.0,288.44,0.0,0.0
2025-07-25T08:17:25.656354,ALGO-USDT,0.0,0.2587,0.0,117450.0
2025-07-25T08:17:25.656395,ADA-USDT,0.7979,0.7992,36165.0,93820.0
2025-07-25T08:17:25.656429,ACT-USDT,0.04334,0.0,0.0,0.0
2025-07-25T08:17:25.656457,AI16Z-USDT,0.0,0.1471,0.0,115891.9
2025-07-25T08:17:25.965335,AI16Z-USDT,0.0,0.1471,0.0,98124.9
2025-07-25T08:17:26.279239,ADA-USDT,0.7976,0.0,0.0,0.0
2025-07-25T08:17:26.283380,ACT-USDT,0.0,0.045,0.0,15849.0
2025-07-25T08:17:26.283420,AI16Z-USDT,0.1466,0.1468,0.0,85091.8
2025-07-25T08:17:26.594254,ADA-USDT,0.7972,0.0,59880.0,0.0
2025-07-25T08:17:26.599962,ALT-USDT,0.03316,0.03401,0.0,0.0
2025-07-25T08:17:26.600000,AI16Z-USDT,0.1464,0.1469,85329.1,0.0
2025-07-25T08:17:26.913193,ALGO-USDT,0.2574,0.258,0.0,174351.0
2025-07-25T08:17:26.917437,AI16Z-USDT,0.1464,0.1469,85329.1,42517.0
2025-07-25T08:17:27.221181,ALGO-USDT,0.2572,0.258,78838.0,0.0
2025-07-25T08:17:27.231355,AI16Z-USDT,0.1464,0.147,85329.1,230127.8
2025-07-25T08:17:27.546847,ALGO-USDT,0.2574,0.2584,139914.0,118184.0
2025-07-25T08:17:27.546876,ACT-USDT,0.04348,0.0446,7140.0,0.0
2025-07-25T08:17:27.546906,ALT-USDT,0.03338,0.03357,0.0,22521.0
2025-07-25T08:17:27.546932,AI16Z-USDT,0.1464,0.0,51176.1,0.0
2025-07-25T08:17:27.879703,ADA-USDT,0.7946,0.7994,18164.0,93762.0
2025-07-25T08:17:27.879747,ACT-USDT,0.04344,0.0,0.0,0.0
2025-07-25T08:17:27.879774,ALT-USDT,0.0,0.03357,0.0,0.0
2025-07-25T08:17:27.879817,AI16Z-USDT,0.1464,0.1469,85329.1,42517.0
2025-07-25T08:17:28.171426,ADA-USDT,0.0,0.7996,0.0,43480.0
2025-07-25T08:17:28.173390,ACT-USDT,0.04328,0.04463,0.0,27989.0
2025-07-25T08:17:28.174298,ALT-USDT,0.0,0.03352,0.0,0.0
2025-07-25T08:17:28.174884,AI16Z-USDT,0.1464,0.0,51176.1,0.0
2025-07-25T08:17:28.175451,AAVE-USDT,0.0,287.85,0.0,0.0
2025-07-25T08:17:28.490067,ADA-USDT,0.0,0.799,0.0,93844.0
2025-07-25T08:17:28.500575,ACT-USDT,0.0,0.04486,0.0,2566.0
2025-07-25T08:17:28.500613,ALT-USDT,0.03333,0.03357,360360.0,171932.0
2025-07-25T08:17:28.500640,AI16Z-USDT,0.1466,0.1468,68259.4,0.0
2025-07-25T08:17:28.798686,ALGO-USDT,0.2574,0.2581,279828.0,0.0
2025-07-25T08:17:28.799498,ADA-USDT,0.7974,0.7996,71833.0,3587.0
2025-07-25T08:17:28.801216,ACT-USDT,0.0,0.04456,0.0,0.0
2025-07-25T08:17:28.805372,ALT-USDT,0.03344,0.03351,358959.0,0.0
2025-07-25T08:17:28.805438,AI16Z-USDT,0.1449,0.0,0.0,0.0
2025-07-25T08:17:28.805481,AEVO-USDT,0.1034,0.1049,0.0,0.0
2025-07-25T08:17:29.128279,ALGO-USDT,0.2575,0.2585,279720.0,0.0
2025-07-25T08:17:29.128328,ADA-USDT,0.0,0.799,0.0,0.0
2025-07-25T08:17:29.128358,ACT-USDT,0.04368,0.04458,11591.0,0.0
2025-07-25T08:17:29.128384,ALT-USDT,0.03342,0.03353,0.0,447227.0
2025-07-25T08:17:29.128408,AI16Z-USDT,0.0,0.1473,0.0,90425.2
2025-07-25T08:17:29.128432,AAVE-USDT,0.0,288.1,0.0,46.3
2025-07-25T08:17:29.128458,AEVO-USDT,0.1033,0.1054,96993.2,232620.8
2025-07-25T08:17:29.446482,ACT-USDT,0.04366,0.04459,22915.0,28027.0
2025-07-25T08:17:29.446523,ALT-USDT,0.0,0.03399,0.0,7974.0
2025-07-25T08:17:29.446550,AI16Z-USDT,0.0,0.1469,0.0,0.0
2025-07-25T08:17:29.446575,AAVE-USDT,287.22,0.0,37.4,0.0
2025-07-25T08:17:29.773460,ADA-USDT,0.7982,0.7996,75197.0,93773.0
2025-07-25T08:17:29.773497,ACT-USDT,0.0,0.04471,0.0,2869.0
2025-07-25T08:17:29.773527,ALT-USDT,0.033,0.0,0.0,0.0
2025-07-25T08:17:29.773550,AI16Z-USDT,0.1466,0.1471,136472.2,206589.6
2025-07-25T08:17:29.773583,AEVO-USDT,0.0,0.1054,0.0,177230.5
2025-07-25T08:17:30.079847,ADA-USDT,0.7972,0.7996,0.0,90186.0
2025-07-25T08:17:30.080256,ACT-USDT,0.0,0.04471,0.0,0.0
2025-07-25T08:17:30.081037,ALT-USDT,0.03345,0.0,358852.0,0.0
2025-07-25T08:17:30.081436,AI16Z-USDT,0.1466,0.1471,136472.2,140613.0
2025-07-25T08:17:30.081743,AAVE-USDT,286.35,0.0,0.0,0.0
2025-07-25T08:17:30.399954,ACT-USDT,0.0,0.04481,0.0,0.0
2025-07-25T08:17:30.399999,ALT-USDT,0.0,0.03357,0.0,0.0
2025-07-25T08:17:30.400025,AI16Z-USDT,0.1466,0.1473,136472.2,57228.0
2025-07-25T08:17:30.400049,AAVE-USDT,286.42,0.0,3.7,0.0
2025-07-25T08:17:30.715595,ACT-USDT,0.0,0.04462,0.0,26571.0
2025-07-25T08:17:30.715636,AI16Z-USDT,0.1466,0.1471,136472.2,183101.1
2025-07-25T08:17:31.036098,ACT-USDT,0.0,0.0446,0.0,0.0
2025-07-25T08:17:31.041386,ALT-USDT,0.03319,0.03358,16338.0,0.0
2025-07-25T08:17:31.041425,AI16Z-USDT,0.1466,0.1471,136472.2,183101.1
2025-07-25T08:17:31.356185,ACT-USDT,0.04369,0.04463,22894.0,0.0
2025-07-25T08:17:31.356226,ALT-USDT,0.0,0.03362,0.0,0.0
2025-07-25T08:17:31.356252,AAVE-USDT,286.39,288.54,0.0,0.0
2025-07-25T08:17:31.356276,AI16Z-USDT,0.1469,0.147,34059.9,0.0
2025-07-25T08:17:31.671648,ADA-USDT,0.7965,0.0,0.0,0.0
2025-07-25T08:17:31.675515,AI16Z-USDT,0.1468,0.1475,96636.6,2997.3
2025-07-25T08:17:31.675694,AEVO-USDT,0.0,0.1078,0.0,0.0
2025-07-25T08:17:31.991543,ADA-USDT,0.7969,0.0,0.0,0.0
2025-07-25T08:17:31.994745,ACT-USDT,0.04369,0.04462,0.0,0.0
2025-07-25T08:17:31.995053,ALT-USDT,0.03345,0.03358,0.0,141055.0
2025-07-25T08:17:31.996187,AI16Z-USDT,0.1468,0.1474,96636.6,27308.3
2025-07-25T08:17:32.302073,ACT-USDT,0.04368,0.04462,22899.0,13124.0
2025-07-25T08:17:32.302760,AI16Z-USDT,0.1468,0.1472,62576.7,124893.6
2025-07-25T08:17:32.619200,ADA-USDT,0.0,0.8,0.0,0.0
2025-07-25T08:17:32.620703,ACT-USDT,0.04331,0.04482,0.0,1514.0
2025-07-25T08:17:32.620979,ALT-USDT,0.03345,0.03358,358852.0,0.0
2025-07-25T08:17:32.621632,AI16Z-USDT,0.1466,0.1474,102364.4,42372.9
2025-07-25T08:17:32.943717,ALT-USDT,0.0,0.03364,0.0,192005.0
2025-07-25T08:17:32.944290,AI16Z-USDT,0.1467,0.1475,20388.0,2454.1
2025-07-25T08:17:33.265993,ACT-USDT,0.0,0.04472,0.0,0.0
2025-07-25T08:17:33.266198,AI16Z-USDT,0.1468,0.1472,96636.6,167324.0
2025-07-25T08:17:33.266250,AAVE-USDT,286.44,0.0,38.2,0.0
2025-07-25T08:17:33.570113,ALGO-USDT,0.0,0.283,0.0,137746.0
2025-07-25T08:17:33.570150,ADA-USDT,0.7955,0.8032,0.0,90540.0
2025-07-25T08:17:33.573096,ALT-USDT,0.0,0.03358,0.0,191845.0
2025-07-25T08:17:33.573723,AI16Z-USDT,0.1468,0.1472,96636.6,209754.4
2025-07-25T08:17:33.573765,AAVE-USDT,0.0,287.86,0.0,0.0
2025-07-25T08:17:33.891307,ADA-USDT,0.0,0.7996,0.0,0.0
2025-07-25T08:17:33.891350,ACT-USDT,0.0,0.04472,0.0,16100.0
2025-07-25T08:17:33.891872,ALT-USDT,0.03342,0.03358,161904.0,211383.0
2025-07-25T08:17:33.891910,AI16Z-USDT,0.1468,0.1491,96636.6,0.0
2025-07-25T08:17:33.891938,AAVE-USDT,286.42,288.03,0.0,52.0
2025-07-25T08:17:34.198586,ADA-USDT,0.0,0.799,0.0,93844.0
2025-07-25T08:17:34.205086,ACT-USDT,0.0,0.04482,0.0,622.0
2025-07-25T08:17:34.205123,ALT-USDT,0.03344,0.0,0.0,0.0
2025-07-25T08:17:34.205152,AI16Z-USDT,0.1468,0.0,96636.6,0.0
2025-07-25T08:17:34.518945,ALGO-USDT,0.0,0.2588,0.0,0.0
2025-07-25T08:17:34.518983,ADA-USDT,0.0,0.7992,0.0,0.0
2025-07-25T08:17:34.520583,ACT-USDT,0.0,0.04473,0.0,0.0
2025-07-25T08:17:34.521928,AI16Z-USDT,0.1468,0.0,96636.6,0.0
2025-07-25T08:17:34.829554,ALGO-USDT,0.0,0.2829,0.0,0.0
2025-07-25T08:17:34.834521,ACT-USDT,0.0,0.04486,0.0,2566.0
2025-07-25T08:17:34.834565,ALT-USDT,0.0,0.03358,0.0,191845.0
2025-07-25T08:17:34.834593,AAVE-USDT,286.9,288.26,12.1,0.0
2025-07-25T08:17:34.834627,AI16Z-USDT,0.1468,0.1473,96636.6,101657.5
2025-07-25T08:17:35.150407,ALT-USDT,0.03342,0.0,0.0,0.0
2025-07-25T08:17:35.150728,AI16Z-USDT,0.1468,0.1473,96636.6,99629.6
2025-07-25T08:17:35.150797,AAVE-USDT,0.0,288.1,0.0,0.0
2025-07-25T08:17:35.460631,ACT-USDT,0.04369,0.0,22894.0,0.0
2025-07-25T08:17:35.460900,ALT-USDT,0.0,0.03399,0.0,0.0
2025-07-25T08:17:35.461399,AI16Z-USDT,0.1468,0.0,96636.6,0.0
2025-07-25T08:17:35.780036,ALGO-USDT,0.2576,0.2582,279666.0,0.0
2025-07-25T08:17:35.780177,ADA-USDT,0.7955,0.0,34312.0,0.0
2025-07-25T08:17:35.780576,ACT-USDT,0.04368,0.04459,45803.0,0.0
2025-07-25T08:17:35.780961,ALT-USDT,0.0,0.03358,0.0,0.0
2025-07-25T08:17:35.782027,AI16Z-USDT,0.1468,0.0,96636.6,0.0
2025-07-25T08:17:35.783247,AAVE-USDT,287.22,287.95,0.0,0.0
2025-07-25T08:17:35.783298,AEVO-USDT,0.0,0.1085,0.0,54337.1
2025-07-25T08:17:36.098874,ALGO-USDT,0.2573,0.2586,0.0,199233.0
2025-07-25T08:17:36.099186,ADA-USDT,0.7955,0.0,0.0,0.0
2025-07-25T08:17:36.101807,ACT-USDT,0.04338,0.04466,22607.0,0.0
2025-07-25T08:17:36.101850,AI16Z-USDT,0.1468,0.1474,62576.7,13533.3
2025-07-25T08:17:36.101875,AAVE-USDT,287.31,288.06,41.8,4.3
2025-07-25T08:17:36.409140,ALGO-USDT,0.0,0.2586,0.0,172140.0
2025-07-25T08:17:36.410703,ACT-USDT,0.0,0.04472,0.0,0.0
2025-07-25T08:17:36.412600,ALT-USDT,0.0,0.03364,0.0,0.0
2025-07-25T08:17:36.412707,AI16Z-USDT,0.1468,0.1474,96636.6,0.0
2025-07-25T08:17:36.412763,AEVO-USDT,0.0,0.1096,0.0,0.0
2025-07-25T08:17:36.412861,AAVE-USDT,0.0,288.06,0.0,52.1
2025-07-25T08:17:36.720773,ADA-USDT,0.7954,0.0,0.0,0.0
2025-07-25T08:17:36.721708,ACT-USDT,0.04353,0.0,644.0,0.0
2025-07-25T08:17:36.721951,ALT-USDT,0.03342,0.0,359174.0,0.0
2025-07-25T08:17:36.723189,AI16Z-USDT,0.1468,0.1473,62576.7,122982.7
2025-07-25T08:17:36.723227,AAVE-USDT,0.0,288.06,0.0,47.8
2025-07-25T08:17:37.044399,ALT-USDT,0.0,0.03358,0.0,446429.0
2025-07-25T08:17:37.044441,AI16Z-USDT,0.1468,0.1473,96636.6,99629.6
2025-07-25T08:17:37.352424,ADA-USDT,0.0,0.8,0.0,50664.0
2025-07-25T08:17:37.352554,ACT-USDT,0.0,0.04486,0.0,0.0
2025-07-25T08:17:37.356639,AI16Z-USDT,0.1468,0.1474,96636.6,8594.5
2025-07-25T08:17:37.356769,AAVE-USDT,0.0,289.68,0.0,0.0
2025-07-25T08:17:37.670165,ALGO-USDT,0.0,0.2587,0.0,117450.0
2025-07-25T08:17:37.670212,ADA-USDT,0.0,0.8004,0.0,0.0
2025-07-25T08:17:37.671262,AI16Z-USDT,0.1468,0.1474,96636.6,0.0
2025-07-25T08:17:38.204878,AI16Z-USDT,0.1468,0.0,96636.6,0.0
2025-07-25T08:17:38.208665,AAVE-USDT,0.0,289.47,0.0,20.3
2025-07-25T08:17:38.419832,ADA-USDT,0.0,0.8001,0.0,0.0
2025-07-25T08:17:38.422922,ALT-USDT,0.0,0.03372,0.0,0.0
2025-07-25T08:17:38.423039,AI16Z-USDT,0.1468,0.0,96636.6,0.0
2025-07-25T08:17:38.423134,AAVE-USDT,287.29,0.0,11.6,0.0
2025-07-25T08:17:38.743208,AI16Z-USDT,0.1468,0.1473,96636.6,106130.2
2025-07-25T08:17:38.743260,AAVE-USDT,0.0,296.57,0.0,8.0
2025-07-25T08:17:39.060389,ALGO-USDT,0.0,0.2593,0.0,61369.0
2025-07-25T08:17:39.067173,ADA-USDT,0.7955,0.799,50927.0,0.0
2025-07-25T08:17:39.070708,ALT-USDT,0.0,0.03353,0.0,0.0
2025-07-25T08:17:39.070754,AI16Z-USDT,0.147,0.1472,34036.8,124893.6
2025-07-25T08:17:39.380589,ADA-USDT,0.0,0.7992,0.0,71391.0
2025-07-25T08:17:39.388736,ACT-USDT,0.0437,0.04462,22889.0,0.0
2025-07-25T08:17:39.388798,ALT-USDT,0.03346,0.03357,358744.0,219637.0
2025-07-25T08:17:39.388832,AI16Z-USDT,0.147,0.1472,34036.8,157908.5
2025-07-25T08:17:39.388864,AAVE-USDT,0.0,289.47,0.0,0.0
2025-07-25T08:17:39.693756,ADA-USDT,0.7971,0.804,27865.0,0.0
2025-07-25T08:17:39.693827,ACT-USDT,0.04359,0.04467,16928.0,40250.0
2025-07-25T08:17:39.693860,AI16Z-USDT,0.1468,0.1472,62576.7,167324.0
2025-07-25T08:17:40.001288,ADA-USDT,0.797,0.0,0.0,0.0
2025-07-25T08:17:40.001335,ACT-USDT,0.04359,0.0,8861.0,0.0
2025-07-25T08:17:40.001372,ALT-USDT,0.03318,0.0,331047.0,0.0
2025-07-25T08:17:40.001402,AI16Z-USDT,0.1468,0.1472,96636.6,209754.4
2025-07-25T08:17:40.312569,ALT-USDT,0.03336,0.0,0.0,0.0
2025-07-25T08:17:40.312604,AI16Z-USDT,0.1468,0.1473,96636.6,100617.4
2025-07-25T08:17:40.620095,ALGO-USDT,0.2577,0.2583,139752.0,0.0
2025-07-25T08:17:40.623035,ADA-USDT,0.7982,0.7992,150394.0,0.0
2025-07-25T08:17:40.623080,ACT-USDT,0.04372,0.0446,45767.0,0.0
2025-07-25T08:17:40.623357,ALT-USDT,0.0,0.03354,0.0,0.0
2025-07-25T08:17:40.624930,AI16Z-USDT,0.147,0.1472,102110.4,124893.6
2025-07-25T08:17:40.624966,AAVE-USDT,287.4,288.06,41.8,0.0
2025-07-25T08:17:40.624995,AEVO-USDT,0.1042,0.105,96061.5,0.0
2025-07-25T08:17:40.928922,ALGO-USDT,0.2574,0.0,139914.0,0.0
2025-07-25T08:17:40.929591,ADA-USDT,0.7971,0.806,75320.0,49728.0
2025-07-25T08:17:40.934558,ACT-USDT,0.04373,0.04467,22873.0,13492.0
2025-07-25T08:17:40.934596,ALT-USDT,0.03348,0.0,358530.0,0.0
2025-07-25T08:17:40.934624,AI16Z-USDT,0.1454,0.1475,0.0,42344.2
2025-07-25T08:17:40.934648,AAVE-USDT,286.95,288.28,0.0,0.0
2025-07-25T08:17:40.934679,AEVO-USDT,0.0,0.1052,0.0,237417.0
2025-07-25T08:17:41.238976,ADA-USDT,0.0,0.8005,0.0,25244.0
2025-07-25T08:17:41.243093,ACT-USDT,0.0,0.04471,0.0,21709.0
2025-07-25T08:17:41.243130,ALT-USDT,0.0,0.03361,0.0,0.0
2025-07-25T08:17:41.243158,AI16Z-USDT,0.0,0.1476,0.0,42344.2
2025-07-25T08:17:41.243181,AAVE-USDT,0.0,288.54,0.0,52.0
2025-07-25T08:17:41.549080,ALGO-USDT,0.2567,0.2586,64034.0,146787.0
2025-07-25T08:17:41.549659,ADA-USDT,0.7941,0.8007,0.0,0.0
2025-07-25T08:17:41.551502,ACT-USDT,0.04243,0.045,13726.0,0.0
2025-07-25T08:17:41.552757,ALT-USDT,0.03319,0.03374,0.0,63857.0
2025-07-25T08:17:41.553591,AAVE-USDT,0.0,288.03,0.0,0.0
2025-07-25T08:17:41.553643,AEVO-USDT,0.0,0.1062,0.0,0.0
2025-07-25T08:17:41.869573,ALGO-USDT,0.0,0.2586,0.0,266472.0
2025-07-25T08:17:41.872036,ALT-USDT,0.03334,0.0,28780.0,0.0
2025-07-25T08:17:41.872074,AI16Z-USDT,0.0,0.1475,0.0,42344.2
2025-07-25T08:17:41.872104,AAVE-USDT,283.47,288.22,0.0,52.0
2025-07-25T08:17:41.872137,AEVO-USDT,0.0,0.1068,0.0,102716.4
2025-07-25T08:17:42.189834,ADA-USDT,0.7872,0.0,35461.0,0.0
2025-07-25T08:17:42.191291,ACT-USDT,0.04242,0.0,0.0,0.0
2025-07-25T08:17:42.193240,AI16Z-USDT,0.0,0.1474,0.0,58739.1
2025-07-25T08:17:42.498672,ALGO-USDT,0.2578,0.2584,279449.0,0.0
2025-07-25T08:17:42.499155,ADA-USDT,0.7984,0.7994,75169.0,0.0
2025-07-25T08:17:42.500541,ACT-USDT,0.04372,0.04467,22889.0,0.0
2025-07-25T08:17:42.503111,ALT-USDT,0.0,0.03362,0.0,836567.0
2025-07-25T08:17:42.503279,AI16Z-USDT,0.146,0.1474,4920.1,41583.6
2025-07-25T08:17:42.503454,AAVE-USDT,284.98,288.35,23.6,32.1
2025-07-25T08:17:42.819197,ADA-USDT,0.0,0.7999,0.0,93703.0
2025-07-25T08:17:42.820355,ACT-USDT,0.0,0.04474,0.0,5327.0
2025-07-25T08:17:42.821293,AI16Z-USDT,0.0,0.1474,0.0,41583.6
2025-07-25T08:17:42.821330,AEVO-USDT,0.0,0.1097,0.0,22538.9
2025-07-25T08:17:43.139824,ALGO-USDT,0.0,0.2598,0.0,55672.0
2025-07-25T08:17:43.139861,ADA-USDT,0.7979,0.0,0.0,0.0
2025-07-25T08:17:43.141109,ACT-USDT,0.04346,0.0,0.0,0.0
2025-07-25T08:17:43.141338,ALT-USDT,0.0,0.03365,0.0,351919.0
2025-07-25T08:17:43.141373,AI16Z-USDT,0.0,0.1475,0.0,42344.2
2025-07-25T08:17:43.141394,AAVE-USDT,0.0,289.74,0.0,0.0
2025-07-25T08:17:43.459175,ALGO-USDT,0.2328,0.0,0.0,0.0
2025-07-25T08:17:43.461156,ALT-USDT,0.0334,0.0,0.0,0.0
2025-07-25T08:17:43.461606,AAVE-USDT,0.0,288.35,0.0,0.0
2025-07-25T08:17:43.461650,AI16Z-USDT,0.1458,0.1475,34293.6,42344.2
2025-07-25T08:17:43.790860,ACT-USDT,0.0,0.04466,0.0,1852.0
2025-07-25T08:17:43.790903,ALT-USDT,0.03345,0.03356,0.0,446828.0
2025-07-25T08:17:43.790932,AI16Z-USDT,0.0,0.1475,0.0,89891.2
2025-07-25T08:17:43.790957,AAVE-USDT,0.0,288.88,0.0,16.2
2025-07-25T08:17:43.790987,AEVO-USDT,0.0,0.1085,0.0,0.0
2025-07-25T08:17:44.089922,ADA-USDT,0.0,0.8007,0.0,0.0
2025-07-25T08:17:44.091035,ALT-USDT,0.0,0.03366,0.0,355300.0
2025-07-25T08:17:44.091078,AI16Z-USDT,0.0,0.1475,0.0,84700.3
2025-07-25T08:17:44.400320,ACT-USDT,0.0,0.04612,0.0,3943.0
2025-07-25T08:17:44.400733,ALT-USDT,0.0,0.03374,0.0,0.0
2025-07-25T08:17:44.402050,AI16Z-USDT,0.0,0.1474,0.0,41795.3
2025-07-25T08:17:44.402099,AAVE-USDT,0.0,289.02,0.0,0.0
2025-07-25T08:17:44.402130,AEVO-USDT,0.0,0.1073,0.0,0.0
2025-07-25T08:17:44.720440,ADA-USDT,0.7978,0.8006,150489.0,94460.0
2025-07-25T08:17:44.720675,ACT-USDT,0.04373,0.0,0.0,0.0
2025-07-25T08:17:44.721690,AI16Z-USDT,0.0,0.1474,0.0,41583.6
2025-07-25T08:17:45.028817,ALGO-USDT,0.2578,0.2584,0.0,174081.0
2025-07-25T08:17:45.029177,ADA-USDT,0.7982,0.8007,75197.0,0.0
2025-07-25T08:17:45.032378,ACT-USDT,0.0437,0.04462,0.0,28002.0
2025-07-25T08:17:45.032416,ALT-USDT,0.03341,0.0,1352.0,0.0
2025-07-25T08:17:45.032451,AI16Z-USDT,0.0,0.1475,0.0,106530.1
2025-07-25T08:17:45.032477,AAVE-USDT,284.23,0.0,0.0,0.0
2025-07-25T08:17:45.349244,ALGO-USDT,0.0,0.2584,0.0,348095.0
2025-07-25T08:17:45.349900,ADA-USDT,0.7984,0.7994,0.0,93797.0
2025-07-25T08:17:45.351040,ACT-USDT,0.0,0.04474,0.0,2875.0
2025-07-25T08:17:45.351574,ALT-USDT,0.03348,0.03355,0.0,446961.0
2025-07-25T08:17:45.351879,AI16Z-USDT,0.0,0.1475,0.0,84700.3
2025-07-25T08:17:45.352414,AAVE-USDT,287.31,288.94,0.0,35.7
2025-07-25T08:17:45.352450,AEVO-USDT,0.1042,0.105,0.0,118934.3
2025-07-25T08:17:45.668600,ALGO-USDT,0.2574,0.0,132438.0,0.0
2025-07-25T08:17:45.669163,ADA-USDT,0.7982,0.0,150385.0,0.0
2025-07-25T08:17:45.671194,ALT-USDT,0.03341,0.03356,0.0,446694.0
2025-07-25T08:17:45.671241,AAVE-USDT,287.22,288.32,0.4,10.9
2025-07-25T08:17:45.671481,AEVO-USDT,0.104,0.1061,384615.2,0.0
2025-07-25T08:17:45.671528,AI16Z-USDT,0.147,0.1472,34036.8,209754.4
2025-07-25T08:17:45.978198,ALGO-USDT,0.2578,0.2584,279449.0,0.0
2025-07-25T08:17:45.978692,ADA-USDT,0.7984,0.7994,75169.0,0.0
2025-07-25T08:17:45.980033,ACT-USDT,0.04368,0.04468,0.0,10040.0
2025-07-25T08:17:45.980901,ALT-USDT,0.0,0.03358,0.0,0.0
2025-07-25T08:17:45.980936,AI16Z-USDT,0.1468,0.1497,96636.6,0.0
2025-07-25T08:17:45.981210,AEVO-USDT,0.104,0.0,384615.2,0.0
2025-07-25T08:17:46.289099,ADA-USDT,0.7978,0.0,0.0,0.0
2025-07-25T08:17:46.289995,ACT-USDT,0.0,0.04468,0.0,0.0
2025-07-25T08:17:46.290918,ALT-USDT,0.03334,0.03365,0.0,0.0
2025-07-25T08:17:46.291191,AI16Z-USDT,0.1468,0.1474,96636.6,5379.4
2025-07-25T08:17:46.291263,AEVO-USDT,0.104,0.0,288461.4,0.0
2025-07-25T08:17:46.607646,ADA-USDT,0.7973,0.0,0.0,0.0
2025-07-25T08:17:46.607681,ACT-USDT,0.04365,0.0,22925.0,0.0
2025-07-25T08:17:46.607706,ALT-USDT,0.0,0.03358,0.0,446561.0
2025-07-25T08:17:46.607727,AI16Z-USDT,0.1468,0.0,96636.6,0.0
2025-07-25T08:17:46.920296,ACT-USDT,0.0,0.04561,0.0,1628.0
2025-07-25T08:17:46.921183,AI16Z-USDT,0.1468,0.0,96636.6,0.0
2025-07-25T08:17:46.921658,AAVE-USDT,0.0,288.88,0.0,0.0
2025-07-25T08:17:47.232332,AI16Z-USDT,0.1468,0.1473,96636.6,99629.6
2025-07-25T08:17:47.541227,ALT-USDT,0.0,0.03366,0.0,0.0
2025-07-25T08:17:47.541949,AI16Z-USDT,0.1468,0.1474,96636.6,14243.4
2025-07-25T08:17:47.541987,AAVE-USDT,0.0,288.36,0.0,41.1
2025-07-25T08:17:47.850660,ALT-USDT,0.03347,0.03357,717381.0,2217.0
2025-07-25T08:17:47.850943,AAVE-USDT,0.0,288.32,0.0,0.0
2025-07-25T08:17:47.850980,AI16Z-USDT,0.1468,0.1473,96636.6,109570.0
2025-07-25T08:17:48.173529,AI16Z-USDT,0.1468,0.1473,96636.6,99629.6
2025-07-25T08:17:48.173632,AAVE-USDT,287.26,0.0,35.7,0.0
2025-07-25T08:17:48.492695,ACT-USDT,0.0,0.04466,0.0,0.0
2025-07-25T08:17:48.492741,ALT-USDT,0.0,0.03357,0.0,0.0
2025-07-25T08:17:48.492776,AI16Z-USDT,0.1468,0.1474,96636.6,33030.4
2025-07-25T08:17:48.492828,AAVE-USDT,0.0,288.36,0.0,0.0
2025-07-25T08:17:48.801082,ACT-USDT,0.0,0.04562,0.0,0.0
2025-07-25T08:17:48.801134,ALT-USDT,0.03346,0.03357,0.0,4375.0
2025-07-25T08:17:48.801175,AI16Z-USDT,0.1468,0.1474,96636.6,14243.4
2025-07-25T08:17:49.118526,ADA-USDT,0.0,0.7996,0.0,0.0
2025-07-25T08:17:49.120876,ACT-USDT,0.04376,0.04462,22857.0,0.0
2025-07-25T08:17:49.121760,ALT-USDT,0.0,0.0336,0.0,9996.0
2025-07-25T08:17:49.121816,AI16Z-USDT,0.1468,0.0,96636.6,0.0
2025-07-25T08:17:49.121847,AEVO-USDT,0.1042,0.105,96061.5,0.0
2025-07-25T08:17:49.430737,ALGO-USDT,0.0,0.2593,0.0,0.0
2025-07-25T08:17:49.430916,ACT-USDT,0.04377,0.04467,22852.0,0.0
2025-07-25T08:17:49.431018,ALT-USDT,0.03344,0.0,98186.0,0.0
2025-07-25T08:17:49.431440,AI16Z-USDT,0.1468,0.1473,96636.6,99629.6
2025-07-25T08:17:49.431544,AEVO-USDT,0.0,0.1052,0.0,237529.8
2025-07-25T08:17:49.753046,ALGO-USDT,0.0,0.2602,0.0,118021.0
2025-07-25T08:17:49.753095,ACT-USDT,0.04301,0.0449,0.0,0.0
2025-07-25T08:17:49.753125,AI16Z-USDT,0.1468,0.1473,96636.6,99629.6
2025-07-25T08:17:49.753168,AEVO-USDT,0.0,0.1052,0.0,237529.8
2025-07-25T08:17:50.069229,ALGO-USDT,0.0,0.2598,0.0,0.0
2025-07-25T08:17:50.072251,ACT-USDT,0.0,0.04517,0.0,10188.0
2025-07-25T08:17:50.072293,AI16Z-USDT,0.1468,0.1474,62576.7,14243.4
2025-07-25T08:17:50.072316,AEVO-USDT,0.0,0.1052,0.0,237529.8
2025-07-25T08:17:50.389664,ADA-USDT,0.7982,0.7996,75197.0,93773.0
2025-07-25T08:17:50.390899,AI16Z-USDT,0.1468,0.1474,96636.6,56629.3
2025-07-25T08:17:50.397591,AEVO-USDT,0.1042,0.105,0.0,118934.3
2025-07-25T08:17:50.699340,ADA-USDT,0.0,0.8,0.0,0.0
2025-07-25T08:17:50.702493,ALT-USDT,0.0,0.03404,0.0,0.0
2025-07-25T08:17:50.703876,AI16Z-USDT,0.1468,0.1474,96636.6,14243.4
2025-07-25T08:17:50.703912,AEVO-USDT,0.0,0.105,0.0,237868.6
2025-07-25T08:17:50.703943,AAVE-USDT,0.0,288.3,0.0,28.0
2025-07-25T08:17:51.022561,AI16Z-USDT,0.1468,0.0,96636.6,0.0
2025-07-25T08:17:51.022606,AAVE-USDT,284.98,0.0,0.0,0.0
2025-07-25T08:17:51.377357,ALGO-USDT,0.2578,0.2584,0.0,174014.0
2025-07-25T08:17:51.377395,ACT-USDT,0.04377,0.04466,0.0,27983.0
2025-07-25T08:17:51.377424,AI16Z-USDT,0.1468,0.1474,96636.6,14243.4
2025-07-25T08:17:51.649410,ALGO-USDT,0.2574,0.2584,141941.0,348095.0
2025-07-25T08:17:51.649919,ADA-USDT,0.7747,0.0,74685.0,0.0
2025-07-25T08:17:51.651547,ACT-USDT,0.04368,0.04477,2896.0,0.0
2025-07-25T08:17:51.652186,ALT-USDT,0.0,0.03357,0.0,360020.0
2025-07-25T08:17:51.653409,AI16Z-USDT,0.1468,0.1474,96636.6,14243.4
2025-07-25T08:17:51.653446,AAVE-USDT,284.17,0.0,17.9,0.0
2025-07-25T08:17:51.653474,AEVO-USDT,0.0,0.1063,0.0,61840.9
2025-07-25T08:17:51.959001,ALGO-USDT,0.0,0.2587,0.0,0.0
2025-07-25T08:17:51.959291,ADA-USDT,0.0,0.8007,0.0,0.0
2025-07-25T08:17:51.960501,ALT-USDT,0.0,0.03357,0.0,355645.0
2025-07-25T08:17:51.961028,AI16Z-USDT,0.1468,0.1473,96636.6,99629.6
2025-07-25T08:17:52.270125,ALGO-USDT,0.2328,0.0,22613.0,0.0
2025-07-25T08:17:52.271708,ACT-USDT,0.0,0.04482,0.0,622.0
2025-07-25T08:17:52.271844,AI16Z-USDT,0.1468,0.1473,96636.6,99629.6
2025-07-25T08:17:52.591347,ALGO-USDT,0.2424,0.2602,0.0,105031.0
2025-07-25T08:17:52.592165,ACT-USDT,0.04357,0.0,643.0,0.0
2025-07-25T08:17:52.593532,AI16Z-USDT,0.1468,0.1473,96636.6,99629.6
2025-07-25T08:17:52.902282,ALGO-USDT,0.2573,0.0,128061.0,0.0
2025-07-25T08:17:52.902323,ADA-USDT,0.7741,0.0,0.0,0.0
2025-07-25T08:17:52.902347,ACT-USDT,0.0,0.04484,0.0,0.0
2025-07-25T08:17:52.902865,AI16Z-USDT,0.1468,0.0,96636.6,0.0
2025-07-25T08:17:52.902903,AEVO-USDT,0.0,0.1068,0.0,61393.6
2025-07-25T08:17:53.218317,ACT-USDT,0.0,0.04486,0.0,11243.0
2025-07-25T08:17:53.218367,AI16Z-USDT,0.1468,0.1474,96636.6,14243.4
2025-07-25T08:17:53.524990,ALGO-USDT,0.0,0.2592,0.0,69258.0
2025-07-25T08:17:53.525056,ADA-USDT,0.0,0.7998,0.0,0.0
2025-07-25T08:17:53.525087,ACT-USDT,0.0,0.04561,0.0,0.0
2025-07-25T08:17:53.525110,ALT-USDT,0.0,0.0336,0.0,433319.0
2025-07-25T08:17:53.525133,AI16Z-USDT,0.1468,0.0,96636.6,0.0
2025-07-25T08:17:53.860142,ADA-USDT,0.0,0.8002,0.0,74313.0
2025-07-25T08:17:53.860195,ALT-USDT,0.0,0.0336,0.0,423323.0
2025-07-25T08:17:53.860233,AI16Z-USDT,0.147,0.1472,68073.6,124893.6
2025-07-25T08:17:53.860265,AEVO-USDT,0.1027,0.0,0.0,0.0
2025-07-25T08:17:54.161993,ADA-USDT,0.798,0.8004,75207.0,0.0
2025-07-25T08:17:54.162031,ACT-USDT,0.0,0.04728,0.0,0.0
2025-07-25T08:17:54.162061,AI16Z-USDT,0.147,0.1474,102110.4,14243.4
2025-07-25T08:17:54.470001,ALGO-USDT,0.2573,0.0,68702.0,0.0
2025-07-25T08:17:54.470043,AI16Z-USDT,0.146,0.1474,14913.1,56616.3
2025-07-25T08:17:54.470067,AEVO-USDT,0.104,0.105,96153.8,118934.3
2025-07-25T08:17:54.774297,ACT-USDT,0.04314,0.0,1167.0,0.0
2025-07-25T08:17:54.774337,AI16Z-USDT,0.0,0.1475,0.0,127056.6
2025-07-25T08:17:54.774367,AEVO-USDT,0.104,0.0,192307.6,0.0
2025-07-25T08:17:55.093992,AI16Z-USDT,0.0,0.1474,0.0,56616.3
2025-07-25T08:17:55.094034,AEVO-USDT,0.104,0.0,192307.6,0.0
2025-07-25T08:17:55.400394,ACT-USDT,0.0,0.04517,0.0,0.0
2025-07-25T08:17:55.401872,AI16Z-USDT,0.146,0.1475,0.0,127056.4
2025-07-25T08:17:55.401909,AEVO-USDT,0.1042,0.105,96061.5,0.0
2025-07-25T08:17:55.718547,ALGO-USDT,0.0,0.2602,0.0,88592.0
2025-07-25T08:17:55.720757,AI16Z-USDT,0.0,0.1474,0.0,61592.6
2025-07-25T08:17:55.721045,AEVO-USDT,0.0,0.1052,0.0,237529.8
2025-07-25T08:17:56.044855,AI16Z-USDT,0.0,0.1474,0.0,56616.3
2025-07-25T08:17:56.044892,AEVO-USDT,0.0,0.1052,0.0,118708.5
2025-07-25T08:17:56.352163,AI16Z-USDT,0.0,0.1475,0.0,84700.3
2025-07-25T08:17:56.353669,AEVO-USDT,0.0,0.1052,0.0,237529.8
2025-07-25T08:17:56.678196,ADA-USDT,0.0,0.8005,0.0,13040.0
2025-07-25T08:17:56.678247,AI16Z-USDT,0.0,0.1475,0.0,127065.0
2025-07-25T08:17:56.678274,AEVO-USDT,0.0,0.1052,0.0,118708.5
2025-07-25T08:17:56.988841,ALGO-USDT,0.2574,0.2584,61395.0,0.0
2025-07-25T08:17:56.989123,ADA-USDT,0.0,0.8005,0.0,0.0
2025-07-25T08:17:56.996946,ACT-USDT,0.04368,0.04468,20008.0,27964.0
2025-07-25T08:17:56.996999,ALT-USDT,0.0,0.0336,0.0,0.0
2025-07-25T08:17:56.997042,AI16Z-USDT,0.0,0.1475,0.0,84700.3
2025-07-25T08:17:56.997083,AEVO-USDT,0.0,0.1052,0.0,118708.5
2025-07-25T08:17:56.997116,AAVE-USDT,284.17,0.0,0.0,0.0
2025-07-25T08:17:57.372092,ALGO-USDT,0.2578,0.2589,139697.0,331683.0
2025-07-25T08:17:57.372132,ACT-USDT,0.0,0.04472,0.0,27939.0
2025-07-25T08:17:57.372163,ALT-USDT,0.03345,0.03357,78200.0,0.0
2025-07-25T08:17:57.372186,AI16Z-USDT,0.0,0.1475,0.0,127065.1
2025-07-25T08:17:57.372208,AEVO-USDT,0.0,0.1097,0.0,89597.4
2025-07-25T08:17:57.609721,ALGO-USDT,0.2578,0.0,279449.0,0.0
2025-07-25T08:17:57.611551,AI16Z-USDT,0.0,0.1474,0.0,56616.3
2025-07-25T08:17:57.611577,AEVO-USDT,0.0,0.1052,0.0,118708.5
2025-07-25T08:17:57.929058,ALGO-USDT,0.2578,0.2584,0.0,348095.0
2025-07-25T08:17:57.929107,ADA-USDT,0.7978,0.0,0.0,0.0
2025-07-25T08:17:57.930175,ACT-USDT,0.0,0.04468,0.0,44813.0
2025-07-25T08:17:57.931668,AI16Z-USDT,0.0,0.1475,0.0,84700.3
2025-07-25T08:17:58.240505,ALGO-USDT,0.2328,0.0,158590.0,0.0
2025-07-25T08:17:58.240567,ADA-USDT,0.0,0.8007,0.0,93633.0
2025-07-25T08:17:58.246998,ALT-USDT,0.0,0.0336,0.0,0.0
2025-07-25T08:17:58.247045,AI16Z-USDT,0.147,0.1472,34036.8,167324.0
2025-07-25T08:17:58.247091,AEVO-USDT,0.0,0.1052,0.0,237529.8
2025-07-25T08:17:58.568402,ALGO-USDT,0.2577,0.2589,0.0,326349.0
2025-07-25T08:17:58.568443,ADA-USDT,0.7976,0.7999,0.0,157634.0
2025-07-25T08:17:58.568482,ACT-USDT,0.0,0.04628,0.0,19383.0
2025-07-25T08:17:58.568512,ALT-USDT,0.0,0.0336,0.0,446163.0
2025-07-25T08:17:58.568546,AI16Z-USDT,0.1468,0.1472,96636.6,209754.4
2025-07-25T08:17:58.568576,AEVO-USDT,0.0,0.1052,0.0,118708.5
2025-07-25T08:17:58.868682,ALGO-USDT,0.2574,0.2583,136685.0,174149.0
2025-07-25T08:17:58.869290,ADA-USDT,0.7984,0.7994,0.0,93797.0
2025-07-25T08:17:58.870455,ACT-USDT,0.04376,0.04465,0.0,27989.0
2025-07-25T08:17:58.871156,ALT-USDT,0.0,0.03357,0.0,291129.0
2025-07-25T08:17:58.871882,AAVE-USDT,287.26,288.3,0.0,0.0
2025-07-25T08:17:58.871924,AI16Z-USDT,0.1468,0.1473,96636.6,99629.6
2025-07-25T08:17:58.871951,AEVO-USDT,0.0,0.1052,0.0,118708.5
2025-07-25T08:17:59.192517,ALGO-USDT,0.2574,0.0,276545.0,0.0
2025-07-25T08:17:59.192635,ADA-USDT,0.7983,0.7999,0.0,93703.0
2025-07-25T08:17:59.193542,ACT-USDT,0.04314,0.0,0.0,0.0
2025-07-25T08:17:59.193682,AI16Z-USDT,0.1468,0.1474,96636.6,14243.4
2025-07-25T08:17:59.193889,AAVE-USDT,287.4,288.07,0.0,52.1
2025-07-25T08:17:59.510013,ALGO-USDT,0.2574,0.0,201255.0,0.0
2025-07-25T08:17:59.510060,ADA-USDT,0.7856,0.0,0.0,0.0
2025-07-25T08:17:59.511823,ACT-USDT,0.04374,0.04464,22873.0,55979.0
2025-07-25T08:17:59.513112,AI16Z-USDT,0.1468,0.1474,96636.6,56629.7
2025-07-25T08:17:59.513482,AAVE-USDT,287.38,288.3,41.8,3.3
2025-07-25T08:17:59.513665,AEVO-USDT,0.0,0.1052,0.0,118708.5
2025-07-25T08:17:59.820912,ACT-USDT,0.04348,0.04467,0.0,10908.0
2025-07-25T08:17:59.822466,AI16Z-USDT,0.1468,0.1474,96636.6,56629.7
2025-07-25T08:17:59.822751,AAVE-USDT,286.93,288.2,0.0,0.0
2025-07-25T08:18:00.131521,ALGO-USDT,0.0,0.2586,0.0,146787.0
2025-07-25T08:18:00.191305,ACT-USDT,0.04362,0.0,0.0,0.0
2025-07-25T08:18:00.191355,AI16Z-USDT,0.1468,0.1487,96636.6,25198.5
2025-07-25T08:18:00.191390,AAVE-USDT,287.32,0.0,41.8,0.0
2025-07-25T08:18:00.191424,AEVO-USDT,0.0,0.1052,0.0,118708.5
2025-07-25T08:18:00.439800,ALGO-USDT,0.0,0.2583,0.0,0.0
2025-07-25T08:18:00.439847,ADA-USDT,0.7982,0.7999,150385.0,96749.0
2025-07-25T08:18:00.441975,AI16Z-USDT,0.1468,0.0,96636.6,0.0
2025-07-25T08:18:00.748616,ALGO-USDT,0.2577,0.2587,139752.0,24213.0
2025-07-25T08:18:00.748826,ADA-USDT,0.0,0.7996,0.0,0.0
2025-07-25T08:18:00.751129,ACT-USDT,0.0436,0.04468,0.0,0.0
2025-07-25T08:18:00.751170,ALT-USDT,0.0,0.03357,0.0,0.0
2025-07-25T08:18:00.751197,AI16Z-USDT,0.1468,0.1473,96636.6,99629.6
2025-07-25T08:18:00.751259,AEVO-USDT,0.0,0.1052,0.0,118708.5
2025-07-25T08:18:01.075227,ALGO-USDT,0.0,0.2587,0.0,173886.0
2025-07-25T08:18:01.075256,ADA-USDT,0.0,0.7999,0.0,93703.0
2025-07-25T08:18:01.076407,ACT-USDT,0.04363,0.0,35639.0,0.0
2025-07-25T08:18:01.076430,ALT-USDT,0.0,0.03362,0.0,390669.0
2025-07-25T08:18:01.076455,AI16Z-USDT,0.1468,0.1474,96636.6,56629.7
2025-07-25T08:18:01.076482,AAVE-USDT,0.0,288.07,0.0,0.0
2025-07-25T08:18:01.076506,AEVO-USDT,0.0,0.1073,0.0,0.0
2025-07-25T08:18:01.379260,ADA-USDT,0.7872,0.7994,27176.0,0.0
2025-07-25T08:18:01.380973,ACT-USDT,0.0436,0.0,0.0,0.0
2025-07-25T08:18:01.385563,AI16Z-USDT,0.1468,0.0,96636.6,0.0
2025-07-25T08:18:01.385605,AEVO-USDT,0.0,0.1052,0.0,237529.8
2025-07-25T08:18:01.698764,ALGO-USDT,0.0,0.2587,0.0,163219.0
2025-07-25T08:18:01.699112,ADA-USDT,0.0,0.7994,0.0,93785.0
2025-07-25T08:18:01.700341,ACT-USDT,0.04377,0.04464,22852.0,0.0
2025-07-25T08:18:01.702102,AI16Z-USDT,0.1468,0.1472,96636.6,124893.6
2025-07-25T08:18:01.702129,AEVO-USDT,0.0,0.1052,0.0,118708.5
2025-07-25T08:18:01.702142,AAVE-USDT,0.0,288.36,0.0,48.7
2025-07-25T08:18:02.027105,ADA-USDT,0.0,0.7994,0.0,0.0
2025-07-25T08:18:02.034326,ACT-USDT,0.0,0.04467,0.0,0.0
2025-07-25T08:18:02.034373,ALT-USDT,0.0,0.03355,0.0,0.0
2025-07-25T08:18:02.034402,AI16Z-USDT,0.147,0.0,102110.4,0.0
2025-07-25T08:18:02.034426,AAVE-USDT,287.49,288.3,41.8,0.0
2025-07-25T08:18:02.034450,AEVO-USDT,0.0,0.1052,0.0,237529.8
2025-07-25T08:18:02.341088,ALGO-USDT,0.2578,0.2584,279449.0,0.0
2025-07-25T08:18:02.341176,ADA-USDT,0.7984,0.7996,75169.0,93762.0
2025-07-25T08:18:02.341216,ACT-USDT,0.04378,0.04469,22847.0,27964.0
2025-07-25T08:18:02.342334,ALT-USDT,0.03348,0.03357,358530.0,267205.0
2025-07-25T08:18:02.349093,AAVE-USDT,287.21,288.36,0.0,0.0
2025-07-25T08:18:02.350187,AEVO-USDT,0.0,0.1052,0.0,237529.8
2025-07-25T08:18:02.649941,ALGO-USDT,0.2574,0.2587,61395.0,0.0
2025-07-25T08:18:02.650293,ADA-USDT,0.7982,0.7999,75197.0,168858.0
2025-07-25T08:18:02.651236,ACT-USDT,0.04356,0.0,22973.0,0.0
2025-07-25T08:18:02.653041,ALT-USDT,0.03347,0.0,358744.0,0.0
2025-07-25T08:18:02.653376,AI16Z-USDT,0.1453,0.0,0.0,0.0
2025-07-25T08:18:02.653422,AEVO-USDT,0.0,0.1052,0.0,237529.8
2025-07-25T08:18:02.653457,AAVE-USDT,0.0,288.93,0.0,0.2
2025-07-25T08:18:02.968855,ALGO-USDT,0.2578,0.0,0.0,0.0
2025-07-25T08:18:02.970300,AAVE-USDT,287.26,0.0,41.8,0.0
2025-07-25T08:18:02.971213,ACT-USDT,0.04379,0.0447,22841.0,27952.0
2025-07-25T08:18:02.972572,AI16Z-USDT,0.147,0.1472,34036.8,209754.4
2025-07-25T08:18:02.972613,AEVO-USDT,0.0,0.1052,0.0,237529.8
2025-07-25T08:18:03.290437,ALGO-USDT,0.2578,0.2587,279449.0,171352.0
2025-07-25T08:18:03.290476,ADA-USDT,0.0,0.8002,0.0,0.0
2025-07-25T08:18:03.291488,ACT-USDT,0.04379,0.04472,0.0,0.0
2025-07-25T08:18:03.292624,AI16Z-USDT,0.1468,0.1474,96636.6,56629.7
2025-07-25T08:18:03.292672,AAVE-USDT,287.38,0.0,0.0,0.0
2025-07-25T08:18:03.292702,AEVO-USDT,0.0,0.1052,0.0,237529.8
2025-07-25T08:18:03.602985,ACT-USDT,0.0,0.04468,0.0,27970.0
2025-07-25T08:18:03.603748,ALT-USDT,0.0,0.03366,0.0,0.0
2025-07-25T08:18:03.604023,AI16Z-USDT,0.1468,0.1474,96636.6,56629.7
2025-07-25T08:18:03.604547,AEVO-USDT,0.0,0.1052,0.0,237529.8
2025-07-25T08:18:03.922351,ACT-USDT,0.04371,0.0,910.0,0.0
2025-07-25T08:18:03.922394,ALT-USDT,0.03346,0.03357,1015.0,713899.0
2025-07-25T08:18:03.922430,AI16Z-USDT,0.1468,0.1474,96636.6,75470.4
2025-07-25T08:18:03.922463,AEVO-USDT,0.0,0.1052,0.0,118708.5
2025-07-25T08:18:04.228920,ALGO-USDT,0.2578,0.0,0.0,0.0
2025-07-25T08:18:04.230723,ALT-USDT,0.03346,0.0,0.0,0.0
2025-07-25T08:18:04.231426,AI16Z-USDT,0.1468,0.1474,96636.6,56629.7
2025-07-25T08:18:04.231469,AAVE-USDT,0.0,288.93,0.0,0.0
2025-07-25T08:18:04.231501,AEVO-USDT,0.0,0.1052,0.0,237529.8
2025-07-25T08:18:04.539726,ALGO-USDT,0.2578,0.2594,279449.0,166056.0
2025-07-25T08:18:04.543989,ALT-USDT,0.0,0.03358,0.0,0.0
2025-07-25T08:18:04.544034,AI16Z-USDT,0.1468,0.0,96636.6,0.0
2025-07-25T08:18:04.544066,AEVO-USDT,0.0,0.1052,0.0,118708.5
2025-07-25T08:18:04.850532,ALGO-USDT,0.0,0.2589,0.0,157938.0
2025-07-25T08:18:04.853142,AAVE-USDT,287.12,288.18,0.0,0.0
2025-07-25T08:18:04.853264,AEVO-USDT,0.0,0.1052,0.0,237529.8
2025-07-25T08:18:04.853364,AI16Z-USDT,0.147,0.1472,102110.4,124893.6
2025-07-25T08:18:05.160178,ACT-USDT,0.04371,0.04469,21978.0,0.0
2025-07-25T08:18:05.161228,AAVE-USDT,287.51,288.28,41.8,52.0
2025-07-25T08:18:05.161300,AEVO-USDT,0.0,0.1052,0.0,118708.5
2025-07-25T08:18:05.161334,AI16Z-USDT,0.147,0.1474,34036.8,56629.7
2025-07-25T08:18:05.469170,ADA-USDT,0.7856,0.0,0.0,0.0
2025-07-25T08:18:05.470071,ACT-USDT,0.0,0.04472,0.0,0.0
2025-07-25T08:18:05.470913,AI16Z-USDT,0.1468,0.1472,62576.7,140061.2
2025-07-25T08:18:05.470951,AEVO-USDT,0.0,0.1052,0.0,237529.8
2025-07-25T08:18:05.780637,AI16Z-USDT,0.0,0.1475,0.0,97661.3
2025-07-25T08:18:05.780685,AAVE-USDT,287.35,0.0,41.8,0.0
2025-07-25T08:18:05.780720,AEVO-USDT,0.0,0.1052,0.0,118708.5
2025-07-25T08:18:06.101372,ACT-USDT,0.04376,0.04472,26827.0,6354.0
2025-07-25T08:18:06.102212,AI16Z-USDT,0.147,0.0,102110.4,0.0
2025-07-25T08:18:06.103013,AEVO-USDT,0.0,0.1052,0.0,237529.8
2025-07-25T08:18:06.421405,ALT-USDT,0.03346,0.03366,111965.0,0.0
2025-07-25T08:18:06.421723,AI16Z-USDT,0.0,0.1475,0.0,114088.0
2025-07-25T08:18:06.422023,AEVO-USDT,0.0,0.1052,0.0,237529.8
2025-07-25T08:18:06.422091,AAVE-USDT,283.62,0.0,24.4,0.0
2025-07-25T08:18:06.733298,AI16Z-USDT,0.0,0.1476,0.0,42344.2
2025-07-25T08:18:06.733347,AEVO-USDT,0.0,0.1052,0.0,118708.5
2025-07-25T08:18:07.049937,ACT-USDT,0.0,0.04472,0.0,21592.0
2025-07-25T08:18:07.051267,ALT-USDT,0.0,0.03365,0.0,445643.0
2025-07-25T08:18:07.051356,AAVE-USDT,287.26,288.54,0.0,0.0
2025-07-25T08:18:07.051435,AEVO-USDT,0.0,0.1052,0.0,121705.8
2025-07-25T08:18:07.373503,ALT-USDT,0.03339,0.03359,0.0,7445.0
2025-07-25T08:18:07.373544,AEVO-USDT,0.0,0.1052,0.0,127037.0
2025-07-25T08:18:07.373575,AAVE-USDT,287.61,288.22,41.7,0.0
2025-07-25T08:18:07.680592,ACT-USDT,0.04379,0.04468,22841.0,0.0
2025-07-25T08:18:07.683138,AEVO-USDT,0.0,0.1052,0.0,124468.9
2025-07-25T08:18:07.683176,AI16Z-USDT,0.0,0.1474,0.0,90965.9
2025-07-25T08:18:07.988888,ALGO-USDT,0.0,0.2602,0.0,214385.0
2025-07-25T08:18:07.992304,ADA-USDT,0.0,0.801,0.0,0.0
2025-07-25T08:18:07.992378,ACT-USDT,0.04318,0.0,21963.0,0.0
2025-07-25T08:18:07.992423,AI16Z-USDT,0.0,0.1474,0.0,108032.7
2025-07-25T08:18:07.992461,AEVO-USDT,0.0,0.1052,0.0,124521.7
2025-07-25T08:18:08.300555,ALGO-USDT,0.0,0.2586,0.0,314607.0
2025-07-25T08:18:08.300614,AI16Z-USDT,0.0,0.1474,0.0,90965.9
2025-07-25T08:18:08.300635,AEVO-USDT,0.0,0.1052,0.0,124944.8
2025-07-25T08:18:08.300653,AAVE-USDT,0.0,288.36,0.0,52.0
2025-07-25T08:18:08.609184,ALGO-USDT,0.0,0.2586,0.0,312079.0
2025-07-25T08:18:08.610451,ACT-USDT,0.04378,0.04469,0.0,26708.0
2025-07-25T08:18:08.611453,AI16Z-USDT,0.0,0.1475,0.0,127066.3
2025-07-25T08:18:08.611518,AAVE-USDT,0.0,288.54,0.0,0.5
2025-07-25T08:18:08.611553,AEVO-USDT,0.0,0.1052,0.0,118708.5
2025-07-25T08:18:08.930286,ACT-USDT,0.04376,0.0,23800.0,0.0
2025-07-25T08:18:08.931912,ALT-USDT,0.0,0.03359,0.0,438984.0
2025-07-25T08:18:08.931956,AI16Z-USDT,0.0,0.1475,0.0,84700.3
2025-07-25T08:18:08.931981,AAVE-USDT,287.35,0.0,0.0,0.0
2025-07-25T08:18:08.932019,AEVO-USDT,0.0,0.1052,0.0,124723.0
2025-07-25T08:18:09.239979,ADA-USDT,0.7984,0.7992,0.0,93809.0
2025-07-25T08:18:09.242085,ALT-USDT,0.03345,0.0,0.0,0.0
2025-07-25T08:18:09.243242,AI16Z-USDT,0.0,0.1475,0.0,127063.1
2025-07-25T08:18:09.245767,AAVE-USDT,287.21,0.0,0.8,0.0
2025-07-25T08:18:09.246184,AEVO-USDT,0.0,0.1052,0.0,126695.8
2025-07-25T08:18:09.560091,ADA-USDT,0.0,0.7999,0.0,93703.0
2025-07-25T08:18:09.561866,AI16Z-USDT,0.0,0.1475,0.0,99759.3
2025-07-25T08:18:09.562199,AAVE-USDT,286.88,0.0,11.3,0.0
2025-07-25T08:18:09.562536,AEVO-USDT,0.0,0.1052,0.0,118708.5
2025-07-25T08:18:09.884451,AAVE-USDT,287.49,0.0,0.0,0.0
2025-07-25T08:18:09.885091,AEVO-USDT,0.0,0.1052,0.0,237529.8
2025-07-25T08:18:09.885151,AI16Z-USDT,0.0,0.1475,0.0,94745.6
2025-07-25T08:18:10.189329,ADA-USDT,0.0,0.8003,0.0,0.0
2025-07-25T08:18:10.192135,ACT-USDT,0.04304,0.0,0.0,0.0
2025-07-25T08:18:10.192180,ALT-USDT,0.0,0.03365,0.0,225844.0
2025-07-25T08:18:10.192212,AI16Z-USDT,0.0,0.1475,0.0,84700.3
2025-07-25T08:18:10.192242,AAVE-USDT,287.44,0.0,41.6,0.0
2025-07-25T08:18:10.192271,AEVO-USDT,0.0,0.1052,0.0,118708.5
2025-07-25T08:18:10.502161,ADA-USDT,0.0,0.8004,0.0,42944.0
2025-07-25T08:18:10.502207,AEVO-USDT,0.0,0.1052,0.0,118708.5
2025-07-25T08:18:10.502235,AAVE-USDT,287.4,0.0,0.0,0.0
2025-07-25T08:18:10.811608,ALGO-USDT,0.0,0.2606,0.0,0.0
2025-07-25T08:18:10.813925,ADA-USDT,0.0,0.7992,0.0,0.0
2025-07-25T08:18:10.814116,ALT-USDT,0.03344,0.0,35721.0,0.0
2025-07-25T08:18:10.815169,AAVE-USDT,0.0,288.53,0.0,47.6
2025-07-25T08:18:10.816703,AEVO-USDT,0.0,0.1052,0.0,118708.5
2025-07-25T08:18:11.122193,ADA-USDT,0.7984,0.8,75179.0,81696.0
2025-07-25T08:18:11.122848,AI16Z-USDT,0.0,0.1474,0.0,105394.9
2025-07-25T08:18:11.122887,AAVE-USDT,287.22,0.0,41.0,0.0
2025-07-25T08:18:11.122921,AEVO-USDT,0.0,0.1052,0.0,237529.8
2025-07-25T08:18:11.443245,ADA-USDT,0.7984,0.7994,0.0,93797.0
2025-07-25T08:18:11.457651,AI16Z-USDT,0.0,0.1474,0.0,90965.9
2025-07-25T08:18:11.459209,AAVE-USDT,287.21,0.0,0.0,0.0
2025-07-25T08:18:11.459249,AEVO-USDT,0.0,0.1052,0.0,118708.5
2025-07-25T08:18:11.742054,ADA-USDT,0.7971,0.8,89907.0,0.0
2025-07-25T08:18:11.742522,ACT-USDT,0.0431,0.0,2701.0,0.0
2025-07-25T08:18:11.742562,ALT-USDT,0.03344,0.0,0.0,0.0
2025-07-25T08:18:11.742593,AAVE-USDT,0.0,289.01,0.0,24.4
2025-07-25T08:18:11.742622,AEVO-USDT,0.0,0.1052,0.0,237529.8
2025-07-25T08:18:12.062571,ADA-USDT,0.7971,0.8006,75320.0,106513.0
2025-07-25T08:18:12.062767,AAVE-USDT,283.95,0.0,0.0,0.0
2025-07-25T08:18:12.062924,AI16Z-USDT,0.0,0.1475,0.0,84700.3
2025-07-25T08:18:12.064283,AEVO-USDT,0.0,0.1052,0.0,118708.5
2025-07-25T08:18:12.369480,ADA-USDT,0.0,0.8004,0.0,68803.0
2025-07-25T08:18:12.371139,AEVO-USDT,0.0,0.1052,0.0,237529.8
2025-07-25T08:18:12.679659,ADA-USDT,0.0,0.8043,0.0,0.0
2025-07-25T08:18:12.680930,ALT-USDT,0.0,0.03366,0.0,78902.0
2025-07-25T08:18:12.684846,AI16Z-USDT,0.0,0.1475,0.0,84700.3
2025-07-25T08:18:12.684895,AEVO-USDT,0.0,0.1052,0.0,118708.5
2025-07-25T08:18:12.992393,AI16Z-USDT,0.0,0.1476,0.0,42344.2
2025-07-25T08:18:12.992824,AEVO-USDT,0.0,0.1052,0.0,237529.8
2025-07-25T08:18:13.309124,ALGO-USDT,0.2578,0.2584,0.0,348095.0
2025-07-25T08:18:13.310151,ADA-USDT,0.0,0.799,0.0,93832.0
2025-07-25T08:18:13.315449,AEVO-USDT,0.0,0.1052,0.0,118708.5
2025-07-25T08:18:13.619109,ALGO-USDT,0.2577,0.2602,0.0,88592.0
2025-07-25T08:18:13.619556,ADA-USDT,0.797,0.7996,0.0,0.0
2025-07-25T08:18:13.623914,AI16Z-USDT,0.0,0.1474,0.0,111342.3
2025-07-25T08:18:13.623954,AEVO-USDT,0.0,0.1052,0.0,237529.8
2025-07-25T08:18:13.940313,ALGO-USDT,0.2577,0.2588,139752.0,12373.0
2025-07-25T08:18:13.940370,ADA-USDT,0.798,0.7999,0.0,101551.0
2025-07-25T08:18:13.942458,ACT-USDT,0.04379,0.04468,0.0,27970.0
2025-07-25T08:18:13.943578,ALT-USDT,0.03348,0.0,0.0,0.0
2025-07-25T08:18:13.944126,AI16Z-USDT,0.1466,0.1471,34129.7,64111.3
2025-07-25T08:18:13.944190,AEVO-USDT,0.0,0.1052,0.0,118708.5
2025-07-25T08:18:13.944683,AAVE-USDT,287.61,288.53,0.0,0.0
2025-07-25T08:18:14.269099,ALGO-USDT,0.2574,0.0,201255.0,0.0
2025-07-25T08:18:14.270031,ACT-USDT,0.04378,0.04469,22847.0,0.0
2025-07-25T08:18:14.270073,ALT-USDT,0.03344,0.0,0.0,0.0
2025-07-25T08:18:14.270106,AAVE-USDT,287.58,0.0,41.7,0.0
2025-07-25T08:18:14.270136,AI16Z-USDT,0.1471,0.1471,34013.6,0.0
2025-07-25T08:18:14.270165,AEVO-USDT,0.0,0.1052,0.0,237529.8
2025-07-25T08:18:14.579055,ALGO-USDT,0.2578,0.2584,279449.0,0.0
2025-07-25T08:18:14.579610,ADA-USDT,0.798,0.799,75207.0,0.0
2025-07-25T08:18:14.580952,ACT-USDT,0.04379,0.04468,22841.0,0.0
2025-07-25T08:18:14.582613,AI16Z-USDT,0.0,0.1475,0.0,127044.5
2025-07-25T08:18:14.582947,AAVE-USDT,0.0,288.52,0.0,2.4
2025-07-25T08:18:14.582984,AEVO-USDT,0.0,0.1052,0.0,118708.5
2025-07-25T08:18:14.900316,ADA-USDT,0.7956,0.7998,63886.0,89578.0
2025-07-25T08:18:14.900557,ACT-USDT,0.04381,0.0447,22831.0,0.0
2025-07-25T08:18:14.900758,ALT-USDT,0.03328,0.03366,213576.0,0.0
2025-07-25T08:18:14.901070,AI16Z-USDT,0.0,0.1475,0.0,84700.3
2025-07-25T08:18:14.901354,AEVO-USDT,0.0,0.1052,0.0,166136.1
2025-07-25T08:18:15.219324,ADA-USDT,0.7976,0.7999,0.0,0.0
2025-07-25T08:18:15.224204,ACT-USDT,0.0,0.04491,0.0,6722.0
2025-07-25T08:18:15.224245,AI16Z-USDT,0.0,0.1475,0.0,127044.5
2025-07-25T08:18:15.224281,AEVO-USDT,0.1042,0.1051,288092.3,0.0
2025-07-25T08:18:15.529421,ALGO-USDT,0.2558,0.0,76419.0,0.0
2025-07-25T08:18:15.532977,ACT-USDT,0.0,0.04474,0.0,57187.0
2025-07-25T08:18:15.535110,ALT-USDT,0.03348,0.0,358530.0,0.0
2025-07-25T08:18:15.535139,AI16Z-USDT,0.0,0.1475,0.0,84700.3
2025-07-25T08:18:15.535153,AAVE-USDT,0.0,288.94,0.0,0.0
2025-07-25T08:18:15.535163,AEVO-USDT,0.1042,0.0,192123.0,0.0
2025-07-25T08:18:15.845499,ADA-USDT,0.7946,0.7992,32633.0,93820.0
2025-07-25T08:18:15.845568,ACT-USDT,0.04368,0.04604,0.0,0.0
2025-07-25T08:18:15.846074,AI16Z-USDT,0.146,0.1475,0.0,127044.5
2025-07-25T08:18:15.846110,AEVO-USDT,0.1042,0.106,288092.3,181389.3
