timestamp,symbol,bid,ask,bid_vol,ask_vol
2025-07-25T08:16:27.317384,1INCH-USDT,0.2728,0.273,146.07,1006.72
2025-07-25T08:16:27.317448,ACH-USDT,0.02161,0.02162,12370.4,30150.6
2025-07-25T08:16:27.317519,A-USDT,0.5588,0.5591,480.41,32.22
2025-07-25T08:16:27.320500,AERGO-USDT,0.13068,0.13082,215.0,108.0
2025-07-25T08:16:27.320570,ACE-USDT,0.56,0.563,7158.758,576.269
2025-07-25T08:16:27.320625,AERO-USDT,0.876,0.877,1165.389,218.959
2025-07-25T08:16:27.320676,AIN-USDT,0.15309,0.15321,400.0,529.12
2025-07-25T08:16:27.320736,ACT-USDT,0.044,0.0441,64931.0,154391.2
2025-07-25T08:16:27.320776,AAVE-USDT,287.13,287.14,0.0839,0.0205
2025-07-25T08:16:27.320834,AGLD-USDT,0.767,0.769,8881.586,1.224
2025-07-25T08:16:27.320874,1INCH-USDT,0.2729,0.2731,113.04,33.03
2025-07-25T08:16:27.370178,AERGO-USDT,0.13068,0.13082,215.0,108.0
2025-07-25T08:16:27.371885,AEVO-USDT,0.1043,0.1044,27964.421,10734.695
2025-07-25T08:16:27.374520,AIXBT-USDT,0.13944,0.13965,53489.16,0.59
2025-07-25T08:16:27.375803,AI16Z-USDT,0.14647,0.14651,408.21,1266.3
2025-07-25T08:16:27.377401,ADA-USDT,0.7976,0.7979,14249.15,9663.11
2025-07-25T08:16:27.674626,ACH-USDT,0.02161,0.02162,12370.4,30150.6
2025-07-25T08:16:27.675964,AAVE-USDT,287.13,287.14,0.0839,0.0205
2025-07-25T08:16:27.677066,AGT-USDT,0.00538,0.00587,2081.0,2708.0
2025-07-25T08:16:27.677372,ALCH-USDT,0.13745,0.13749,136.55,1530.31
2025-07-25T08:16:27.681888,ALT-USDT,0.03346,0.03349,556.22,316.64
2025-07-25T08:16:27.681944,AERO-USDT,0.876,0.878,1165.389,218.959
2025-07-25T08:16:27.682464,ANIME-USDT,0.01862,0.01865,15074.94,8892.62
2025-07-25T08:16:27.685354,ADA-USDT,0.7976,0.7979,14249.15,9663.11
2025-07-25T08:16:27.687007,A-USDT,0.5588,0.5591,480.41,32.22
2025-07-25T08:16:27.974142,ACE-USDT,0.56,0.563,7158.758,576.269
2025-07-25T08:16:27.975317,AGLD-USDT,0.767,0.769,8881.586,1.224
2025-07-25T08:16:27.978747,1INCH-USDT,0.2729,0.2731,113.04,33.03
2025-07-25T08:16:27.978803,ACT-USDT,0.044,0.0441,64931.0,154391.2
2025-07-25T08:16:27.978836,AIN-USDT,0.15309,0.15321,400.0,529.12
2025-07-25T08:16:27.985559,AERO-USDT,0.876,0.878,1165.519,210.128
2025-07-25T08:16:27.988259,A-USDT,0.5588,0.5591,480.41,32.22
2025-07-25T08:16:27.988300,ALGO-USDT,0.2574,0.2577,2677.79,3673.9
2025-07-25T08:16:28.275488,AERGO-USDT,0.13068,0.13082,215.0,108.0
2025-07-25T08:16:28.275535,AEVO-USDT,0.1043,0.1044,27964.421,10734.695
2025-07-25T08:16:28.277116,AI16Z-USDT,0.14647,0.14651,408.21,1266.3
2025-07-25T08:16:28.280909,AIXBT-USDT,0.13944,0.13965,53489.16,0.59
2025-07-25T08:16:28.280958,ADA-USDT,0.7976,0.7979,14249.15,9663.11
2025-07-25T08:16:28.577623,ACH-USDT,0.02161,0.02162,12370.4,30150.6
2025-07-25T08:16:28.578911,ALCH-USDT,0.13745,0.13749,136.55,1530.31
2025-07-25T08:16:28.579076,AGT-USDT,0.00538,0.00587,2081.0,2708.0
2025-07-25T08:16:28.579185,AAVE-USDT,287.13,287.14,0.0839,0.0205
2025-07-25T08:16:28.581327,ANIME-USDT,0.01862,0.01865,15074.94,8892.62
2025-07-25T08:16:28.582230,ALT-USDT,0.03346,0.03349,556.22,316.64
2025-07-25T08:16:28.876538,ACE-USDT,0.56,0.563,7158.758,576.269
2025-07-25T08:16:28.878215,1INCH-USDT,0.2729,0.2731,113.04,33.03
2025-07-25T08:16:28.878546,AIN-USDT,0.15309,0.15321,400.0,529.12
2025-07-25T08:16:28.879533,AGLD-USDT,0.767,0.769,8881.586,1.224
2025-07-25T08:16:28.881170,ACT-USDT,0.044,0.0441,64931.0,154391.2
2025-07-25T08:16:28.881222,AI16Z-USDT,0.14647,0.14651,408.21,1266.3
2025-07-25T08:16:28.881709,AERO-USDT,0.876,0.877,1165.389,218.959
2025-07-25T08:16:28.886660,ALGO-USDT,0.2574,0.2577,2677.79,3673.9
2025-07-25T08:16:28.892099,A-USDT,0.5588,0.5591,480.41,32.22
2025-07-25T08:16:29.178648,AERGO-USDT,0.13068,0.13082,215.0,108.0
2025-07-25T08:16:29.180488,ACT-USDT,0.044,0.0441,64931.0,154391.2
2025-07-25T08:16:29.181762,ADA-USDT,0.7976,0.7979,14249.15,9663.11
2025-07-25T08:16:29.181826,AEVO-USDT,0.1043,0.1044,27964.421,10734.695
2025-07-25T08:16:29.182302,AAVE-USDT,287.13,287.14,0.0839,0.0205
2025-07-25T08:16:29.182349,AI16Z-USDT,0.14646,0.1465,408.21,1266.3
2025-07-25T08:16:29.184686,AERO-USDT,0.876,0.877,1165.389,218.959
2025-07-25T08:16:29.188027,AIXBT-USDT,0.13944,0.13965,53489.16,0.59
2025-07-25T08:16:29.478530,AGT-USDT,0.00538,0.00587,2081.0,2708.0
2025-07-25T08:16:29.480396,ACH-USDT,0.02161,0.02162,12370.4,30150.6
2025-07-25T08:16:29.482194,ANIME-USDT,0.01862,0.01865,15074.94,8892.62
2025-07-25T08:16:29.482233,AEVO-USDT,0.1044,0.1045,151.18,369.942
2025-07-25T08:16:29.483382,AAVE-USDT,287.13,287.14,0.0839,0.0205
2025-07-25T08:16:29.486304,ALCH-USDT,0.13745,0.13749,136.55,1530.31
2025-07-25T08:16:29.492027,ALT-USDT,0.03346,0.03349,556.22,316.64
2025-07-25T08:16:29.786073,ACE-USDT,0.56,0.563,7158.758,576.269
2025-07-25T08:16:29.786113,AIN-USDT,0.15309,0.15321,400.0,529.12
2025-07-25T08:16:29.786161,1INCH-USDT,0.2729,0.2731,113.04,33.03
2025-07-25T08:16:29.786190,AGLD-USDT,0.767,0.769,8881.586,1.224
2025-07-25T08:16:29.786212,AGT-USDT,0.00538,0.00587,2081.0,2708.0
2025-07-25T08:16:29.787057,ALGO-USDT,0.2574,0.2577,2677.79,3673.9
2025-07-25T08:16:29.787098,ADA-USDT,0.7976,0.7979,14249.15,9663.11
2025-07-25T08:16:29.795584,A-USDT,0.5588,0.5591,480.41,32.22
2025-07-25T08:16:30.085420,AERGO-USDT,0.13068,0.13082,215.0,108.0
2025-07-25T08:16:30.085460,ACT-USDT,0.044,0.0441,64931.0,154391.2
2025-07-25T08:16:30.085490,AI16Z-USDT,0.14646,0.1465,408.21,1266.3
2025-07-25T08:16:30.085514,1INCH-USDT,0.273,0.2732,62.19,146.07
2025-07-25T08:16:30.085547,AIN-USDT,0.15308,0.15319,400.0,529.12
2025-07-25T08:16:30.087036,AERO-USDT,0.876,0.877,1165.389,218.959
2025-07-25T08:16:30.087076,AIXBT-USDT,0.13944,0.13965,53489.16,0.59
2025-07-25T08:16:30.087100,ADA-USDT,0.7978,0.798,10389.57,43.29
2025-07-25T08:16:30.382754,AEVO-USDT,0.1044,0.1045,151.18,369.942
2025-07-25T08:16:30.382812,ACH-USDT,0.02161,0.02163,25752.8,21867.3
2025-07-25T08:16:30.435842,ANIME-USDT,0.01862,0.01865,15074.94,8892.62
2025-07-25T08:16:30.439884,ALCH-USDT,0.13745,0.13749,136.55,1530.31
2025-07-25T08:16:30.440029,AAVE-USDT,287.14,287.16,0.1186,0.0925
2025-07-25T08:16:30.449897,AI16Z-USDT,0.14652,0.14655,408.21,1266.3
2025-07-25T08:16:30.449935,ALGO-USDT,0.2574,0.2577,2677.79,3673.9
2025-07-25T08:16:30.454542,ALT-USDT,0.03346,0.03349,556.22,316.64
2025-07-25T08:16:30.682289,ACE-USDT,0.56,0.563,7158.758,576.269
2025-07-25T08:16:30.687018,AERGO-USDT,0.13076,0.13086,162.0,125.0
2025-07-25T08:16:30.687067,ACT-USDT,0.0441,0.0443,258.8,88079.2
2025-07-25T08:16:30.687107,AAVE-USDT,287.17,287.18,0.103,0.0903
2025-07-25T08:16:30.687898,AGT-USDT,0.00538,0.00587,2081.0,2708.0
2025-07-25T08:16:30.691530,AI16Z-USDT,0.14654,0.14659,110.81,1310.06
2025-07-25T08:16:30.691573,ADA-USDT,0.7978,0.798,10389.57,43.29
2025-07-25T08:16:30.691601,AGLD-USDT,0.767,0.769,8881.586,1.224
2025-07-25T08:16:30.697166,AIXBT-USDT,0.13949,0.13965,53489.16,0.59
2025-07-25T08:16:30.699256,ALGO-USDT,0.2576,0.2577,117.22,10.71
2025-07-25T08:16:30.703918,A-USDT,0.5589,0.5592,506.34,16.11
2025-07-25T08:16:30.984412,1INCH-USDT,0.273,0.2732,62.19,146.07
2025-07-25T08:16:30.987644,AAVE-USDT,287.2,287.21,0.0373,0.0587
2025-07-25T08:16:30.989326,AI16Z-USDT,0.14654,0.14657,408.21,1266.3
2025-07-25T08:16:30.990214,ACH-USDT,0.02162,0.02165,21127.5,21866.3
2025-07-25T08:16:30.990252,AERO-USDT,0.876,0.877,1165.389,218.959
2025-07-25T08:16:30.991256,AIN-USDT,0.15308,0.15319,400.0,529.12
2025-07-25T08:16:30.998460,ALT-USDT,0.03348,0.03349,892.9,764.39
2025-07-25T08:16:31.004130,AIXBT-USDT,0.13954,0.13965,53489.16,0.59
2025-07-25T08:16:31.005404,A-USDT,0.5589,0.5592,506.34,16.11
2025-07-25T08:16:31.283711,AEVO-USDT,0.1044,0.1045,151.18,369.942
2025-07-25T08:16:31.284969,AI16Z-USDT,0.14652,0.14655,408.21,1266.3
2025-07-25T08:16:31.286364,AIN-USDT,0.15304,0.15329,929.12,1058.24
2025-07-25T08:16:31.286404,ALCH-USDT,0.13745,0.13749,136.55,1530.31
2025-07-25T08:16:31.290425,ALGO-USDT,0.2576,0.2577,117.22,10.71
2025-07-25T08:16:31.293741,ANIME-USDT,0.01862,0.01865,15074.94,8892.62
2025-07-25T08:16:31.589080,ACE-USDT,0.56,0.563,7158.758,576.269
2025-07-25T08:16:31.589120,AERGO-USDT,0.13076,0.13086,162.0,125.0
2025-07-25T08:16:31.589148,ACT-USDT,0.0441,0.0443,258.8,88079.2
2025-07-25T08:16:31.589173,AGT-USDT,0.00538,0.00587,2081.0,2708.0
2025-07-25T08:16:31.589204,AAVE-USDT,287.2,287.21,0.0373,0.0587
2025-07-25T08:16:31.589532,ADA-USDT,0.7978,0.798,10389.57,43.29
2025-07-25T08:16:31.591001,AGLD-USDT,0.767,0.769,8881.586,1.224
2025-07-25T08:16:31.592170,AI16Z-USDT,0.14654,0.14658,408.21,1266.3
2025-07-25T08:16:31.886542,1INCH-USDT,0.273,0.2732,62.19,146.07
2025-07-25T08:16:31.887505,ACH-USDT,0.02162,0.02165,21127.5,21866.3
2025-07-25T08:16:31.887544,AERO-USDT,0.876,0.877,1165.389,218.959
2025-07-25T08:16:31.891111,AI16Z-USDT,0.14656,0.1466,408.21,1266.3
2025-07-25T08:16:31.894410,AIXBT-USDT,0.13954,0.13965,53489.16,0.59
2025-07-25T08:16:31.894450,ALT-USDT,0.03348,0.03349,892.9,764.39
2025-07-25T08:16:31.905485,A-USDT,0.5589,0.5592,506.34,16.11
2025-07-25T08:16:32.198207,ALCH-USDT,0.13748,0.13751,136.55,1530.31
2025-07-25T08:16:32.198257,AIN-USDT,0.15302,0.15327,929.12,1058.24
2025-07-25T08:16:32.198291,AEVO-USDT,0.1044,0.1045,151.18,369.942
2025-07-25T08:16:32.198325,ACH-USDT,0.02161,0.02163,25752.8,17243.1
2025-07-25T08:16:32.198353,ALGO-USDT,0.2576,0.2577,117.22,10.71
2025-07-25T08:16:32.198377,ANIME-USDT,0.01862,0.01865,15074.94,8892.62
2025-07-25T08:16:32.490663,ACE-USDT,0.56,0.563,7158.758,576.269
2025-07-25T08:16:32.490978,AGT-USDT,0.00538,0.00587,2081.0,2708.0
2025-07-25T08:16:32.492513,AERGO-USDT,0.13076,0.13086,162.0,125.0
2025-07-25T08:16:32.492560,AIN-USDT,0.153,0.15324,929.12,1058.24
2025-07-25T08:16:32.492605,ACT-USDT,0.0441,0.0443,258.8,88079.2
2025-07-25T08:16:32.493814,AAVE-USDT,287.18,287.19,0.135,0.1245
2025-07-25T08:16:32.496428,ADA-USDT,0.7978,0.798,10389.57,43.29
2025-07-25T08:16:32.496467,AGLD-USDT,0.767,0.769,8881.586,1.224
2025-07-25T08:16:32.498109,AI16Z-USDT,0.14651,0.14654,408.21,1266.3
2025-07-25T08:16:32.788038,1INCH-USDT,0.273,0.2732,62.19,146.07
2025-07-25T08:16:32.790271,AGT-USDT,0.00538,0.00587,2081.0,2708.0
2025-07-25T08:16:32.790602,AGLD-USDT,0.767,0.769,8881.586,1.224
2025-07-25T08:16:32.792487,AAVE-USDT,287.16,287.17,0.0874,0.0825
2025-07-25T08:16:32.793148,AERO-USDT,0.876,0.877,1165.389,218.959
2025-07-25T08:16:32.794026,AI16Z-USDT,0.14648,0.14652,408.21,1266.3
2025-07-25T08:16:32.794406,AIN-USDT,0.15292,0.15316,929.12,1058.24
2025-07-25T08:16:32.804801,AIXBT-USDT,0.13949,0.13965,53489.16,0.59
2025-07-25T08:16:32.805477,ADA-USDT,0.7978,0.798,10389.57,43.29
2025-07-25T08:16:32.806110,ALT-USDT,0.03346,0.03349,952.5,672.34
2025-07-25T08:16:32.809675,A-USDT,0.5589,0.5592,506.34,16.11
2025-07-25T08:16:33.089829,ACH-USDT,0.02161,0.02163,25752.8,17243.1
2025-07-25T08:16:33.091730,AERGO-USDT,0.13074,0.13085,162.0,125.0
2025-07-25T08:16:33.091774,ACE-USDT,0.56,0.562,294.479,4079.069
2025-07-25T08:16:33.092425,AEVO-USDT,0.1044,0.1045,151.18,369.942
2025-07-25T08:16:33.094808,AIN-USDT,0.1529,0.15314,929.12,1058.24
2025-07-25T08:16:33.101020,ADA-USDT,0.7977,0.7979,10372.73,18.76
2025-07-25T08:16:33.101311,ANIME-USDT,0.01862,0.01864,15074.94,8892.62
2025-07-25T08:16:33.101621,ALGO-USDT,0.2575,0.2577,27543.15,107.1
2025-07-25T08:16:33.104722,ALCH-USDT,0.13748,0.13751,136.55,1530.31
2025-07-25T08:16:33.108982,AIXBT-USDT,0.13944,0.13965,53489.16,0.59
2025-07-25T08:16:33.111715,A-USDT,0.5588,0.5591,506.34,16.11
2025-07-25T08:16:33.393143,ACE-USDT,0.559,0.561,294.479,4079.069
2025-07-25T08:16:33.393181,AIN-USDT,0.15294,0.15317,929.12,1058.24
2025-07-25T08:16:33.393832,ACT-USDT,0.0441,0.0443,258.8,88079.2
2025-07-25T08:16:33.395176,ALCH-USDT,0.13746,0.13749,136.55,1530.31
2025-07-25T08:16:33.398349,AAVE-USDT,287.13,287.14,0.085,0.0886
2025-07-25T08:16:33.398712,AI16Z-USDT,0.14647,0.1465,408.21,1266.3
2025-07-25T08:16:33.399462,ACH-USDT,0.02161,0.02162,25750.7,21866.3
2025-07-25T08:16:33.400858,ALGO-USDT,0.2575,0.2577,27543.15,107.1
2025-07-25T08:16:33.409176,ALT-USDT,0.03345,0.03347,505.15,1171.01
2025-07-25T08:16:33.693141,AERGO-USDT,0.13069,0.13078,162.0,125.0
2025-07-25T08:16:33.694075,1INCH-USDT,0.273,0.2732,62.19,146.07
2025-07-25T08:16:33.695455,AGT-USDT,0.00538,0.00587,2081.0,2708.0
2025-07-25T08:16:33.695492,AERO-USDT,0.876,0.877,1165.389,218.959
2025-07-25T08:16:33.696146,AI16Z-USDT,0.14644,0.14648,408.21,1266.3
2025-07-25T08:16:33.696511,AAVE-USDT,287.1,287.11,0.0917,0.0415
2025-07-25T08:16:33.698418,ADA-USDT,0.7976,0.7978,37.48,16147.47
2025-07-25T08:16:33.698690,AGLD-USDT,0.767,0.769,8881.586,1.224
2025-07-25T08:16:33.706744,ALGO-USDT,0.2574,0.2575,27931.33,107.1
2025-07-25T08:16:33.994050,AEVO-USDT,0.1044,0.1045,151.18,369.942
2025-07-25T08:16:33.995843,AERGO-USDT,0.13062,0.13074,115.0,307.0
2025-07-25T08:16:33.996678,AAVE-USDT,287.06,287.11,0.0418,0.1285
2025-07-25T08:16:33.996716,AI16Z-USDT,0.14641,0.14645,408.21,1266.3
2025-07-25T08:16:33.999021,ALCH-USDT,0.13745,0.13748,136.55,1530.31
2025-07-25T08:16:34.004128,AIXBT-USDT,0.13944,0.13965,53489.16,0.59
2025-07-25T08:16:34.004194,ANIME-USDT,0.01861,0.01863,15074.94,8892.62
2025-07-25T08:16:34.019322,A-USDT,0.5588,0.5591,506.34,16.11
2025-07-25T08:16:34.295731,ACE-USDT,0.559,0.561,294.479,4079.069
2025-07-25T08:16:34.295770,ACT-USDT,0.0441,0.0443,258.8,88079.2
2025-07-25T08:16:34.300867,AIN-USDT,0.15294,0.15317,929.12,1058.24
2025-07-25T08:16:34.301188,ACH-USDT,0.02161,0.02162,25750.7,21866.3
2025-07-25T08:16:34.301255,AI16Z-USDT,0.14645,0.14648,408.21,1266.3
2025-07-25T08:16:34.302254,AEVO-USDT,0.1043,0.1044,68853.023,9926.763
2025-07-25T08:16:34.303481,ADA-USDT,0.7976,0.7978,37.48,16147.47
2025-07-25T08:16:34.304497,AIXBT-USDT,0.13935,0.13955,53489.16,72417.87
2025-07-25T08:16:34.307382,ALT-USDT,0.03345,0.03347,505.15,1171.01
2025-07-25T08:16:34.309329,ALGO-USDT,0.2574,0.2575,27931.33,107.1
2025-07-25T08:16:34.318746,A-USDT,0.5588,0.5591,506.34,16.11
2025-07-25T08:16:34.598274,AERO-USDT,0.876,0.877,1165.389,218.959
2025-07-25T08:16:34.598322,1INCH-USDT,0.273,0.2732,62.19,146.07
2025-07-25T08:16:34.598359,AGT-USDT,0.00538,0.00587,2081.0,2708.0
2025-07-25T08:16:34.598390,AEVO-USDT,0.1043,0.1045,68853.482,9927.222
2025-07-25T08:16:34.600294,AAVE-USDT,287.06,287.07,0.0885,0.0535
2025-07-25T08:16:34.602915,AGLD-USDT,0.767,0.769,8881.586,1.224
2025-07-25T08:16:34.896324,AERGO-USDT,0.13062,0.13074,115.0,307.0
2025-07-25T08:16:34.897372,AI16Z-USDT,0.1464,0.14644,408.21,1266.3
2025-07-25T08:16:34.897410,ACH-USDT,0.02161,0.02162,25750.7,17241.0
2025-07-25T08:16:34.900563,ALCH-USDT,0.13745,0.13748,136.55,1530.31
2025-07-25T08:16:34.901622,AIXBT-USDT,0.1394,0.1396,53489.16,72417.87
2025-07-25T08:16:34.907322,ALGO-USDT,0.2575,0.2577,27543.15,107.1
2025-07-25T08:16:34.911954,ANIME-USDT,0.01861,0.01863,15074.94,8892.62
2025-07-25T08:16:35.200375,ACE-USDT,0.559,0.561,294.479,4079.069
2025-07-25T08:16:35.202122,AIN-USDT,0.15294,0.15317,929.12,1058.24
2025-07-25T08:16:35.202457,AAVE-USDT,287.09,287.11,0.1147,0.1062
2025-07-25T08:16:35.202499,AERGO-USDT,0.13068,0.13079,115.0,307.0
2025-07-25T08:16:35.202869,ACT-USDT,0.0441,0.0443,258.8,88079.2
2025-07-25T08:16:35.212520,ALCH-USDT,0.13745,0.13749,136.55,1530.31
2025-07-25T08:16:35.214971,AIXBT-USDT,0.13944,0.13965,53489.16,0.59
2025-07-25T08:16:35.217566,AEVO-USDT,0.1044,0.1045,344.595,362.615
2025-07-25T08:16:35.221662,ADA-USDT,0.7976,0.7978,37.48,16147.47
2025-07-25T08:16:35.237712,ALT-USDT,0.03345,0.03347,505.15,1171.01
2025-07-25T08:16:35.247371,AI16Z-USDT,0.1465,0.14653,91.77,82.1
2025-07-25T08:16:35.265367,A-USDT,0.5588,0.5591,506.34,16.11
2025-07-25T08:16:35.500591,1INCH-USDT,0.273,0.2732,62.19,146.07
2025-07-25T08:16:35.500638,AERGO-USDT,0.13066,0.13078,115.0,307.0
2025-07-25T08:16:35.503195,AGLD-USDT,0.767,0.769,8881.586,1.224
2025-07-25T08:16:35.503245,AERO-USDT,0.876,0.877,1165.389,218.959
2025-07-25T08:16:35.503284,AAVE-USDT,287.09,287.11,0.1147,0.1062
2025-07-25T08:16:35.503673,AGT-USDT,0.00538,0.00587,2081.0,2708.0
2025-07-25T08:16:35.504151,ALCH-USDT,0.13746,0.1375,136.55,1530.31
2025-07-25T08:16:35.505138,ADA-USDT,0.7976,0.7978,37.48,16147.47
2025-07-25T08:16:35.798846,AGT-USDT,0.00538,0.00587,2081.0,2708.0
2025-07-25T08:16:35.803510,ACH-USDT,0.02161,0.02163,25752.8,21867.3
2025-07-25T08:16:35.804551,ADA-USDT,0.7977,0.7979,13542.21,48.52
2025-07-25T08:16:35.807834,AI16Z-USDT,0.14652,0.14655,91.77,82.1
2025-07-25T08:16:35.808144,ANIME-USDT,0.01861,0.01863,15074.94,8892.62
2025-07-25T08:16:35.809686,ALT-USDT,0.03345,0.03347,505.15,1171.01
2025-07-25T08:16:35.814241,ALGO-USDT,0.2575,0.2577,27543.15,107.1
2025-07-25T08:16:36.099422,ACE-USDT,0.559,0.561,294.479,4079.069
2025-07-25T08:16:36.101917,ACT-USDT,0.0441,0.0443,258.8,88079.2
2025-07-25T08:16:36.102725,AEVO-USDT,0.1044,0.1045,344.595,362.615
2025-07-25T08:16:36.104408,AAVE-USDT,287.14,287.16,0.0973,0.0368
2025-07-25T08:16:36.106109,AIN-USDT,0.15297,0.1532,929.12,1058.24
2025-07-25T08:16:36.110520,ANIME-USDT,0.01861,0.01865,175396.07,35939.61
2025-07-25T08:16:36.110558,AI16Z-USDT,0.14651,0.14655,91.77,82.1
2025-07-25T08:16:36.117983,AIXBT-USDT,0.13959,0.13965,36143.55,0.59
2025-07-25T08:16:36.118020,ADA-USDT,0.7979,0.798,32.18,33.56
2025-07-25T08:16:36.118049,ALT-USDT,0.03346,0.03349,249.84,624.17
2025-07-25T08:16:36.122235,A-USDT,0.5588,0.5591,506.34,16.11
2025-07-25T08:16:36.403148,AERGO-USDT,0.13074,0.13085,115.0,307.0
2025-07-25T08:16:36.404548,1INCH-USDT,0.273,0.2732,62.19,146.07
2025-07-25T08:16:36.404912,AERO-USDT,0.876,0.877,1165.389,218.959
2025-07-25T08:16:36.405211,AAVE-USDT,287.17,287.18,0.0982,0.0928
2025-07-25T08:16:36.406989,ALCH-USDT,0.13743,0.13747,136.55,1530.31
2025-07-25T08:16:36.407463,AI16Z-USDT,0.14653,0.14657,91.77,82.1
2025-07-25T08:16:36.409051,ADA-USDT,0.7979,0.798,32.18,33.56
2025-07-25T08:16:36.409392,AGLD-USDT,0.767,0.769,8881.586,1.224
2025-07-25T08:16:36.424662,A-USDT,0.5589,0.5592,506.34,16.11
2025-07-25T08:16:36.704223,AGT-USDT,0.00538,0.00587,2081.0,2708.0
2025-07-25T08:16:36.707148,ACH-USDT,0.02161,0.02163,25752.8,21867.3
2025-07-25T08:16:36.709083,ANIME-USDT,0.01862,0.01865,175396.07,35939.61
2025-07-25T08:16:36.715510,ALGO-USDT,0.2575,0.2577,27543.15,107.1
2025-07-25T08:16:36.722082,AI16Z-USDT,0.14658,0.14662,91.77,82.1
2025-07-25T08:16:36.723904,AAVE-USDT,287.17,287.18,0.0982,0.0928
2025-07-25T08:16:37.002493,ACE-USDT,0.559,0.561,294.479,4079.069
2025-07-25T08:16:37.006334,ACT-USDT,0.0441,0.0443,258.8,88079.2
2025-07-25T08:16:37.008015,AERO-USDT,0.876,0.878,703.229,218.959
2025-07-25T08:16:37.008166,AIN-USDT,0.15301,0.15324,929.12,1058.24
2025-07-25T08:16:37.009054,AAVE-USDT,287.17,287.18,0.0982,0.0928
2025-07-25T08:16:37.011527,AEVO-USDT,0.1044,0.1046,67895.627,10885.075
2025-07-25T08:16:37.012145,AIXBT-USDT,0.13963,0.13965,36143.55,0.59
2025-07-25T08:16:37.012999,ALT-USDT,0.03348,0.03349,249.84,311.59
2025-07-25T08:16:37.310885,1INCH-USDT,0.273,0.2732,62.19,146.07
2025-07-25T08:16:37.310923,AEVO-USDT,0.1045,0.1046,115.932,208.901
2025-07-25T08:16:37.310951,AGLD-USDT,0.768,0.769,589.409,1.224
2025-07-25T08:16:37.310978,AERGO-USDT,0.13074,0.13085,115.0,307.0
2025-07-25T08:16:37.311867,AAVE-USDT,287.25,287.26,0.0716,0.0031
2025-07-25T08:16:37.316622,ACH-USDT,0.02162,0.02164,21126.5,21866.3
2025-07-25T08:16:37.316661,ADA-USDT,0.798,0.7982,13511.15,19883.14
2025-07-25T08:16:37.316689,AERO-USDT,0.876,0.878,703.359,218.959
2025-07-25T08:16:37.316713,ALCH-USDT,0.13743,0.13747,136.55,1530.31
2025-07-25T08:16:37.320073,ALGO-USDT,0.2576,0.2577,91.25,10.71
2025-07-25T08:16:37.331989,A-USDT,0.5589,0.5592,506.34,16.11
2025-07-25T08:16:37.605430,AERGO-USDT,0.13074,0.13087,115.0,307.0
2025-07-25T08:16:37.608179,ACH-USDT,0.02162,0.02165,21127.5,21866.3
2025-07-25T08:16:37.608933,ANIME-USDT,0.01862,0.01865,175396.07,35939.61
2025-07-25T08:16:37.610746,1INCH-USDT,0.2731,0.2733,62.19,146.07
2025-07-25T08:16:37.611347,AGT-USDT,0.00538,0.00587,2081.0,2708.0
2025-07-25T08:16:37.616192,AI16Z-USDT,0.1466,0.14663,91.77,82.1
2025-07-25T08:16:37.906616,ACE-USDT,0.559,0.561,294.479,4079.069
2025-07-25T08:16:37.906664,ACT-USDT,0.0441,0.0443,258.8,88079.2
2025-07-25T08:16:37.909984,AIN-USDT,0.15301,0.15324,929.12,1058.24
2025-07-25T08:16:37.910108,AI16Z-USDT,0.14662,0.14666,91.77,82.1
2025-07-25T08:16:37.910734,AIXBT-USDT,0.13963,0.13965,36143.55,0.59
2025-07-25T08:16:37.911762,ALT-USDT,0.03348,0.03349,249.84,311.59
2025-07-25T08:16:37.915476,ADA-USDT,0.7981,0.7982,13539.25,0.62
2025-07-25T08:16:37.919328,A-USDT,0.5591,0.5593,506.34,16.11
2025-07-25T08:16:38.211238,AAVE-USDT,287.27,287.29,0.0348,0.0031
2025-07-25T08:16:38.221125,ALCH-USDT,0.13747,0.13751,136.55,1530.31
2025-07-25T08:16:38.221163,AGLD-USDT,0.768,0.769,589.409,1.224
2025-07-25T08:16:38.221227,AEVO-USDT,0.1045,0.1046,115.932,208.901
2025-07-25T08:16:38.221264,AERO-USDT,0.876,0.878,703.359,218.959
2025-07-25T08:16:38.221295,AI16Z-USDT,0.14662,0.14666,91.77,82.1
2025-07-25T08:16:38.221320,ALGO-USDT,0.2576,0.2577,91.25,10.71
2025-07-25T08:16:38.225208,ALT-USDT,0.03348,0.03349,249.84,348.7
2025-07-25T08:16:38.511349,AERGO-USDT,0.13074,0.13087,115.0,307.0
2025-07-25T08:16:38.511569,1INCH-USDT,0.2731,0.2733,62.19,146.07
2025-07-25T08:16:38.511663,ACH-USDT,0.02162,0.02165,21127.5,21866.3
2025-07-25T08:16:38.513547,AGT-USDT,0.00538,0.00587,2081.0,2708.0
2025-07-25T08:16:38.513958,AIN-USDT,0.1531,0.15335,929.12,1058.24
2025-07-25T08:16:38.515415,AI16Z-USDT,0.14662,0.14666,91.77,82.1
2025-07-25T08:16:38.516310,ANIME-USDT,0.01862,0.01865,175396.07,35939.61
2025-07-25T08:16:38.516355,AAVE-USDT,287.27,287.29,0.0348,0.0031
2025-07-25T08:16:38.519692,ADA-USDT,0.7981,0.7982,13539.25,0.62
2025-07-25T08:16:38.812443,ACE-USDT,0.559,0.561,294.479,4079.069
2025-07-25T08:16:38.812478,ACT-USDT,0.0441,0.0443,258.8,88079.2
2025-07-25T08:16:38.812503,AAVE-USDT,287.27,287.29,0.0348,0.0031
2025-07-25T08:16:38.813576,AIXBT-USDT,0.13963,0.13965,36143.55,0.59
2025-07-25T08:16:38.816740,ADA-USDT,0.7981,0.7982,13539.25,0.62
2025-07-25T08:16:38.816777,AGLD-USDT,0.768,0.769,589.493,1.224
2025-07-25T08:16:38.817112,AI16Z-USDT,0.14662,0.14665,91.77,82.1
2025-07-25T08:16:38.818129,ANIME-USDT,0.01862,0.01865,175396.07,35939.61
2025-07-25T08:16:38.826187,A-USDT,0.5591,0.5593,506.34,16.11
2025-07-25T08:16:39.114272,AAVE-USDT,287.3,287.31,0.0624,0.0031
2025-07-25T08:16:39.114314,1INCH-USDT,0.2731,0.2733,62.19,146.07
2025-07-25T08:16:39.114817,AEVO-USDT,0.1044,0.1046,67895.627,9928.138
2025-07-25T08:16:39.115674,AERO-USDT,0.876,0.878,703.359,218.959
2025-07-25T08:16:39.118088,ALCH-USDT,0.13747,0.13751,136.55,1530.31
2025-07-25T08:16:39.120739,AI16Z-USDT,0.14662,0.14665,91.77,82.1
2025-07-25T08:16:39.124200,ALT-USDT,0.03348,0.03349,249.84,348.7
2025-07-25T08:16:39.127468,ALGO-USDT,0.2576,0.2578,31500.79,42.57
2025-07-25T08:16:39.410136,AERGO-USDT,0.13074,0.13087,115.0,307.0
2025-07-25T08:16:39.414009,ACH-USDT,0.02162,0.02165,21127.5,21866.3
2025-07-25T08:16:39.415062,ADA-USDT,0.7981,0.7982,13539.25,0.62
2025-07-25T08:16:39.417900,AGT-USDT,0.00538,0.00587,2081.0,2708.0
2025-07-25T08:16:39.417939,AEVO-USDT,0.1044,0.1045,4091.918,1554.062
2025-07-25T08:16:39.417975,AIN-USDT,0.1531,0.15335,929.12,1058.24
2025-07-25T08:16:39.711453,ACE-USDT,0.559,0.561,294.479,4079.069
2025-07-25T08:16:39.714664,ACT-USDT,0.0441,0.0443,258.8,88079.2
2025-07-25T08:16:39.722058,AGLD-USDT,0.768,0.769,485.999,1.224
2025-07-25T08:16:39.722154,AI16Z-USDT,0.14659,0.14663,91.77,82.1
2025-07-25T08:16:39.722196,AIN-USDT,0.15307,0.15331,929.12,1058.24
2025-07-25T08:16:39.722228,AGT-USDT,0.00538,0.00587,2081.0,2708.0
2025-07-25T08:16:39.724688,ANIME-USDT,0.01862,0.01865,175396.07,35939.61
2025-07-25T08:16:39.725142,AIXBT-USDT,0.13963,0.13965,36143.55,0.59
2025-07-25T08:16:39.728376,AERO-USDT,0.876,0.877,703.229,218.959
2025-07-25T08:16:39.732415,A-USDT,0.5591,0.5593,506.34,16.11
2025-07-25T08:16:40.014810,1INCH-USDT,0.2731,0.2733,62.19,146.07
2025-07-25T08:16:40.016664,AAVE-USDT,287.3,287.31,0.0624,0.0031
2025-07-25T08:16:40.017303,ACH-USDT,0.02162,0.02165,21127.5,21866.3
2025-07-25T08:16:40.024160,AGLD-USDT,0.768,0.769,485.999,1.224
2025-07-25T08:16:40.024198,AIN-USDT,0.15304,0.15328,929.12,1058.24
2025-07-25T08:16:40.024227,ALCH-USDT,0.13747,0.13751,136.55,1530.31
2025-07-25T08:16:40.024252,ADA-USDT,0.7983,0.7984,13541.27,10.9
2025-07-25T08:16:40.026582,AERO-USDT,0.876,0.878,703.359,218.959
2025-07-25T08:16:40.026624,ALT-USDT,0.03348,0.03349,249.84,348.7
2025-07-25T08:16:40.026649,ALGO-USDT,0.2576,0.2578,31500.79,42.57
2025-07-25T08:16:40.072718,A-USDT,0.5591,0.5593,506.34,16.11
2025-07-25T08:16:40.315894,AERGO-USDT,0.13074,0.13087,115.0,307.0
2025-07-25T08:16:40.323030,AERO-USDT,0.876,0.877,703.229,218.959
2025-07-25T08:16:40.323074,AAVE-USDT,287.31,287.34,0.1284,0.0031
2025-07-25T08:16:40.323102,AI16Z-USDT,0.14659,0.14663,91.77,82.1
2025-07-25T08:16:40.323126,ADA-USDT,0.7983,0.7984,13541.27,10.9
2025-07-25T08:16:40.323556,AEVO-USDT,0.1044,0.1045,4091.918,1554.062
2025-07-25T08:16:40.329010,ANIME-USDT,0.01862,0.01865,175396.07,35939.61
2025-07-25T08:16:40.330548,ALGO-USDT,0.2576,0.2578,31500.79,42.57
2025-07-25T08:16:40.332169,ALT-USDT,0.03348,0.03349,249.84,624.26
2025-07-25T08:16:40.615550,ACE-USDT,0.559,0.561,294.479,4079.069
2025-07-25T08:16:40.616098,AGT-USDT,0.00538,0.00587,2081.0,2708.0
2025-07-25T08:16:40.617755,ACT-USDT,0.0441,0.0443,258.8,88079.2
2025-07-25T08:16:40.617821,AIN-USDT,0.15301,0.15326,929.12,1058.24
2025-07-25T08:16:40.618157,AAVE-USDT,287.31,287.34,0.1284,0.0031
2025-07-25T08:16:40.620717,AIXBT-USDT,0.13963,0.13965,36143.55,0.59
2025-07-25T08:16:40.621156,ANIME-USDT,0.01862,0.01866,175396.07,35939.61
2025-07-25T08:16:40.918639,1INCH-USDT,0.2731,0.2733,62.19,146.07
2025-07-25T08:16:40.919616,AIN-USDT,0.15304,0.15318,400.0,529.12
2025-07-25T08:16:40.921844,ACT-USDT,0.0441,0.0443,258.8,88079.2
2025-07-25T08:16:40.922944,ACH-USDT,0.02162,0.02165,21127.5,21866.3
2025-07-25T08:16:40.923448,ALCH-USDT,0.13747,0.13751,136.55,1530.31
2025-07-25T08:16:40.923997,AGLD-USDT,0.768,0.769,485.999,1.224
2025-07-25T08:16:40.926609,ADA-USDT,0.7983,0.7984,13541.27,10.9
2025-07-25T08:16:40.926876,AI16Z-USDT,0.14659,0.14663,91.77,82.1
2025-07-25T08:16:40.928210,ALGO-USDT,0.2576,0.2578,31500.79,42.57
2025-07-25T08:16:40.932746,A-USDT,0.5591,0.5593,506.34,16.11
2025-07-25T08:16:41.216484,AERGO-USDT,0.13074,0.13087,115.0,307.0
2025-07-25T08:16:41.217515,AERO-USDT,0.876,0.877,703.229,218.959
2025-07-25T08:16:41.222841,AEVO-USDT,0.1044,0.1045,4091.918,1554.062
2025-07-25T08:16:41.222888,AAVE-USDT,287.3,287.31,0.0969,0.0031
2025-07-25T08:16:41.223213,ALCH-USDT,0.13747,0.13751,136.55,1530.31
2025-07-25T08:16:41.228618,ALT-USDT,0.03348,0.03349,249.84,624.26
2025-07-25T08:16:41.228845,AI16Z-USDT,0.14659,0.14663,91.77,82.1
2025-07-25T08:16:41.520185,ACE-USDT,0.559,0.561,294.479,4079.069
2025-07-25T08:16:41.521226,AGT-USDT,0.00538,0.00587,2081.0,2708.0
2025-07-25T08:16:41.521464,ACH-USDT,0.02161,0.02163,9290.9,23516.1
2025-07-25T08:16:41.526421,AAVE-USDT,287.3,287.31,0.0969,0.0031
2025-07-25T08:16:41.526460,AIXBT-USDT,0.13963,0.13965,36143.55,0.59
2025-07-25T08:16:41.526483,ANIME-USDT,0.01862,0.01866,175396.07,35939.61
2025-07-25T08:16:41.526504,ADA-USDT,0.7982,0.7983,35.31,41.37
2025-07-25T08:16:41.530948,ALT-USDT,0.03346,0.03349,249.84,624.17
2025-07-25T08:16:41.531298,ALGO-USDT,0.2576,0.2577,31365.74,38.7
2025-07-25T08:16:41.821034,1INCH-USDT,0.2731,0.2733,62.19,146.07
2025-07-25T08:16:41.822751,AIN-USDT,0.15304,0.15318,400.0,529.12
2025-07-25T08:16:41.824996,AGLD-USDT,0.768,0.769,485.999,1.224
2025-07-25T08:16:41.826413,AGT-USDT,0.00538,0.00587,2081.0,2708.0
2025-07-25T08:16:41.827530,ACT-USDT,0.0441,0.0443,258.8,88079.2
2025-07-25T08:16:41.827624,AAVE-USDT,287.27,287.31,0.0694,0.0031
2025-07-25T08:16:41.828538,ADA-USDT,0.7982,0.7983,35.31,41.37
2025-07-25T08:16:41.833497,ALT-USDT,0.03346,0.03349,249.84,624.17
2025-07-25T08:16:41.840308,A-USDT,0.5591,0.5593,506.34,16.11
2025-07-25T08:16:42.119678,AERGO-USDT,0.13074,0.13087,115.0,307.0
2025-07-25T08:16:42.121468,AEVO-USDT,0.1044,0.1045,4091.918,1554.062
2025-07-25T08:16:42.122507,AERO-USDT,0.876,0.877,703.229,218.959
2025-07-25T08:16:42.123708,ALCH-USDT,0.13747,0.13751,136.55,1530.31
2025-07-25T08:16:42.124141,AI16Z-USDT,0.14659,0.14663,91.77,82.1
2025-07-25T08:16:42.130986,ALGO-USDT,0.2576,0.2577,31365.74,38.7
2025-07-25T08:16:42.419976,ACE-USDT,0.559,0.561,294.479,4079.069
2025-07-25T08:16:42.424971,ACT-USDT,0.0442,0.0443,554.0,670.8
2025-07-25T08:16:42.425151,AERO-USDT,0.876,0.878,703.359,218.959
2025-07-25T08:16:42.427125,ACH-USDT,0.02163,0.02165,4665.6,28139.3
2025-07-25T08:16:42.428689,ANIME-USDT,0.01861,0.01864,175396.07,35939.61
2025-07-25T08:16:42.431427,AIXBT-USDT,0.13963,0.13965,36143.55,0.59
2025-07-25T08:16:42.726987,1INCH-USDT,0.2731,0.2733,62.19,146.07
2025-07-25T08:16:42.727030,AAVE-USDT,287.27,287.31,0.0694,0.0031
2025-07-25T08:16:42.727055,AIN-USDT,0.15304,0.15318,400.0,529.12
2025-07-25T08:16:42.727413,ALT-USDT,0.03346,0.03349,249.84,624.17
2025-07-25T08:16:42.728875,ADA-USDT,0.7983,0.7984,13534.6,10.9
2025-07-25T08:16:42.729112,AI16Z-USDT,0.14659,0.14663,91.77,82.1
2025-07-25T08:16:42.732602,AGT-USDT,0.00538,0.00587,2081.0,2708.0
2025-07-25T08:16:42.734164,ANIME-USDT,0.01861,0.01865,175396.07,35939.61
2025-07-25T08:16:42.734206,AGLD-USDT,0.768,0.769,485.999,1.224
2025-07-25T08:16:42.736134,AERO-USDT,0.876,0.878,703.229,210.128
2025-07-25T08:16:42.745624,A-USDT,0.5591,0.5593,506.34,16.11
2025-07-25T08:16:43.023758,AERGO-USDT,0.13074,0.13087,115.0,307.0
2025-07-25T08:16:43.035675,AEVO-USDT,0.1044,0.1045,4091.918,1554.062
2025-07-25T08:16:43.035725,AAVE-USDT,287.27,287.31,0.0694,0.0031
2025-07-25T08:16:43.035763,1INCH-USDT,0.2731,0.2733,62.19,146.07
2025-07-25T08:16:43.035815,AGLD-USDT,0.768,0.769,486.083,1.224
2025-07-25T08:16:43.035850,ALCH-USDT,0.13747,0.13751,136.55,1530.31
2025-07-25T08:16:43.038156,AERO-USDT,0.876,0.877,703.229,218.959
2025-07-25T08:16:43.040202,ANIME-USDT,0.01861,0.01863,175396.07,35939.61
2025-07-25T08:16:43.044388,ALGO-USDT,0.2576,0.2577,31365.74,38.7
2025-07-25T08:16:43.054899,A-USDT,0.5591,0.5593,506.34,16.11
2025-07-25T08:16:43.324709,ACE-USDT,0.559,0.561,294.479,4079.069
2025-07-25T08:16:43.327995,ACH-USDT,0.02163,0.02165,4665.6,28139.3
2025-07-25T08:16:43.328035,AGLD-USDT,0.768,0.769,485.999,1.224
2025-07-25T08:16:43.331097,AI16Z-USDT,0.14661,0.14664,91.77,82.1
2025-07-25T08:16:43.331151,ACT-USDT,0.0442,0.0443,554.0,670.8
2025-07-25T08:16:43.336241,AIXBT-USDT,0.13963,0.13965,36143.55,0.59
2025-07-25T08:16:43.336946,ALGO-USDT,0.2576,0.2578,31460.4,42.57
2025-07-25T08:16:43.625284,ACE-USDT,0.559,0.561,294.479,4079.069
2025-07-25T08:16:43.630599,ADA-USDT,0.7983,0.7984,13534.6,10.9
2025-07-25T08:16:43.631177,AIN-USDT,0.15304,0.15318,400.0,529.12
2025-07-25T08:16:43.632095,AGT-USDT,0.00538,0.00587,2081.0,2708.0
2025-07-25T08:16:43.632327,ALT-USDT,0.03346,0.03349,249.84,624.17
2025-07-25T08:16:43.927324,1INCH-USDT,0.2731,0.2733,62.19,146.07
2025-07-25T08:16:43.927370,AAVE-USDT,287.27,287.31,0.0694,0.0031
2025-07-25T08:16:43.927684,AERO-USDT,0.876,0.877,703.229,218.959
2025-07-25T08:16:43.928028,AERGO-USDT,0.13074,0.13087,115.0,307.0
2025-07-25T08:16:43.930472,AEVO-USDT,0.1044,0.1045,4091.918,1554.062
2025-07-25T08:16:43.932564,ALCH-USDT,0.13748,0.13754,136.55,1530.31
2025-07-25T08:16:43.933378,AIN-USDT,0.15309,0.15324,400.0,529.12
2025-07-25T08:16:43.934646,ANIME-USDT,0.01861,0.01863,175396.07,35939.61
2025-07-25T08:16:43.935133,AGLD-USDT,0.768,0.769,486.083,1.224
2025-07-25T08:16:43.937983,AI16Z-USDT,0.14662,0.14665,91.77,82.1
2025-07-25T08:16:43.944087,ALGO-USDT,0.2576,0.2577,31365.74,38.7
2025-07-25T08:16:43.944125,A-USDT,0.5591,0.5593,506.34,16.11
2025-07-25T08:16:44.225228,ACT-USDT,0.0442,0.0443,554.0,670.8
2025-07-25T08:16:44.227443,ACH-USDT,0.02163,0.02165,4665.6,28139.3
2025-07-25T08:16:44.228248,AIN-USDT,0.15308,0.15322,400.0,529.12
2025-07-25T08:16:44.232557,ALCH-USDT,0.13747,0.13751,136.55,1530.31
2025-07-25T08:16:44.233267,ADA-USDT,0.7983,0.7984,13534.6,10.9
2025-07-25T08:16:44.234063,AIXBT-USDT,0.13963,0.13965,36143.55,0.59
2025-07-25T08:16:44.234135,ANIME-USDT,0.01861,0.01865,175396.07,35939.61
2025-07-25T08:16:44.240241,ALT-USDT,0.03346,0.03349,249.84,624.17
2025-07-25T08:16:44.528574,AGT-USDT,0.00538,0.00587,2081.0,2708.0
2025-07-25T08:16:44.529772,ACE-USDT,0.559,0.561,294.479,4079.069
2025-07-25T08:16:44.532616,AI16Z-USDT,0.14658,0.14666,825.44,1214.99
2025-07-25T08:16:44.533026,AGLD-USDT,0.768,0.769,485.999,1.224
2025-07-25T08:16:44.829678,1INCH-USDT,0.2731,0.2733,62.19,146.07
2025-07-25T08:16:44.832577,AAVE-USDT,287.27,287.31,0.0694,0.0031
2025-07-25T08:16:44.832616,AERO-USDT,0.876,0.877,703.229,218.959
2025-07-25T08:16:44.832872,ACE-USDT,0.559,0.561,294.479,4079.069
2025-07-25T08:16:44.834117,AEVO-USDT,0.1044,0.1045,4091.918,1554.062
2025-07-25T08:16:44.834159,AGT-USDT,0.00538,0.00587,2081.0,2708.0
2025-07-25T08:16:44.834552,AERGO-USDT,0.13074,0.13087,115.0,307.0
2025-07-25T08:16:44.835616,ADA-USDT,0.7985,0.7986,18631.67,2.99
2025-07-25T08:16:44.836500,AIN-USDT,0.15306,0.1532,400.0,529.12
2025-07-25T08:16:44.839598,AI16Z-USDT,0.14658,0.14666,825.44,1214.99
2025-07-25T08:16:44.848299,A-USDT,0.5591,0.5593,506.34,16.11
2025-07-25T08:16:44.853905,ALGO-USDT,0.2576,0.2578,31465.53,42.57
2025-07-25T08:16:45.128984,ACH-USDT,0.02163,0.02165,4665.6,28139.3
2025-07-25T08:16:45.136079,ACT-USDT,0.0442,0.0443,554.0,670.8
2025-07-25T08:16:45.136122,AAVE-USDT,287.27,287.31,0.0694,0.0031
2025-07-25T08:16:45.136146,AERO-USDT,0.876,0.877,703.229,218.959
2025-07-25T08:16:45.143402,AGLD-USDT,0.768,0.769,486.083,1.224
2025-07-25T08:16:45.143442,AI16Z-USDT,0.14657,0.14665,1507.63,533.08
2025-07-25T08:16:45.143471,ALCH-USDT,0.13747,0.13751,136.55,1530.31
2025-07-25T08:16:45.143496,ANIME-USDT,0.01861,0.01865,175396.07,35939.61
2025-07-25T08:16:45.143527,ADA-USDT,0.7985,0.7986,18631.67,2.99
2025-07-25T08:16:45.143559,AIXBT-USDT,0.13963,0.13965,36143.55,0.59
2025-07-25T08:16:45.143589,ALT-USDT,0.03346,0.03349,249.84,624.17
2025-07-25T08:16:45.439877,AAVE-USDT,287.27,287.31,0.0694,0.0031
2025-07-25T08:16:45.439916,AI16Z-USDT,0.14658,0.14667,825.46,1214.99
2025-07-25T08:16:45.730307,AERGO-USDT,0.13074,0.13087,115.0,307.0
2025-07-25T08:16:45.730345,ACE-USDT,0.559,0.561,294.479,4079.069
2025-07-25T08:16:45.732109,AEVO-USDT,0.1044,0.1045,4091.918,1554.062
2025-07-25T08:16:45.732814,AGT-USDT,0.00538,0.00587,2081.0,2708.0
2025-07-25T08:16:45.734582,AIN-USDT,0.15306,0.1532,400.0,529.12
2025-07-25T08:16:45.739033,AGLD-USDT,0.768,0.769,485.999,1.224
2025-07-25T08:16:45.739078,AI16Z-USDT,0.14658,0.14667,825.46,1214.99
2025-07-25T08:16:45.744464,ALGO-USDT,0.2576,0.2578,31465.53,42.57
2025-07-25T08:16:45.744706,1INCH-USDT,0.2731,0.2733,62.19,146.07
2025-07-25T08:16:45.756675,A-USDT,0.5591,0.5593,506.34,16.11
2025-07-25T08:16:46.033812,ACH-USDT,0.02163,0.02165,4665.6,28139.3
2025-07-25T08:16:46.039400,ACT-USDT,0.0442,0.0443,554.0,670.8
2025-07-25T08:16:46.039449,AERO-USDT,0.876,0.877,703.229,218.959
2025-07-25T08:16:46.039479,ADA-USDT,0.7985,0.7986,18631.67,2.99
2025-07-25T08:16:46.039502,AIN-USDT,0.15306,0.1532,400.0,529.12
2025-07-25T08:16:46.039846,AAVE-USDT,287.27,287.31,0.0694,0.0031
2025-07-25T08:16:46.040713,ALCH-USDT,0.13747,0.13751,136.55,1530.31
2025-07-25T08:16:46.040750,ALT-USDT,0.03346,0.03349,249.84,624.17
2025-07-25T08:16:46.041707,AIXBT-USDT,0.13963,0.13965,36143.55,0.59
2025-07-25T08:16:46.043740,ANIME-USDT,0.01862,0.01864,23766.69,10657.74
2025-07-25T08:16:46.338694,ADA-USDT,0.7985,0.7986,18631.67,2.99
2025-07-25T08:16:46.339268,AI16Z-USDT,0.14659,0.14667,1507.63,533.17
2025-07-25T08:16:46.341883,AGLD-USDT,0.768,0.769,486.083,1.224
2025-07-25T08:16:46.633447,AERGO-USDT,0.13074,0.13087,115.0,307.0
2025-07-25T08:16:46.635226,ACE-USDT,0.559,0.561,294.479,4079.069
2025-07-25T08:16:46.636994,1INCH-USDT,0.2731,0.2733,62.19,146.07
2025-07-25T08:16:46.637031,AEVO-USDT,0.1044,0.1045,4091.918,1554.062
2025-07-25T08:16:46.641076,AGLD-USDT,0.768,0.769,485.999,1.224
2025-07-25T08:16:46.641114,AGT-USDT,0.00538,0.00587,2081.0,2708.0
2025-07-25T08:16:46.646199,ALGO-USDT,0.2576,0.2578,31465.53,42.57
2025-07-25T08:16:46.650160,A-USDT,0.5591,0.5593,506.34,16.11
2025-07-25T08:16:46.941645,AERO-USDT,0.876,0.877,703.229,218.959
2025-07-25T08:16:46.941672,AGLD-USDT,0.768,0.769,486.083,1.224
2025-07-25T08:16:46.941693,AEVO-USDT,0.1044,0.1045,4091.918,1554.062
2025-07-25T08:16:46.941712,ACT-USDT,0.0442,0.0443,554.0,670.8
2025-07-25T08:16:46.941731,AAVE-USDT,287.27,287.31,0.0694,0.0031
2025-07-25T08:16:46.946726,AIXBT-USDT,0.13963,0.13965,112269.09,0.59
2025-07-25T08:16:46.946775,ALCH-USDT,0.13744,0.13754,1011.72,1635.91
2025-07-25T08:16:46.946843,ACH-USDT,0.02163,0.02165,4665.6,28139.3
2025-07-25T08:16:46.946884,AIN-USDT,0.15306,0.1532,400.0,529.12
2025-07-25T08:16:46.952136,ALGO-USDT,0.2576,0.2578,31465.53,42.57
2025-07-25T08:16:46.952200,ANIME-USDT,0.01862,0.01865,23766.69,10657.74
2025-07-25T08:16:46.961676,AI16Z-USDT,0.14658,0.14666,1507.63,1214.99
2025-07-25T08:16:46.961712,ALT-USDT,0.03346,0.03349,249.84,624.17
2025-07-25T08:16:46.961746,A-USDT,0.5591,0.5593,506.34,16.11
2025-07-25T08:16:47.238328,ACE-USDT,0.559,0.561,294.479,4079.069
2025-07-25T08:16:47.246194,ADA-USDT,0.7987,0.7988,18658.37,10.0
2025-07-25T08:16:47.246238,ALCH-USDT,0.13742,0.13751,1011.72,1635.91
2025-07-25T08:16:47.539249,1INCH-USDT,0.2731,0.2733,62.19,146.07
2025-07-25T08:16:47.543894,AGT-USDT,0.00538,0.00587,2081.0,2708.0
2025-07-25T08:16:47.543924,AERGO-USDT,0.13074,0.13087,115.0,307.0
2025-07-25T08:16:47.543953,AI16Z-USDT,0.1466,0.14668,1507.63,1214.99
2025-07-25T08:16:47.546949,AERO-USDT,0.876,0.878,1165.519,218.959
2025-07-25T08:16:47.548479,AAVE-USDT,287.27,287.31,0.0694,0.0031
2025-07-25T08:16:47.549251,ALT-USDT,0.03348,0.03349,845.15,823.43
2025-07-25T08:16:47.557057,A-USDT,0.5592,0.5595,1277.19,33.29
2025-07-25T08:16:47.837954,AERGO-USDT,0.13074,0.13087,115.0,307.0
2025-07-25T08:16:47.839936,ACT-USDT,0.0442,0.0443,554.0,670.8
2025-07-25T08:16:47.839973,ACH-USDT,0.02163,0.02165,4665.6,28139.3
2025-07-25T08:16:47.841918,AGT-USDT,0.00538,0.00587,2081.0,2708.0
2025-07-25T08:16:47.842013,AEVO-USDT,0.1044,0.1045,4091.918,1554.062
2025-07-25T08:16:47.842606,AIN-USDT,0.15306,0.1532,400.0,529.12
2025-07-25T08:16:47.843674,AGLD-USDT,0.768,0.769,486.08299999999997,1.224
2025-07-25T08:16:47.846653,ANIME-USDT,0.01862,0.01865,23766.69,10657.74
2025-07-25T08:16:47.846701,AIXBT-USDT,0.13963,0.13965,112269.09,0.59
2025-07-25T08:16:47.846735,ALGO-USDT,0.2576,0.2578,31465.53,42.57
2025-07-25T08:16:47.847664,ADA-USDT,0.7988,0.7989,18656.499999999996,1.16
2025-07-25T08:16:48.139965,ACE-USDT,0.559,0.561,294.479,4079.069
2025-07-25T08:16:48.143595,AAVE-USDT,287.27,287.31,0.0694,0.0031
2025-07-25T08:16:48.144151,AERO-USDT,0.876,0.878,1165.3890000000001,218.959
2025-07-25T08:16:48.144741,ALCH-USDT,0.13742,0.13751,1011.72,1635.91
2025-07-25T08:16:48.149354,ADA-USDT,0.7988,0.7989,18656.499999999996,1.16
2025-07-25T08:16:48.150016,AGLD-USDT,0.768,0.769,486.08299999999997,1.224
2025-07-25T08:16:48.153075,AI16Z-USDT,0.14663,0.14672,825.69,1214.99
2025-07-25T08:16:48.450454,1INCH-USDT,0.2731,0.2733,62.19,146.07
2025-07-25T08:16:48.450496,AI16Z-USDT,0.14664,0.14673,825.74,1214.99
2025-07-25T08:16:48.450528,AERO-USDT,0.876,0.878,1165.519,210.128
2025-07-25T08:16:48.450550,AAVE-USDT,287.27,287.31,0.0694,0.0031
2025-07-25T08:16:48.451677,ADA-USDT,0.7988,0.7989,18656.499999999996,1.16
2025-07-25T08:16:48.458113,A-USDT,0.5592,0.5595,1277.19,33.29
2025-07-25T08:16:48.458133,ALT-USDT,0.03348,0.03349,845.15,823.43
2025-07-25T08:16:48.742374,AERGO-USDT,0.13074,0.13087,115.0,307.0
2025-07-25T08:16:48.743095,ACT-USDT,0.0442,0.0443,554.0,670.8
2025-07-25T08:16:48.743605,AEVO-USDT,0.1044,0.1045,4091.918,1554.062
2025-07-25T08:16:48.744585,AIN-USDT,0.15306,0.1532,400.0,529.12
2025-07-25T08:16:48.745429,1INCH-USDT,0.2732,0.2734,1599.02,33.03
2025-07-25T08:16:48.746544,ACH-USDT,0.02163,0.02165,4665.6,28139.3
2025-07-25T08:16:48.746987,AGT-USDT,0.00538,0.00587,2081.0,2708.0
2025-07-25T08:16:48.752740,AIXBT-USDT,0.13963,0.13965,112269.09,0.59
2025-07-25T08:16:48.752801,ANIME-USDT,0.01862,0.01865,23766.69,10657.74
2025-07-25T08:16:48.752831,ALGO-USDT,0.2576,0.2578,31465.53,42.57
2025-07-25T08:16:48.752857,ADA-USDT,0.7988,0.7989,18656.499999999996,1.16
2025-07-25T08:16:49.042924,ACE-USDT,0.559,0.561,294.479,4079.069
2025-07-25T08:16:49.045490,ACT-USDT,0.0442,0.0443,554.0,670.8
2025-07-25T08:16:49.046606,AGLD-USDT,0.768,0.769,486.08299999999997,1.224
2025-07-25T08:16:49.047695,ALCH-USDT,0.13739,0.13748,1011.72,1635.91
2025-07-25T08:16:49.050098,ALT-USDT,0.03348,0.0335,27871.47,821.08
2025-07-25T08:16:49.051558,ADA-USDT,0.799,0.7991,18661.33,0.48
2025-07-25T08:16:49.059942,ANIME-USDT,0.01862,0.01866,23766.69,10657.74
2025-07-25T08:16:49.346877,AAVE-USDT,287.35,287.36,0.1303,0.0843
2025-07-25T08:16:49.348136,AI16Z-USDT,0.14666,0.14675,1507.63,1523.96
2025-07-25T08:16:49.348665,1INCH-USDT,0.2733,0.2735,112.86,33.03
2025-07-25T08:16:49.350174,AERO-USDT,0.876,0.878,1165.519,210.128
2025-07-25T08:16:49.350660,ALCH-USDT,0.13741,0.1375,1011.72,1635.91
2025-07-25T08:16:49.352586,ADA-USDT,0.799,0.7991,18661.33,0.48
2025-07-25T08:16:49.359401,A-USDT,0.5594,0.5597,706.41,369.45
2025-07-25T08:16:49.647158,ACH-USDT,0.02163,0.02165,8955.599999999999,11167.4
2025-07-25T08:16:49.648990,AAVE-USDT,287.37,287.38,0.0693,0.1381
2025-07-25T08:16:49.656075,AERGO-USDT,0.13075,0.13089,202.0,125.0
2025-07-25T08:16:49.656114,ACE-USDT,0.56,0.563,7499.138,53.37
2025-07-25T08:16:49.656693,AIN-USDT,0.1531,0.15324,400.0,529.12
2025-07-25T08:16:49.658452,AGT-USDT,0.00538,0.00587,2081.0,2708.0
2025-07-25T08:16:49.659609,AI16Z-USDT,0.14668,0.14676,1507.63,1214.99
2025-07-25T08:16:49.665047,ALCH-USDT,0.13742,0.13751,1011.72,1635.91
2025-07-25T08:16:49.670991,AIXBT-USDT,0.13963,0.13965,112269.09,0.59
2025-07-25T08:16:49.685908,ADA-USDT,0.799,0.7991,18661.33,0.48
2025-07-25T08:16:49.689579,AEVO-USDT,0.1044,0.1045,4091.918,1554.062
2025-07-25T08:16:49.697456,ALGO-USDT,0.2578,0.258,101.33,122.75999999999999
2025-07-25T08:16:49.962332,ACT-USDT,0.0442,0.0443,554.0,670.8
2025-07-25T08:16:49.962372,AAVE-USDT,287.39,287.41,0.0354,0.0861
2025-07-25T08:16:49.962401,AGLD-USDT,0.768,0.769,486.08299999999997,1.224
2025-07-25T08:16:49.962433,AI16Z-USDT,0.14671,0.1468,1507.63,1214.99
2025-07-25T08:16:49.962465,ALT-USDT,0.03348,0.0335,27871.47,821.08
2025-07-25T08:16:49.962491,ANIME-USDT,0.01862,0.01866,23766.69,10657.74
2025-07-25T08:16:49.962529,ADA-USDT,0.7993,0.7994,37.18,19.37
2025-07-25T08:16:49.962560,ALGO-USDT,0.2578,0.258,101.33,122.75999999999999
2025-07-25T08:16:50.247878,1INCH-USDT,0.2733,0.2735,112.86,33.03
2025-07-25T08:16:50.249216,AAVE-USDT,287.42,287.43,0.1333,0.0383
2025-07-25T08:16:50.249980,ALCH-USDT,0.13742,0.13751,1011.72,1635.91
2025-07-25T08:16:50.250635,AIN-USDT,0.15308,0.15331,400.0,1058.24
2025-07-25T08:16:50.251766,AERO-USDT,0.876,0.878,1165.519,210.128
2025-07-25T08:16:50.253630,ADA-USDT,0.7993,0.7994,37.18,19.37
2025-07-25T08:16:50.265642,A-USDT,0.5594,0.5597,706.41,369.45
2025-07-25T08:16:50.544864,AERGO-USDT,0.13075,0.13089,202.0,125.0
2025-07-25T08:16:50.548667,ACE-USDT,0.56,0.563,7499.138,53.37
2025-07-25T08:16:50.548703,AGT-USDT,0.00538,0.00587,2081.0,2708.0
2025-07-25T08:16:50.548732,ACH-USDT,0.02163,0.02165,8955.599999999999,11167.4
2025-07-25T08:16:50.549131,AEVO-USDT,0.1044,0.1045,4091.918,1554.062
2025-07-25T08:16:50.553074,AI16Z-USDT,0.14672,0.1468,1507.63,1214.99
2025-07-25T08:16:50.553822,AIN-USDT,0.15314,0.15338,400.0,1058.24
2025-07-25T08:16:50.554209,AIXBT-USDT,0.13963,0.13965,112269.09,0.59
2025-07-25T08:16:50.848653,AERGO-USDT,0.13077,0.13091,202.0,125.0
2025-07-25T08:16:50.848692,ACT-USDT,0.0442,0.0443,554.0,670.8
2025-07-25T08:16:50.848911,AGLD-USDT,0.768,0.769,486.08299999999997,1.224
2025-07-25T08:16:50.851243,AGT-USDT,0.00538,0.00587,2081.0,2708.0
2025-07-25T08:16:50.852523,AI16Z-USDT,0.14676,0.14684,1539.04,1214.99
2025-07-25T08:16:50.856040,ANIME-USDT,0.01863,0.01866,23766.69,10657.74
2025-07-25T08:16:50.859991,ALT-USDT,0.0335,0.03352,689.33,12042.990000000002
2025-07-25T08:16:50.860031,ALGO-USDT,0.2578,0.258,101.33,122.75999999999999
2025-07-25T08:16:51.150328,1INCH-USDT,0.2733,0.2735,112.86,33.03
2025-07-25T08:16:51.154068,AAVE-USDT,287.42,287.43,0.1333,0.0383
2025-07-25T08:16:51.154158,AI16Z-USDT,0.14676,0.14684,1539.04,1214.99
2025-07-25T08:16:51.154723,ADA-USDT,0.7993,0.7994,37.18,19.37
2025-07-25T08:16:51.158937,ALCH-USDT,0.13742,0.13751,1011.72,1635.91
2025-07-25T08:16:51.160478,AIN-USDT,0.15312,0.15336,400.0,1058.24
2025-07-25T08:16:51.161091,AERO-USDT,0.876,0.878,1165.519,210.128
2025-07-25T08:16:51.163069,ALGO-USDT,0.2578,0.258,101.33,122.75999999999999
2025-07-25T08:16:51.171002,A-USDT,0.5594,0.5597,706.41,369.45
2025-07-25T08:16:51.451305,ACH-USDT,0.02163,0.02165,8955.599999999999,11167.4
2025-07-25T08:16:51.452951,ACE-USDT,0.56,0.563,7499.138,53.37
2025-07-25T08:16:51.454018,AAVE-USDT,287.42,287.43,0.1333,0.0383
2025-07-25T08:16:51.454276,AEVO-USDT,0.1044,0.1045,4091.918,1554.062
2025-07-25T08:16:51.457081,ADA-USDT,0.7993,0.7994,37.18,19.37
2025-07-25T08:16:51.458328,AI16Z-USDT,0.14678,0.14687,1507.63,1214.99
2025-07-25T08:16:51.460071,AIXBT-USDT,0.13963,0.13965,112269.09,0.59
2025-07-25T08:16:51.460293,ANIME-USDT,0.01863,0.01866,23766.69,10657.74
2025-07-25T08:16:51.752545,ACT-USDT,0.0442,0.0443,554.0,670.8
2025-07-25T08:16:51.752996,AGLD-USDT,0.768,0.769,486.08299999999997,1.224
2025-07-25T08:16:51.753172,AERGO-USDT,0.13079,0.13092,202.0,125.0
2025-07-25T08:16:51.757376,AGT-USDT,0.00538,0.00587,2081.0,2708.0
2025-07-25T08:16:51.758062,ADA-USDT,0.7993,0.7994,37.18,19.37
2025-07-25T08:16:51.758110,AIN-USDT,0.15308,0.15332,400.0,1058.24
2025-07-25T08:16:51.759616,AI16Z-USDT,0.1468,0.14688,1507.63,1214.99
2025-07-25T08:16:51.763304,ALT-USDT,0.0335,0.03352,689.33,12042.990000000002
2025-07-25T08:16:52.054574,ALCH-USDT,0.13742,0.13751,1011.72,1635.91
2025-07-25T08:16:52.055590,1INCH-USDT,0.2733,0.2735,112.86,33.03
2025-07-25T08:16:52.055849,AI16Z-USDT,0.14676,0.14684,1533.9499999999998,1214.99
2025-07-25T08:16:52.056110,AAVE-USDT,287.42,287.43,0.1333,0.0383
2025-07-25T08:16:52.058166,ALGO-USDT,0.2578,0.258,101.33,122.75999999999999
2025-07-25T08:16:52.060471,AERO-USDT,0.876,0.878,1165.519,210.128
2025-07-25T08:16:52.073215,A-USDT,0.5594,0.5597,706.41,369.45
2025-07-25T08:16:52.352537,ACE-USDT,0.56,0.563,7499.138,53.37
2025-07-25T08:16:52.352576,ACH-USDT,0.02163,0.02165,8955.599999999999,11167.4
2025-07-25T08:16:52.354414,AEVO-USDT,0.1044,0.1045,4091.918,1554.062
2025-07-25T08:16:52.357331,AIXBT-USDT,0.13963,0.13965,112269.09,0.59
2025-07-25T08:16:52.361144,ANIME-USDT,0.01863,0.01866,23766.69,10657.74
2025-07-25T08:16:52.361915,ALT-USDT,0.0335,0.03352,689.33,12042.990000000002
2025-07-25T08:16:52.361953,ADA-USDT,0.7993,0.7994,37.18,19.37
2025-07-25T08:16:52.657737,1INCH-USDT,0.2734,0.2736,112.86,33.03
2025-07-25T08:16:52.659882,AAVE-USDT,287.42,287.43,0.1333,0.0383
2025-07-25T08:16:52.661097,AERGO-USDT,0.13079,0.13092,202.0,125.0
2025-07-25T08:16:52.665420,ACT-USDT,0.0442,0.0443,554.0,670.8
2025-07-25T08:16:52.665464,AIN-USDT,0.15309,0.15334,400.0,1058.24
2025-07-25T08:16:52.677213,ADA-USDT,0.7993,0.7994,37.18,19.37
2025-07-25T08:16:52.677281,AGLD-USDT,0.768,0.769,486.08299999999997,1.224
2025-07-25T08:16:52.677328,AI16Z-USDT,0.14678,0.14686,1507.63,1214.99
2025-07-25T08:16:52.677375,AGT-USDT,0.00538,0.00587,2081.0,2708.0
2025-07-25T08:16:52.677426,AIXBT-USDT,0.13989,0.14001,25614.45,27129.24
2025-07-25T08:16:52.685532,ANIME-USDT,0.01863,0.01867,23766.69,10657.74
2025-07-25T08:16:52.956815,AIN-USDT,0.15319,0.15343,400.0,1058.24
2025-07-25T08:16:52.961204,AAVE-USDT,287.43,287.45,0.0699,0.0497
2025-07-25T08:16:52.961241,AGLD-USDT,0.768,0.769,486.08299999999997,1.224
2025-07-25T08:16:52.961270,ALCH-USDT,0.13739,0.13747,1011.72,1635.91
2025-07-25T08:16:52.961311,AERO-USDT,0.876,0.878,1165.519,210.128
2025-07-25T08:16:52.962261,ADA-USDT,0.7994,0.7995,18644.52,14.42
2025-07-25T08:16:52.965502,ALGO-USDT,0.2579,0.258,47.86,11.16
2025-07-25T08:16:52.965544,AIXBT-USDT,0.13989,0.14001,25614.45,27129.24
2025-07-25T08:16:52.986380,A-USDT,0.5594,0.5597,706.41,369.45
2025-07-25T08:16:53.255254,ACH-USDT,0.02163,0.02165,8955.599999999999,11167.4
2025-07-25T08:16:53.257041,ACE-USDT,0.56,0.563,7499.138,53.37
2025-07-25T08:16:53.258026,AAVE-USDT,287.45,287.46,0.1386,0.0819
2025-07-25T08:16:53.259171,ALCH-USDT,0.13742,0.13751,1011.72,1635.91
2025-07-25T08:16:53.261729,AEVO-USDT,0.1045,0.1046,356.864,17.437
2025-07-25T08:16:53.268181,AI16Z-USDT,0.1468,0.14689,1507.63,1214.99
2025-07-25T08:16:53.268218,ALT-USDT,0.0335,0.03352,689.33,12042.990000000002
2025-07-25T08:16:53.268246,ADA-USDT,0.7994,0.7995,18644.52,14.42
2025-07-25T08:16:53.268290,AIN-USDT,0.15316,0.15341,400.0,1058.24
2025-07-25T08:16:53.268317,ANIME-USDT,0.01863,0.01866,23766.69,10657.74
2025-07-25T08:16:53.273208,A-USDT,0.5596,0.5599,706.41,369.45
2025-07-25T08:16:53.557768,AERGO-USDT,0.13079,0.13092,202.0,125.0
2025-07-25T08:16:53.559006,1INCH-USDT,0.2734,0.2736,112.86,33.03
2025-07-25T08:16:53.561457,AEVO-USDT,0.1045,0.1046,356.864,17.437
2025-07-25T08:16:53.563262,ACT-USDT,0.0442,0.0443,554.0,670.8
2025-07-25T08:16:53.572453,AGT-USDT,0.00538,0.00587,2081.0,2708.0
2025-07-25T08:16:53.573561,AI16Z-USDT,0.14684,0.14692,1507.63,1214.99
2025-07-25T08:16:53.856287,AERGO-USDT,0.13081,0.13095,415.0,77.0
2025-07-25T08:16:53.859345,AGLD-USDT,0.768,0.769,486.08299999999997,1.224
2025-07-25T08:16:53.860465,AERO-USDT,0.876,0.878,1165.519,210.128
2025-07-25T08:16:53.860760,AI16Z-USDT,0.14685,0.14694,826.71,1214.99
2025-07-25T08:16:53.860994,AGT-USDT,0.00538,0.00587,2081.0,2708.0
2025-07-25T08:16:53.863640,ALGO-USDT,0.2579,0.258,47.86,11.16
2025-07-25T08:16:53.864346,ADA-USDT,0.7994,0.7995,18644.52,14.42
2025-07-25T08:16:53.864385,AIXBT-USDT,0.13989,0.14001,25614.45,27129.24
2025-07-25T08:16:54.159565,ACH-USDT,0.02163,0.02165,8955.599999999999,11167.4
2025-07-25T08:16:54.159604,ALCH-USDT,0.13742,0.13751,1011.72,1635.91
2025-07-25T08:16:54.163574,AAVE-USDT,287.45,287.46,0.1386,0.0819
2025-07-25T08:16:54.163615,AIN-USDT,0.15316,0.15341,400.0,1058.24
2025-07-25T08:16:54.163645,AERGO-USDT,0.13082,0.13096,415.0,77.0
2025-07-25T08:16:54.163677,ANIME-USDT,0.01863,0.01867,23766.69,10657.74
2025-07-25T08:16:54.165079,ALT-USDT,0.03351,0.03353,614.18,2808.34
2025-07-25T08:16:54.165124,ACE-USDT,0.56,0.563,7499.138,53.37
2025-07-25T08:16:54.172988,A-USDT,0.5596,0.5599,706.41,369.45
2025-07-25T08:16:54.460648,1INCH-USDT,0.2734,0.2736,112.86,33.03
2025-07-25T08:16:54.463125,AERGO-USDT,0.13085,0.13099,415.0,77.0
2025-07-25T08:16:54.463475,ACT-USDT,0.0442,0.0443,554.0,670.8
2025-07-25T08:16:54.464897,AAVE-USDT,287.45,287.46,0.1386,0.0819
2025-07-25T08:16:54.464934,AEVO-USDT,0.1045,0.1046,356.864,17.437
2025-07-25T08:16:54.470961,ADA-USDT,0.7994,0.7995,18644.52,14.42
2025-07-25T08:16:54.474567,ALT-USDT,0.03351,0.03353,614.18,2808.34
2025-07-25T08:16:54.759975,AERGO-USDT,0.13085,0.13099,415.0,77.0
2025-07-25T08:16:54.762676,AERO-USDT,0.876,0.878,1165.519,210.128
2025-07-25T08:16:54.762729,AGLD-USDT,0.768,0.769,486.08299999999997,1.224
2025-07-25T08:16:54.762767,AGT-USDT,0.00538,0.00587,2081.0,2708.0
2025-07-25T08:16:54.762815,AI16Z-USDT,0.14685,0.14694,826.71,1214.99
2025-07-25T08:16:54.764881,ALGO-USDT,0.2579,0.258,47.86,11.16
2025-07-25T08:16:54.765290,AIXBT-USDT,0.13989,0.14001,25614.45,27129.24
2025-07-25T08:16:55.064207,ACE-USDT,0.56,0.563,7499.138,53.37
2025-07-25T08:16:55.064245,AERGO-USDT,0.13086,0.131,415.0,77.0
2025-07-25T08:16:55.064959,AIN-USDT,0.15316,0.15341,400.0,1058.24
2025-07-25T08:16:55.064996,ALCH-USDT,0.13742,0.13751,1011.72,1635.91
2025-07-25T08:16:55.067518,1INCH-USDT,0.2735,0.2737,112.86,33.03
2025-07-25T08:16:55.067559,AAVE-USDT,287.45,287.46,0.1386,0.0819
2025-07-25T08:16:55.067583,AI16Z-USDT,0.14685,0.14696,1360.7800000000002,1214.99
2025-07-25T08:16:55.069006,ACH-USDT,0.02163,0.02165,8955.599999999999,11167.4
2025-07-25T08:16:55.069927,ANIME-USDT,0.01863,0.01867,23766.69,10657.74
2025-07-25T08:16:55.078021,A-USDT,0.5596,0.5599,706.41,369.45
2025-07-25T08:16:55.369447,ACT-USDT,0.0442,0.0443,554.0,670.8
2025-07-25T08:16:55.369485,AEVO-USDT,0.1045,0.1046,356.864,17.437
2025-07-25T08:16:55.369514,ADA-USDT,0.7994,0.7995,18644.52,14.42
2025-07-25T08:16:55.369556,AI16Z-USDT,0.14685,0.14694,1360.74,1214.99
2025-07-25T08:16:55.372402,ALT-USDT,0.03351,0.03353,614.18,2808.34
2025-07-25T08:16:55.663328,AGLD-USDT,0.768,0.769,486.08299999999997,1.224
2025-07-25T08:16:55.666094,AIN-USDT,0.15323,0.15347,400.0,1058.24
2025-07-25T08:16:55.666422,AGT-USDT,0.00538,0.00587,2081.0,2708.0
2025-07-25T08:16:55.666928,AERO-USDT,0.876,0.878,1165.519,210.128
2025-07-25T08:16:55.669280,AI16Z-USDT,0.14684,0.14694,1214.99,1214.99
2025-07-25T08:16:55.670553,AIXBT-USDT,0.13989,0.14001,25614.45,27129.24
2025-07-25T08:16:55.671256,ADA-USDT,0.7994,0.7995,18644.52,14.42
2025-07-25T08:16:55.671291,ALGO-USDT,0.2579,0.258,47.86,11.16
2025-07-25T08:16:55.675162,ALT-USDT,0.03351,0.03353,614.18,2808.34
2025-07-25T08:16:55.964525,ACE-USDT,0.56,0.563,7499.138,53.37
2025-07-25T08:16:55.966631,1INCH-USDT,0.2735,0.2737,112.86,33.03
2025-07-25T08:16:55.968052,AAVE-USDT,287.45,287.46,0.1386,0.0819
2025-07-25T08:16:55.969909,AIXBT-USDT,0.13985,0.13995,24949.17,20546.09
2025-07-25T08:16:55.971051,AIN-USDT,0.15323,0.15347,400.0,1058.24
2025-07-25T08:16:55.972920,ANIME-USDT,0.01863,0.01867,23766.69,10657.74
2025-07-25T08:16:55.973820,AERGO-USDT,0.13085,0.13099,415.0,77.0
2025-07-25T08:16:55.974890,ACH-USDT,0.02163,0.02165,8955.599999999999,11167.4
2025-07-25T08:16:55.976320,AGLD-USDT,0.768,0.769,486.08299999999997,1.224
2025-07-25T08:16:55.976359,ALCH-USDT,0.13741,0.13755,400.0,3438.31
2025-07-25T08:16:55.984219,A-USDT,0.5596,0.5599,706.41,369.45
2025-07-25T08:16:56.265692,ACT-USDT,0.0442,0.0443,554.0,670.8
2025-07-25T08:16:56.266902,AEVO-USDT,0.1045,0.1046,356.864,17.437
2025-07-25T08:16:56.271950,ADA-USDT,0.7994,0.7995,18644.52,14.42
2025-07-25T08:16:56.278366,AI16Z-USDT,0.14684,0.14694,1214.99,1214.99
2025-07-25T08:16:56.566993,AIN-USDT,0.15325,0.1535,400.0,1058.24
2025-07-25T08:16:56.568983,ACH-USDT,0.02163,0.02165,8955.599999999999,11167.4
2025-07-25T08:16:56.573306,ALT-USDT,0.03351,0.03353,614.18,2808.34
2025-07-25T08:16:56.573655,AEVO-USDT,0.1045,0.1046,356.864,17.437
2025-07-25T08:16:56.573705,AGT-USDT,0.00538,0.00587,2081.0,2708.0
2025-07-25T08:16:56.574469,AERO-USDT,0.876,0.878,1165.519,210.128
2025-07-25T08:16:56.574775,ADA-USDT,0.7994,0.7995,18644.52,14.42
2025-07-25T08:16:56.575729,ALGO-USDT,0.2579,0.258,47.86,11.16
2025-07-25T08:16:56.583532,AIXBT-USDT,0.13989,0.14001,24949.17,20546.09
2025-07-25T08:16:56.868521,1INCH-USDT,0.2735,0.2737,112.86,33.03
2025-07-25T08:16:56.869517,ACE-USDT,0.56,0.563,7499.138,53.37
2025-07-25T08:16:56.871653,AGT-USDT,0.00538,0.00587,2081.0,2708.0
2025-07-25T08:16:56.871697,ACH-USDT,0.02164,0.02167,8580.9,11165.3
2025-07-25T08:16:56.872247,AIN-USDT,0.15328,0.15352,400.0,1058.24
2025-07-25T08:16:56.872649,ALCH-USDT,0.13741,0.13755,400.0,3438.31
2025-07-25T08:16:56.872695,AGLD-USDT,0.768,0.769,486.08299999999997,1.224
2025-07-25T08:16:56.874256,AERGO-USDT,0.13086,0.13101,415.0,77.0
2025-07-25T08:16:56.874293,AAVE-USDT,287.48,287.5,0.0776,0.0446
2025-07-25T08:16:56.874322,AEVO-USDT,0.1045,0.1046,356.864,17.437
2025-07-25T08:16:56.875447,AI16Z-USDT,0.14686,0.14696,1214.99,1214.99
2025-07-25T08:16:56.881429,ANIME-USDT,0.01863,0.01866,11499.6,166674.82
2025-07-25T08:16:56.881587,ADA-USDT,0.7996,0.7997,16194.75,6.75
2025-07-25T08:16:56.887939,A-USDT,0.5596,0.5599,706.41,369.45
2025-07-25T08:16:57.170212,ACT-USDT,0.0442,0.0443,554.0,670.8
2025-07-25T08:16:57.173648,ADA-USDT,0.7996,0.7997,16194.75,6.75
2025-07-25T08:16:57.184108,AI16Z-USDT,0.14686,0.14697,1068.22,534.54
2025-07-25T08:16:57.189052,ANIME-USDT,0.01864,0.01866,11499.6,166674.82
2025-07-25T08:16:57.475576,AERO-USDT,0.876,0.878,1165.519,210.128
2025-07-25T08:16:57.475623,AIXBT-USDT,0.13989,0.14001,24949.17,20546.09
2025-07-25T08:16:57.475657,AAVE-USDT,287.48,287.5,0.0776,0.0446
2025-07-25T08:16:57.476704,ADA-USDT,0.7996,0.7997,16194.75,6.75
2025-07-25T08:16:57.476742,AI16Z-USDT,0.14685,0.14695,1214.99,1214.99
2025-07-25T08:16:57.478210,ANIME-USDT,0.01864,0.01866,11499.6,166674.82
2025-07-25T08:16:57.478984,ALT-USDT,0.03351,0.03353,614.18,2808.34
2025-07-25T08:16:57.482016,ALGO-USDT,0.2579,0.258,47.86,11.16
2025-07-25T08:16:57.485144,A-USDT,0.5596,0.5599,706.41,369.45
2025-07-25T08:16:57.772384,1INCH-USDT,0.2735,0.2737,112.86,33.03
2025-07-25T08:16:57.774842,AERGO-USDT,0.13086,0.13101,415.0,77.0
2025-07-25T08:16:57.774903,ACH-USDT,0.02164,0.02167,8580.9,11165.3
2025-07-25T08:16:57.778123,ACE-USDT,0.56,0.563,7499.138,53.37
2025-07-25T08:16:57.778173,AEVO-USDT,0.1045,0.1046,356.864,17.437
2025-07-25T08:16:57.778210,AAVE-USDT,287.56,287.58,0.0897,0.0031
2025-07-25T08:16:57.778243,AIN-USDT,0.15328,0.15352,400.0,1058.24
2025-07-25T08:16:57.778647,ADA-USDT,0.7996,0.7997,16194.75,6.75
2025-07-25T08:16:57.778968,ALCH-USDT,0.13755,0.1377,400.0,3438.31
2025-07-25T08:16:57.782166,AGT-USDT,0.00538,0.00587,2081.0,2708.0
2025-07-25T08:16:57.782206,ANIME-USDT,0.01864,0.01867,11499.6,166674.82
2025-07-25T08:16:57.784123,AGLD-USDT,0.769,0.77,356.129,0.411
2025-07-25T08:16:57.785984,AI16Z-USDT,0.14687,0.14697,1214.99,1214.9899999999998
2025-07-25T08:16:57.794374,ALGO-USDT,0.2581,0.2582,91.51,11.16
2025-07-25T08:16:57.794414,A-USDT,0.5598,0.5601,706.41,369.45
2025-07-25T08:16:58.076942,AERGO-USDT,0.1309,0.13104,415.0,77.0
2025-07-25T08:16:58.076991,ACT-USDT,0.0442,0.0443,554.0,670.8
2025-07-25T08:16:58.077024,AGLD-USDT,0.769,0.77,356.129,0.411
2025-07-25T08:16:58.077050,1INCH-USDT,0.2736,0.2738,112.86,1.07
2025-07-25T08:16:58.077800,ANIME-USDT,0.01864,0.01866,11499.6,166674.82
2025-07-25T08:16:58.077848,AI16Z-USDT,0.14687,0.14697,1214.99,1214.9899999999998
2025-07-25T08:16:58.079233,ALCH-USDT,0.13754,0.13768,400.0,3438.31
2025-07-25T08:16:58.079858,ALT-USDT,0.03352,0.03353,340.94,322.54
2025-07-25T08:16:58.375955,AI16Z-USDT,0.14689,0.14699,1214.99,1214.99
2025-07-25T08:16:58.379565,ALCH-USDT,0.13753,0.13767,400.0,3438.31
2025-07-25T08:16:58.379609,AIXBT-USDT,0.13989,0.14001,24949.17,20546.09
2025-07-25T08:16:58.379958,AERO-USDT,0.876,0.878,1165.519,210.128
2025-07-25T08:16:58.674279,AAVE-USDT,287.56,287.58,0.0897,0.0031
2025-07-25T08:16:58.674608,ACE-USDT,0.56,0.563,7499.138,53.37
2025-07-25T08:16:58.675009,AGT-USDT,0.00538,0.00587,2081.0,2708.0
2025-07-25T08:16:58.676671,AEVO-USDT,0.1045,0.1046,356.864,17.437
2025-07-25T08:16:58.677190,ALCH-USDT,0.1375,0.13765,400.0,3438.31
2025-07-25T08:16:58.677228,AIN-USDT,0.15328,0.15352,400.0,1058.24
2025-07-25T08:16:58.677480,ACH-USDT,0.02164,0.02167,8580.9,11165.3
2025-07-25T08:16:58.681330,AI16Z-USDT,0.1469,0.147,534.28,1214.99
2025-07-25T08:16:58.682850,ADA-USDT,0.7996,0.7997,16175.8,6.75
2025-07-25T08:16:58.684897,ALGO-USDT,0.2581,0.2582,91.51,11.16
2025-07-25T08:16:58.689428,A-USDT,0.5598,0.5601,706.41,369.45
2025-07-25T08:16:58.975360,AERGO-USDT,0.1309,0.13104,415.0,77.0
2025-07-25T08:16:58.976057,ACT-USDT,0.0442,0.0443,554.0,670.8
2025-07-25T08:16:58.978131,1INCH-USDT,0.2736,0.2738,112.86,1.07
2025-07-25T08:16:58.981344,ANIME-USDT,0.01864,0.01866,11499.6,166674.82
2025-07-25T08:16:58.982849,ALGO-USDT,0.258,0.2581,75.83,62.15
2025-07-25T08:16:58.986235,AGLD-USDT,0.769,0.77,356.129,0.411
2025-07-25T08:16:58.986280,ALT-USDT,0.03352,0.03353,340.94,322.54
2025-07-25T08:16:59.278484,AERO-USDT,0.876,0.878,1165.519,210.128
2025-07-25T08:16:59.287770,AI16Z-USDT,0.14684,0.14694,1214.99,1214.99
2025-07-25T08:16:59.287829,ACT-USDT,0.0442,0.0443,554.0,670.8
2025-07-25T08:16:59.287861,ALCH-USDT,0.13749,0.13764,400.0,3438.31
2025-07-25T08:16:59.287894,AIXBT-USDT,0.13989,0.14001,24949.17,20546.09
2025-07-25T08:16:59.287926,ADA-USDT,0.7996,0.7997,16175.8,6.75
2025-07-25T08:16:59.578436,ACE-USDT,0.56,0.563,7499.138,53.37
2025-07-25T08:16:59.579290,ACH-USDT,0.02164,0.02167,8580.9,11165.3
2025-07-25T08:16:59.579329,AIN-USDT,0.15328,0.15352,400.0,1058.24
2025-07-25T08:16:59.583319,AGT-USDT,0.00538,0.00587,2081.0,2708.0
2025-07-25T08:16:59.583356,AAVE-USDT,287.54,287.55,0.0561,0.0031
2025-07-25T08:16:59.583384,ALCH-USDT,0.13748,0.13762,400.0,3438.31
2025-07-25T08:16:59.583409,AEVO-USDT,0.1045,0.1046,356.864,17.437
2025-07-25T08:16:59.594390,ALGO-USDT,0.258,0.2581,75.83,62.15
2025-07-25T08:16:59.602875,A-USDT,0.5598,0.5601,706.41,369.45
2025-07-25T08:16:59.876596,AGT-USDT,0.00538,0.00587,2081.0,2708.0
2025-07-25T08:16:59.876636,AERGO-USDT,0.1309,0.13104,415.0,77.0
2025-07-25T08:16:59.879264,1INCH-USDT,0.2736,0.2738,112.86,1.07
2025-07-25T08:16:59.880302,AGLD-USDT,0.769,0.77,485.999,0.411
2025-07-25T08:16:59.884739,AI16Z-USDT,0.14688,0.14698,1214.99,1214.99
2025-07-25T08:16:59.885987,ANIME-USDT,0.01864,0.01866,11499.6,166674.82
2025-07-25T08:16:59.887401,ALT-USDT,0.03352,0.03353,340.94,322.54
2025-07-25T08:16:59.893395,ALGO-USDT,0.2581,0.2582,113.36,39.83
2025-07-25T08:17:00.184376,AAVE-USDT,287.54,287.55,0.0561,0.0031
2025-07-25T08:17:00.184415,ADA-USDT,0.7996,0.7997,16175.8,6.75
2025-07-25T08:17:00.185200,AIXBT-USDT,0.13989,0.14001,24949.17,20546.09
2025-07-25T08:17:00.187757,ACT-USDT,0.0442,0.0443,554.0,670.8
2025-07-25T08:17:00.189255,AI16Z-USDT,0.14688,0.14698,1214.99,1214.99
2025-07-25T08:17:00.191697,AERO-USDT,0.876,0.878,1165.519,210.128
2025-07-25T08:17:00.481209,ACH-USDT,0.02164,0.02167,8580.9,11165.3
2025-07-25T08:17:00.482178,ACE-USDT,0.56,0.563,7499.138,53.37
2025-07-25T08:17:00.482898,ALCH-USDT,0.13748,0.13762,400.0,3438.31
2025-07-25T08:17:00.483279,AAVE-USDT,287.51,287.55,0.0782,0.0031
2025-07-25T08:17:00.484589,AERGO-USDT,0.13091,0.13105,415.0,77.0
2025-07-25T08:17:00.485473,AIN-USDT,0.15328,0.15352,400.0,1058.24
2025-07-25T08:17:00.487561,AEVO-USDT,0.1045,0.1046,356.864,17.437
2025-07-25T08:17:00.487594,AI16Z-USDT,0.14686,0.14697,1214.99,534.54
2025-07-25T08:17:00.488144,AIXBT-USDT,0.13985,0.13995,24949.17,20546.09
2025-07-25T08:17:00.491408,ALGO-USDT,0.258,0.2581,136.37,149.89
2025-07-25T08:17:00.499137,A-USDT,0.5598,0.5601,706.41,369.45
2025-07-25T08:17:00.832816,AGT-USDT,0.00538,0.00587,2081.0,2708.0
2025-07-25T08:17:00.839417,AI16Z-USDT,0.14686,0.14697,1214.99,534.54
2025-07-25T08:17:00.845507,AIXBT-USDT,0.13989,0.14001,24949.17,20546.09
2025-07-25T08:17:00.863487,ALT-USDT,0.03352,0.03353,340.94,322.54
2025-07-25T08:17:00.900506,1INCH-USDT,0.2736,0.2738,112.86,1.07
2025-07-25T08:17:00.900551,AAVE-USDT,287.51,287.52,0.0888,0.0031
2025-07-25T08:17:00.900588,AGLD-USDT,0.769,0.77,485.915,0.411
2025-07-25T08:17:00.927562,ANIME-USDT,0.01864,0.01866,11499.6,166674.82
2025-07-25T08:17:01.091052,AERGO-USDT,0.13092,0.13106,415.0,77.0
2025-07-25T08:17:01.091092,ADA-USDT,0.7996,0.7997,16175.8,6.75
2025-07-25T08:17:01.091121,AAVE-USDT,287.51,287.52,0.0888,0.0031
2025-07-25T08:17:01.091146,ACT-USDT,0.0442,0.0443,554.0,670.8
2025-07-25T08:17:01.091178,ANIME-USDT,0.01863,0.01866,11499.6,166674.82
2025-07-25T08:17:01.091209,AIN-USDT,0.15318,0.15339,400.0,529.12
2025-07-25T08:17:01.095963,AERO-USDT,0.876,0.878,1165.519,210.128
2025-07-25T08:17:01.095999,AI16Z-USDT,0.14683,0.14693,1214.99,1214.99
2025-07-25T08:17:01.390467,ACE-USDT,0.56,0.563,7499.138,53.37
2025-07-25T08:17:01.390517,AERGO-USDT,0.1309,0.13104,415.0,77.0
2025-07-25T08:17:01.390552,AAVE-USDT,287.51,287.52,0.0888,0.0031
2025-07-25T08:17:01.390603,ADA-USDT,0.7996,0.7997,16175.8,6.75
2025-07-25T08:17:01.395006,ALCH-USDT,0.13748,0.13762,400.0,3438.31
2025-07-25T08:17:01.395312,ACH-USDT,0.02164,0.02167,8580.9,11165.3
2025-07-25T08:17:01.405026,AEVO-USDT,0.1045,0.1046,356.864,17.437
2025-07-25T08:17:01.405063,ALGO-USDT,0.2579,0.258,76.52,45.8
2025-07-25T08:17:01.409342,A-USDT,0.5598,0.5601,706.41,369.45
2025-07-25T08:17:01.687870,1INCH-USDT,0.2736,0.2738,112.86,1.07
2025-07-25T08:17:01.687910,AGT-USDT,0.00538,0.00587,2081.0,2708.0
2025-07-25T08:17:01.687940,AIN-USDT,0.15309,0.15329,400.0,529.12
2025-07-25T08:17:01.688249,AGLD-USDT,0.769,0.77,485.915,0.411
2025-07-25T08:17:01.689457,ALT-USDT,0.03352,0.03353,340.94,322.54
2025-07-25T08:17:01.698616,AIXBT-USDT,0.13989,0.14001,24949.17,20546.09
2025-07-25T08:17:01.699140,AI16Z-USDT,0.14685,0.14694,1214.99,1214.99
2025-07-25T08:17:01.700077,ADA-USDT,0.7996,0.7997,16175.8,6.75
2025-07-25T08:17:01.703932,A-USDT,0.5596,0.5599,1121.67,64.98
2025-07-25T08:17:01.707129,ALGO-USDT,0.258,0.2581,139.88,101.47
2025-07-25T08:17:01.986077,ACT-USDT,0.0442,0.0443,554.0,670.8
2025-07-25T08:17:02.004003,AGLD-USDT,0.769,0.77,485.999,0.411
2025-07-25T08:17:02.004049,AI16Z-USDT,0.14688,0.14698,1214.99,1214.99
2025-07-25T08:17:02.004086,AERO-USDT,0.876,0.878,1165.519,210.128
2025-07-25T08:17:02.004117,ADA-USDT,0.7998,0.7999,16179.369999999999,1.6
2025-07-25T08:17:02.004146,ALCH-USDT,0.13747,0.13761,400.0,3438.31
2025-07-25T08:17:02.004184,ANIME-USDT,0.01864,0.01866,11499.6,166674.82
2025-07-25T08:17:02.286526,AERGO-USDT,0.1309,0.13104,415.0,77.0
2025-07-25T08:17:02.287840,AAVE-USDT,287.51,287.52,0.0888,0.0031
2025-07-25T08:17:02.290849,AEVO-USDT,0.1045,0.1046,356.864,17.437
2025-07-25T08:17:02.291250,ACH-USDT,0.02164,0.02167,8580.9,11165.3
2025-07-25T08:17:02.291297,ACE-USDT,0.56,0.563,7499.138,53.37
2025-07-25T08:17:02.291962,ADA-USDT,0.7998,0.7999,16179.369999999999,1.6
2025-07-25T08:17:02.295293,AI16Z-USDT,0.14686,0.14697,1214.99,534.54
2025-07-25T08:17:02.298985,AIXBT-USDT,0.13999,0.14011,24949.17,20546.09
2025-07-25T08:17:02.590933,1INCH-USDT,0.2736,0.2738,112.86,1.07
2025-07-25T08:17:02.590983,AAVE-USDT,287.51,287.52,0.0888,0.0031
2025-07-25T08:17:02.591315,AGT-USDT,0.00538,0.00587,2081.0,2708.0
2025-07-25T08:17:02.594558,ALGO-USDT,0.258,0.2581,139.88,101.47
2025-07-25T08:17:02.595636,ALT-USDT,0.03352,0.03353,340.94,322.54
2025-07-25T08:17:02.595674,ADA-USDT,0.7998,0.7999,16179.369999999999,1.6
2025-07-25T08:17:02.599018,AIN-USDT,0.15309,0.15329,400.0,529.12
2025-07-25T08:17:02.600013,AI16Z-USDT,0.14688,0.14699,1214.99,1214.99
2025-07-25T08:17:02.604513,A-USDT,0.5596,0.5599,1121.67,64.98
2025-07-25T08:17:02.888054,ACT-USDT,0.0442,0.0443,554.0,670.8
2025-07-25T08:17:02.891123,AI16Z-USDT,0.14688,0.14699,1214.99,1214.99
2025-07-25T08:17:02.891413,AERO-USDT,0.876,0.878,1165.519,210.128
2025-07-25T08:17:02.891690,AGLD-USDT,0.769,0.77,485.999,0.411
2025-07-25T08:17:02.894436,ANIME-USDT,0.01864,0.01866,11499.6,166674.82
2025-07-25T08:17:02.895214,ADA-USDT,0.7998,0.7999,16179.369999999999,1.6
2025-07-25T08:17:02.897299,ALCH-USDT,0.13747,0.13761,400.0,3438.31
2025-07-25T08:17:02.911113,A-USDT,0.5596,0.5599,1121.67,64.98
2025-07-25T08:17:03.188597,AERGO-USDT,0.1309,0.13104,415.0,77.0
2025-07-25T08:17:03.189333,ACE-USDT,0.56,0.563,7499.138,53.37
2025-07-25T08:17:03.189456,ACH-USDT,0.02164,0.02167,8580.9,11165.3
2025-07-25T08:17:03.191327,AAVE-USDT,287.51,287.52,0.0888,0.0031
2025-07-25T08:17:03.193289,AEVO-USDT,0.1045,0.1046,356.864,17.437
2025-07-25T08:17:03.197885,AI16Z-USDT,0.14687,0.14697,1214.99,1214.9899999999998
2025-07-25T08:17:03.198266,AGLD-USDT,0.769,0.77,485.999,0.411
2025-07-25T08:17:03.199854,AIXBT-USDT,0.13994,0.14006,24949.17,20546.09
2025-07-25T08:17:03.201660,ADA-USDT,0.7998,0.7999,16179.369999999999,1.6
2025-07-25T08:17:03.490665,AERGO-USDT,0.13088,0.13102,415.0,77.0
2025-07-25T08:17:03.491067,AGT-USDT,0.00538,0.00587,2081.0,2708.0
2025-07-25T08:17:03.491868,AIN-USDT,0.15312,0.15332,400.0,529.12
2025-07-25T08:17:03.493660,ACT-USDT,0.0442,0.0443,554.0,670.8
2025-07-25T08:17:03.494064,AI16Z-USDT,0.14685,0.14696,1214.99,1214.99
2025-07-25T08:17:03.495560,AGLD-USDT,0.769,0.77,485.999,0.411
2025-07-25T08:17:03.496013,1INCH-USDT,0.2736,0.2738,112.86,1.07
2025-07-25T08:17:03.498887,ALGO-USDT,0.258,0.2581,139.88,101.47
2025-07-25T08:17:03.500255,AIXBT-USDT,0.13989,0.14001,24949.17,20546.09
2025-07-25T08:17:03.501691,ALT-USDT,0.03352,0.03353,340.94,322.54
2025-07-25T08:17:03.789328,AERGO-USDT,0.13089,0.13104,176.0,125.0
2025-07-25T08:17:03.790994,AERO-USDT,0.876,0.878,1165.519,210.128
2025-07-25T08:17:03.791867,AGT-USDT,0.00538,0.00587,2081.0,2708.0
2025-07-25T08:17:03.791903,AIN-USDT,0.15317,0.15337,400.0,529.12
2025-07-25T08:17:03.791933,ALCH-USDT,0.13747,0.13761,400.0,3438.31
2025-07-25T08:17:03.794015,AI16Z-USDT,0.14687,0.14697,1214.99,1214.9899999999998
2025-07-25T08:17:03.796630,ANIME-USDT,0.01864,0.01866,11499.6,166674.82
2025-07-25T08:17:03.802556,A-USDT,0.5596,0.5599,1121.67,64.98
2025-07-25T08:17:04.094396,AERGO-USDT,0.1309,0.13105,176.0,125.0
2025-07-25T08:17:04.094443,ACE-USDT,0.56,0.563,7499.138,53.37
2025-07-25T08:17:04.094480,ACH-USDT,0.02164,0.02167,8580.9,11165.3
2025-07-25T08:17:04.095428,AIN-USDT,0.15314,0.15335,400.0,529.12
2025-07-25T08:17:04.096864,AAVE-USDT,287.51,287.52,0.0888,0.0031
2025-07-25T08:17:04.097121,AEVO-USDT,0.1045,0.1046,356.864,17.437
2025-07-25T08:17:04.099167,ADA-USDT,0.7998,0.7999,16179.369999999999,1.6
2025-07-25T08:17:04.099207,AI16Z-USDT,0.14688,0.14698,534.19,1214.99
2025-07-25T08:17:04.392601,ACT-USDT,0.0442,0.0443,554.0,670.8
2025-07-25T08:17:04.393081,1INCH-USDT,0.2736,0.2738,112.86,1.07
2025-07-25T08:17:04.396068,AGLD-USDT,0.769,0.77,485.915,0.411
2025-07-25T08:17:04.397467,AERO-USDT,0.876,0.878,1165.519,210.128
2025-07-25T08:17:04.399480,ALGO-USDT,0.258,0.2581,139.88,101.47
2025-07-25T08:17:04.400338,AIXBT-USDT,0.13989,0.14001,24949.17,20546.09
2025-07-25T08:17:04.400383,ADA-USDT,0.7997,0.7999,17.48,24824.14
2025-07-25T08:17:04.421345,ALT-USDT,0.03352,0.03353,340.94,322.54
2025-07-25T08:17:04.695191,AGT-USDT,0.00538,0.00587,2081.0,2708.0
2025-07-25T08:17:04.697134,ALCH-USDT,0.13747,0.13761,400.0,3438.31
2025-07-25T08:17:04.699511,AGLD-USDT,0.769,0.77,485.999,0.411
2025-07-25T08:17:04.700340,ANIME-USDT,0.01864,0.01866,11499.6,166674.82
2025-07-25T08:17:04.702170,ADA-USDT,0.7997,0.7999,17.48,24824.14
2025-07-25T08:17:04.705958,ALT-USDT,0.03352,0.03353,340.94,322.54
2025-07-25T08:17:04.707614,ALGO-USDT,0.2579,0.258,52.17,107.53
2025-07-25T08:17:04.711253,A-USDT,0.5596,0.5599,1121.67,64.98
2025-07-25T08:17:04.996006,AAVE-USDT,287.51,287.52,0.0888,0.0031
2025-07-25T08:17:04.997403,ACE-USDT,0.56,0.563,7499.138,53.37
2025-07-25T08:17:05.002985,ACH-USDT,0.02164,0.02167,8580.9,11165.3
2025-07-25T08:17:05.003215,AERGO-USDT,0.1309,0.13105,176.0,125.0
2025-07-25T08:17:05.003327,AEVO-USDT,0.1045,0.1046,356.864,17.437
2025-07-25T08:17:05.003441,ADA-USDT,0.7994,0.7996,21.62,24834.82
2025-07-25T08:17:05.003729,AIN-USDT,0.15314,0.15335,400.0,529.12
2025-07-25T08:17:05.003765,AGLD-USDT,0.768,0.77,485.99899999999997,9909.77
2025-07-25T08:17:05.004878,AI16Z-USDT,0.14688,0.14698,534.19,1214.99
2025-07-25T08:17:05.297723,1INCH-USDT,0.2736,0.2738,112.86,1.07
2025-07-25T08:17:05.298319,ACT-USDT,0.0442,0.0443,554.0,670.8
2025-07-25T08:17:05.299003,AERO-USDT,0.876,0.878,1165.519,210.128
2025-07-25T08:17:05.299949,AI16Z-USDT,0.14688,0.14696,1068.38,1214.99
2025-07-25T08:17:05.302644,ADA-USDT,0.7994,0.7996,21.62,24834.82
2025-07-25T08:17:05.311664,AIXBT-USDT,0.13989,0.14001,24949.17,20546.09
2025-07-25T08:17:05.599108,ALCH-USDT,0.13747,0.13761,400.0,3438.31
2025-07-25T08:17:05.600255,AAVE-USDT,287.51,287.52,0.0888,0.0031
2025-07-25T08:17:05.600955,AGT-USDT,0.00538,0.00587,2081.0,2708.0
2025-07-25T08:17:05.607171,AIN-USDT,0.15317,0.15338,400.0,529.12
2025-07-25T08:17:05.609190,ALGO-USDT,0.2579,0.258,52.17,107.53
2025-07-25T08:17:05.611189,A-USDT,0.5596,0.5599,1121.67,64.98
2025-07-25T08:17:05.613550,ANIME-USDT,0.01864,0.01866,11499.6,166674.82
2025-07-25T08:17:05.613917,ALT-USDT,0.03352,0.03353,340.94,322.54
2025-07-25T08:17:05.617974,AIXBT-USDT,0.13989,0.14001,24949.17,20546.09
2025-07-25T08:17:05.896646,ACE-USDT,0.56,0.563,7499.138,53.37
2025-07-25T08:17:05.899271,AEVO-USDT,0.1045,0.1046,356.864,17.437
2025-07-25T08:17:05.899513,AERGO-USDT,0.1309,0.13105,176.0,125.0
2025-07-25T08:17:05.900534,ACH-USDT,0.02164,0.02167,8580.9,11165.3
2025-07-25T08:17:05.904581,AGLD-USDT,0.768,0.77,485.99899999999997,9909.77
2025-07-25T08:17:05.905799,AI16Z-USDT,0.14688,0.14696,1068.38,1214.99
2025-07-25T08:17:05.913963,ANIME-USDT,0.01864,0.01866,11499.6,166674.82
2025-07-25T08:17:06.202595,ACT-USDT,0.0442,0.0443,554.0,670.8
2025-07-25T08:17:06.202640,1INCH-USDT,0.2736,0.2738,112.86,1.07
2025-07-25T08:17:06.206100,AERO-USDT,0.876,0.878,1165.519,210.128
2025-07-25T08:17:06.206140,ADA-USDT,0.7994,0.7996,21.62,24834.82
2025-07-25T08:17:06.500413,AGT-USDT,0.00538,0.00587,2081.0,2708.0
2025-07-25T08:17:06.500975,AIN-USDT,0.15317,0.15338,400.0,529.12
2025-07-25T08:17:06.503662,AAVE-USDT,287.51,287.52,0.0888,0.0031
2025-07-25T08:17:06.507689,ALGO-USDT,0.2579,0.258,52.17,107.53
2025-07-25T08:17:06.507725,ALCH-USDT,0.13747,0.13761,400.0,3438.31
2025-07-25T08:17:06.511194,AIXBT-USDT,0.13989,0.14001,24949.17,20546.09
2025-07-25T08:17:06.514347,ALT-USDT,0.03352,0.03353,340.94,322.54
2025-07-25T08:17:06.518629,A-USDT,0.5596,0.5599,1121.67,64.98
2025-07-25T08:17:06.801129,ACH-USDT,0.02164,0.02167,8580.9,11165.3
2025-07-25T08:17:06.804961,AERGO-USDT,0.1309,0.13105,176.0,125.0
2025-07-25T08:17:06.804998,ACE-USDT,0.56,0.563,7499.138,53.37
2025-07-25T08:17:06.805027,AEVO-USDT,0.1045,0.1046,356.864,17.437
2025-07-25T08:17:06.805971,AGLD-USDT,0.768,0.77,485.99899999999997,9909.77
2025-07-25T08:17:06.807760,AIN-USDT,0.15315,0.15335,400.0,529.12
2025-07-25T08:17:06.808229,AGT-USDT,0.00538,0.00587,2081.0,2708.0
2025-07-25T08:17:06.808769,AAVE-USDT,287.46,287.49,0.0545,0.0031
2025-07-25T08:17:06.809844,ADA-USDT,0.7994,0.7996,21.62,24834.82
2025-07-25T08:17:06.810606,AI16Z-USDT,0.14687,0.14695,1214.99,534.47
2025-07-25T08:17:06.811854,ANIME-USDT,0.01864,0.01866,11499.6,166674.82
2025-07-25T08:17:07.105673,ACT-USDT,0.0442,0.0443,554.0,670.8
2025-07-25T08:17:07.105827,1INCH-USDT,0.2736,0.2738,112.86,1.07
2025-07-25T08:17:07.106281,AEVO-USDT,0.1045,0.1046,356.864,17.437
2025-07-25T08:17:07.108093,ACH-USDT,0.02164,0.02167,8580.9,11165.3
2025-07-25T08:17:07.108255,AERO-USDT,0.876,0.878,1165.519,210.128
2025-07-25T08:17:07.108647,AAVE-USDT,287.46,287.49,0.0545,0.0031
2025-07-25T08:17:07.113585,AI16Z-USDT,0.1469,0.14698,1214.99,1214.99
2025-07-25T08:17:07.113644,ALT-USDT,0.03351,0.03353,432.08,14405.279999999999
2025-07-25T08:17:07.113680,ANIME-USDT,0.01864,0.01866,11499.6,166674.82
2025-07-25T08:17:07.405206,ACT-USDT,0.0442,0.0443,554.0,670.8
2025-07-25T08:17:07.410496,ALGO-USDT,0.2579,0.258,52.17,107.53
2025-07-25T08:17:07.412121,ADA-USDT,0.7994,0.7996,21.62,24834.82
2025-07-25T08:17:07.413237,AAVE-USDT,287.45,287.47,0.0744,0.0031
2025-07-25T08:17:07.413267,ALCH-USDT,0.13747,0.13761,400.0,3438.31
2025-07-25T08:17:07.418320,AIXBT-USDT,0.13989,0.14001,24949.17,20546.09
2025-07-25T08:17:07.418363,A-USDT,0.5596,0.5599,1121.67,64.98
2025-07-25T08:17:07.705175,ACE-USDT,0.56,0.563,7499.138,53.37
2025-07-25T08:17:07.717536,AERGO-USDT,0.1309,0.13105,176.0,125.0
2025-07-25T08:17:07.717581,AGT-USDT,0.00538,0.00587,2081.0,2708.0
2025-07-25T08:17:07.717615,AIN-USDT,0.15315,0.15335,400.0,529.12
2025-07-25T08:17:07.717643,AAVE-USDT,287.47,287.48,0.0673,0.1076
2025-07-25T08:17:07.717674,AGLD-USDT,0.768,0.77,485.99899999999997,9909.77
2025-07-25T08:17:07.717704,AI16Z-USDT,0.14691,0.147,534.35,1214.9899999999998
2025-07-25T08:17:07.717738,ADA-USDT,0.7994,0.7996,21.62,24834.82
2025-07-25T08:17:08.007063,1INCH-USDT,0.2736,0.2738,112.86,1.07
2025-07-25T08:17:08.007932,AEVO-USDT,0.1045,0.1046,356.864,17.437
2025-07-25T08:17:08.008602,ACH-USDT,0.02164,0.02167,8580.9,11165.3
2025-07-25T08:17:08.009727,AAVE-USDT,287.47,287.48,0.0673,0.1076
2025-07-25T08:17:08.010295,AI16Z-USDT,0.14693,0.14702,1214.99,1214.99
2025-07-25T08:17:08.015304,AERO-USDT,0.876,0.878,1165.519,210.128
2025-07-25T08:17:08.015345,ALT-USDT,0.03351,0.03353,432.08,14405.279999999999
2025-07-25T08:17:08.015373,AGLD-USDT,0.768,0.77,485.99899999999997,9779.9
2025-07-25T08:17:08.015398,ANIME-USDT,0.01864,0.01866,11499.6,166674.82
2025-07-25T08:17:08.306443,ACT-USDT,0.0442,0.0443,554.0,670.8
2025-07-25T08:17:08.308779,AI16Z-USDT,0.14695,0.14703,1214.99,1214.99
2025-07-25T08:17:08.311593,ADA-USDT,0.7994,0.7996,21.62,24834.82
2025-07-25T08:17:08.311924,ALCH-USDT,0.13747,0.13761,400.0,3438.31
2025-07-25T08:17:08.314449,AIXBT-USDT,0.13999,0.14011,36045.08,7255.53
2025-07-25T08:17:08.314489,ALGO-USDT,0.2579,0.258,52.17,107.53
2025-07-25T08:17:08.322947,A-USDT,0.5596,0.5599,1121.67,64.98
2025-07-25T08:17:08.605885,AERGO-USDT,0.1309,0.13105,176.0,125.0
2025-07-25T08:17:08.606979,AGT-USDT,0.00538,0.00587,2081.0,2708.0
2025-07-25T08:17:08.607025,AIN-USDT,0.15315,0.15335,400.0,529.12
2025-07-25T08:17:08.608450,ACE-USDT,0.56,0.563,7499.138,53.37
2025-07-25T08:17:08.614020,ADA-USDT,0.7994,0.7996,21.62,24834.82
2025-07-25T08:17:08.910068,ACH-USDT,0.02164,0.02167,8580.9,11165.3
2025-07-25T08:17:08.910924,AGLD-USDT,0.769,0.77,4417.295,0.411
2025-07-25T08:17:08.910966,AERO-USDT,0.876,0.878,1165.519,210.128
2025-07-25T08:17:08.912608,1INCH-USDT,0.2736,0.2738,112.86,1.07
2025-07-25T08:17:08.913021,AEVO-USDT,0.1045,0.1046,356.864,17.437
2025-07-25T08:17:08.914743,AI16Z-USDT,0.14695,0.14703,1214.99,1214.99
2025-07-25T08:17:08.915819,AAVE-USDT,287.49,287.5,0.0571,0.0951
2025-07-25T08:17:08.917303,ANIME-USDT,0.01864,0.01866,11499.6,166674.82
2025-07-25T08:17:08.917962,ALGO-USDT,0.258,0.2581,75.05,114.01
2025-07-25T08:17:08.933569,ALT-USDT,0.03351,0.03353,432.08,14405.279999999999
2025-07-25T08:17:09.208964,ACT-USDT,0.0442,0.0443,554.0,670.8
2025-07-25T08:17:09.211602,ALCH-USDT,0.13747,0.13761,400.0,3438.31
2025-07-25T08:17:09.212982,AIXBT-USDT,0.13999,0.14011,36045.08,7255.53
2025-07-25T08:17:09.219187,A-USDT,0.5596,0.5599,1121.67,64.98
2025-07-25T08:17:09.510832,AERGO-USDT,0.1309,0.13105,176.0,125.0
2025-07-25T08:17:09.511247,ACE-USDT,0.56,0.563,7499.138,53.37
2025-07-25T08:17:09.513038,AGT-USDT,0.00538,0.00587,2081.0,2708.0
2025-07-25T08:17:09.513419,AIN-USDT,0.15315,0.15335,400.0,529.12
2025-07-25T08:17:09.514448,ADA-USDT,0.7994,0.7996,21.62,24834.82
2025-07-25T08:17:09.518204,AGLD-USDT,0.769,0.77,4417.379,0.411
2025-07-25T08:17:09.520603,AIXBT-USDT,0.13999,0.14011,36045.08,7255.53
2025-07-25T08:17:09.820104,AEVO-USDT,0.1045,0.1046,356.864,17.437
2025-07-25T08:17:09.820143,AAVE-USDT,287.49,287.5,0.0571,0.0951
2025-07-25T08:17:09.820173,1INCH-USDT,0.2736,0.2738,112.86,1.07
2025-07-25T08:17:09.820215,ACH-USDT,0.02164,0.02167,8580.9,11165.3
2025-07-25T08:17:09.820250,AGT-USDT,0.00538,0.00587,2081.0,2708.0
2025-07-25T08:17:09.820283,AERO-USDT,0.876,0.878,1165.519,210.128
2025-07-25T08:17:09.820314,AI16Z-USDT,0.14695,0.14703,1214.99,1214.99
2025-07-25T08:17:09.820466,ADA-USDT,0.7994,0.7996,21.62,24834.82
2025-07-25T08:17:09.821053,ALGO-USDT,0.258,0.2581,75.05,114.01
2025-07-25T08:17:09.827049,ANIME-USDT,0.01864,0.01866,11499.6,166674.82
2025-07-25T08:17:09.827090,ALT-USDT,0.03351,0.03353,432.08,14405.279999999999
2025-07-25T08:17:10.116406,AAVE-USDT,287.49,287.5,0.0571,0.0951
2025-07-25T08:17:10.117205,ACT-USDT,0.0442,0.0443,554.0,670.8
2025-07-25T08:17:10.118960,AI16Z-USDT,0.14696,0.14705,534.58,1214.99
2025-07-25T08:17:10.123128,ACH-USDT,0.02164,0.02167,8580.9,11165.3
2025-07-25T08:17:10.123241,ALCH-USDT,0.13747,0.13761,400.0,3438.31
2025-07-25T08:17:10.126031,A-USDT,0.5596,0.5599,1121.67,64.98
2025-07-25T08:17:10.413130,ACE-USDT,0.56,0.563,7499.138,53.37
2025-07-25T08:17:10.414272,AERGO-USDT,0.1309,0.13105,176.0,125.0
2025-07-25T08:17:10.416773,AAVE-USDT,287.54,287.55,0.091,0.1304
2025-07-25T08:17:10.418960,AGLD-USDT,0.769,0.77,4417.379,0.411
2025-07-25T08:17:10.422136,AIXBT-USDT,0.13999,0.14011,36045.08,7255.53
2025-07-25T08:17:10.422187,AIN-USDT,0.15319,0.15338,400.0,529.12
2025-07-25T08:17:10.422225,ADA-USDT,0.7998,0.7999,38.24,1.6
2025-07-25T08:17:10.423345,ANIME-USDT,0.01864,0.01866,11499.6,166674.82
2025-07-25T08:17:10.423386,AI16Z-USDT,0.14704,0.14712,1214.9899999999998,1214.99
2025-07-25T08:17:10.431128,A-USDT,0.5598,0.5601,652.77,123.84
2025-07-25T08:17:10.713176,AERGO-USDT,0.13089,0.13103,176.0,125.0
2025-07-25T08:17:10.720925,AEVO-USDT,0.1045,0.1046,356.864,17.437
2025-07-25T08:17:10.720965,AERO-USDT,0.876,0.878,1165.519,210.128
2025-07-25T08:17:10.720993,AGT-USDT,0.00538,0.00587,2081.0,2708.0
2025-07-25T08:17:10.721018,1INCH-USDT,0.2736,0.2738,112.86,1.07
2025-07-25T08:17:10.721043,ALCH-USDT,0.13747,0.13761,400.0,3438.31
2025-07-25T08:17:10.722709,ALGO-USDT,0.258,0.2581,75.05,114.01
2025-07-25T08:17:10.726612,AI16Z-USDT,0.14698,0.14707,1214.99,1214.99
2025-07-25T08:17:10.731964,ALT-USDT,0.03351,0.03353,432.08,14405.28
2025-07-25T08:17:11.014289,ACT-USDT,0.0442,0.0443,554.0,670.8
2025-07-25T08:17:11.016544,ACH-USDT,0.02164,0.02167,8580.9,11165.3
2025-07-25T08:17:11.018098,AAVE-USDT,287.54,287.55,0.091,0.1304
2025-07-25T08:17:11.018982,AI16Z-USDT,0.147,0.14709,1214.99,1214.99
2025-07-25T08:17:11.024010,ANIME-USDT,0.01864,0.01866,11499.6,166674.82
2025-07-25T08:17:11.315935,ACE-USDT,0.56,0.563,7499.138,53.37
2025-07-25T08:17:11.327762,AGLD-USDT,0.769,0.77,4417.295,0.411
2025-07-25T08:17:11.327810,AIXBT-USDT,0.13999,0.14011,36045.08,7255.53
2025-07-25T08:17:11.327838,AIN-USDT,0.15319,0.15338,400.0,529.12
2025-07-25T08:17:11.327871,ADA-USDT,0.7998,0.7999,38.24,1.6
2025-07-25T08:17:11.327902,AI16Z-USDT,0.14697,0.14705,1214.99,1214.99
2025-07-25T08:17:11.333616,ANIME-USDT,0.01864,0.01866,11499.6,166674.82
2025-07-25T08:17:11.333930,A-USDT,0.5598,0.5601,652.77,123.84
2025-07-25T08:17:11.337691,ALGO-USDT,0.2579,0.258,16786.05,1434.9
2025-07-25T08:17:11.618476,1INCH-USDT,0.2736,0.2738,112.86,1.07
2025-07-25T08:17:11.618582,AEVO-USDT,0.1045,0.1046,356.864,17.437
2025-07-25T08:17:11.622457,AERGO-USDT,0.13089,0.13103,176.0,125.0
2025-07-25T08:17:11.622505,ALCH-USDT,0.13747,0.13761,400.0,3438.31
2025-07-25T08:17:11.622540,AI16Z-USDT,0.14693,0.14702,1214.99,1214.99
2025-07-25T08:17:11.623957,AGT-USDT,0.00538,0.00587,2081.0,2708.0
2025-07-25T08:17:11.625112,ADA-USDT,0.7996,0.7998,42.02,24836.02
2025-07-25T08:17:11.625519,AERO-USDT,0.876,0.878,1165.519,210.128
2025-07-25T08:17:11.626810,AIXBT-USDT,0.13989,0.14001,36045.08,7255.53
2025-07-25T08:17:11.633099,ALT-USDT,0.03352,0.03353,315.22,386.97
2025-07-25T08:17:11.917961,ACT-USDT,0.0442,0.0443,554.0,670.8
2025-07-25T08:17:11.918000,ACH-USDT,0.02164,0.02167,8580.9,11165.3
2025-07-25T08:17:11.922143,AAVE-USDT,287.51,287.52,0.0523,0.091
2025-07-25T08:17:11.922613,AEVO-USDT,0.1045,0.1046,356.864,17.437
2025-07-25T08:17:11.926311,AGLD-USDT,0.769,0.77,4417.295,0.411
2025-07-25T08:17:11.926354,AI16Z-USDT,0.14695,0.14703,1214.99,1214.99
2025-07-25T08:17:11.926667,AIN-USDT,0.15318,0.15337,400.0,529.12
2025-07-25T08:17:11.926708,AIXBT-USDT,0.13999,0.14011,36045.08,7255.53
2025-07-25T08:17:12.218850,ACE-USDT,0.56,0.563,7499.138,53.37
2025-07-25T08:17:12.225976,ANIME-USDT,0.01864,0.01866,11499.6,166674.82
2025-07-25T08:17:12.226017,AI16Z-USDT,0.14696,0.14705,534.58,1214.99
2025-07-25T08:17:12.226212,ALGO-USDT,0.2579,0.258,16786.05,1434.9
2025-07-25T08:17:12.227300,ADA-USDT,0.7998,0.7999,17.39,1.6
2025-07-25T08:17:12.239083,A-USDT,0.5598,0.5601,652.77,123.84
2025-07-25T08:17:12.518308,AERGO-USDT,0.13089,0.13103,176.0,125.0
2025-07-25T08:17:12.525562,1INCH-USDT,0.2736,0.2738,112.86,1.07
2025-07-25T08:17:12.525601,AI16Z-USDT,0.14695,0.14703,1069.05,1214.99
2025-07-25T08:17:12.525658,AIN-USDT,0.15312,0.15331,400.0,529.12
2025-07-25T08:17:12.525701,AERO-USDT,0.876,0.878,1165.519,210.128
2025-07-25T08:17:12.525728,AGT-USDT,0.00538,0.00587,2081.0,2708.0
2025-07-25T08:17:12.526097,ALCH-USDT,0.13747,0.13761,400.0,3438.31
2025-07-25T08:17:12.526361,ADA-USDT,0.7998,0.7999,17.39,1.6
2025-07-25T08:17:12.526643,AGLD-USDT,0.768,0.77,4547.249,486.41
2025-07-25T08:17:12.530192,AIXBT-USDT,0.13999,0.14011,36045.08,7255.53
2025-07-25T08:17:12.539597,ALT-USDT,0.03352,0.03353,315.22,386.97
2025-07-25T08:17:12.821062,ACT-USDT,0.0442,0.0443,554.0,670.8
2025-07-25T08:17:12.821104,ACH-USDT,0.02164,0.02167,8580.9,11165.3
2025-07-25T08:17:12.823049,AAVE-USDT,287.51,287.52,0.0523,0.091
2025-07-25T08:17:12.824010,AGT-USDT,0.00538,0.00587,2081.0,2708.0
2025-07-25T08:17:12.825411,AEVO-USDT,0.1045,0.1046,356.864,17.437
2025-07-25T08:17:12.828287,AIN-USDT,0.15309,0.15328,400.0,529.12
2025-07-25T08:17:12.829671,AI16Z-USDT,0.14689,0.14697,1214.99,1214.99
2025-07-25T08:17:12.831768,ANIME-USDT,0.01864,0.01866,11499.6,166674.82
2025-07-25T08:17:13.127189,AIXBT-USDT,0.14019,0.1402,36045.08,16754.21
2025-07-25T08:17:13.135026,ACE-USDT,0.56,0.563,7499.138,53.37
2025-07-25T08:17:13.139350,ALGO-USDT,0.2579,0.258,16786.05,1434.9
2025-07-25T08:17:13.139742,ACT-USDT,0.0442,0.0443,554.0,670.8
2025-07-25T08:17:13.142995,ADA-USDT,0.7998,0.7999,16587.96,1.6
2025-07-25T08:17:13.153334,A-USDT,0.5598,0.5601,652.77,123.84
2025-07-25T08:17:13.422273,AERGO-USDT,0.13089,0.13103,176.0,125.0
2025-07-25T08:17:13.424176,AERO-USDT,0.876,0.878,1165.519,210.128
2025-07-25T08:17:13.425043,AGLD-USDT,0.769,0.77,4417.295,0.411
2025-07-25T08:17:13.426129,AAVE-USDT,287.51,287.52,0.0523,0.091
2025-07-25T08:17:13.426676,AI16Z-USDT,0.14694,0.14702,1214.99,1214.99
2025-07-25T08:17:13.430517,ALCH-USDT,0.13747,0.13761,400.0,3438.31
2025-07-25T08:17:13.434023,1INCH-USDT,0.2736,0.2738,112.86,1.07
2025-07-25T08:17:13.434693,ANIME-USDT,0.01864,0.01866,11499.6,166674.82
2025-07-25T08:17:13.434996,ALT-USDT,0.03352,0.03353,315.22,386.97
2025-07-25T08:17:13.723218,ACH-USDT,0.02164,0.02167,8580.9,11165.3
2025-07-25T08:17:13.724288,AEVO-USDT,0.1045,0.1046,356.864,17.437
2025-07-25T08:17:13.724944,AGT-USDT,0.00538,0.00587,2081.0,2708.0
2025-07-25T08:17:13.725222,AIN-USDT,0.15309,0.15328,400.0,529.12
2025-07-25T08:17:13.726201,AGLD-USDT,0.768,0.77,4547.249,356.54
2025-07-25T08:17:13.730111,AIXBT-USDT,0.14019,0.1402,36045.08,16754.21
2025-07-25T08:17:14.026072,AERGO-USDT,0.1309,0.13104,176.0,125.0
2025-07-25T08:17:14.026317,ACT-USDT,0.0442,0.0443,554.0,670.8
2025-07-25T08:17:14.028227,AERO-USDT,0.876,0.878,1165.519,210.128
2025-07-25T08:17:14.033312,ACE-USDT,0.56,0.563,7499.138,53.37
2025-07-25T08:17:14.033341,ALGO-USDT,0.2579,0.258,16786.05,1434.9
2025-07-25T08:17:14.035622,ADA-USDT,0.7998,0.7999,16587.96,1.6
2025-07-25T08:17:14.038723,A-USDT,0.5598,0.5601,652.77,123.84
2025-07-25T08:17:14.055655,ANIME-USDT,0.01864,0.01866,68506.06,200383.07
2025-07-25T08:17:14.325863,1INCH-USDT,0.2736,0.2738,112.86,1.07
2025-07-25T08:17:14.331518,AI16Z-USDT,0.14689,0.14697,1214.99,1214.99
2025-07-25T08:17:14.331876,ALCH-USDT,0.13747,0.13761,400.0,3438.31
2025-07-25T08:17:14.334518,ADA-USDT,0.7996,0.7998,43.33,24836.63
2025-07-25T08:17:14.337038,AAVE-USDT,287.48,287.5,0.0872,0.0354
2025-07-25T08:17:14.337074,ANIME-USDT,0.01864,0.01866,68506.06,200383.07
2025-07-25T08:17:14.337964,ALGO-USDT,0.2578,0.2579,17173.72,1822.49
2025-07-25T08:17:14.338439,ALT-USDT,0.03351,0.03353,322.66,14527.74
2025-07-25T08:17:14.341612,AIXBT-USDT,0.14009,0.1402,36045.08,16754.21
2025-07-25T08:17:14.625820,ACH-USDT,0.02164,0.02167,8580.9,11165.3
2025-07-25T08:17:14.630923,AERGO-USDT,0.13089,0.13101,108.0,307.0
2025-07-25T08:17:14.631010,AAVE-USDT,287.47,287.48,0.1023,0.0624
2025-07-25T08:17:14.632542,ACT-USDT,0.0442,0.0443,554.0,670.8
2025-07-25T08:17:14.633883,AEVO-USDT,0.1045,0.1046,356.864,17.437
2025-07-25T08:17:14.633924,AIN-USDT,0.15309,0.15328,400.0,529.12
2025-07-25T08:17:14.633947,ADA-USDT,0.7993,0.7994,518.69,35.56
2025-07-25T08:17:14.637179,AGT-USDT,0.00538,0.00587,2081.0,2708.0
2025-07-25T08:17:14.637850,AIXBT-USDT,0.14009,0.1402,36045.08,16754.21
2025-07-25T08:17:14.638502,AGLD-USDT,0.768,0.77,4547.249,356.54
2025-07-25T08:17:14.642987,AI16Z-USDT,0.14689,0.14697,1214.99,1214.99
2025-07-25T08:17:14.932142,AERO-USDT,0.876,0.878,1165.519,210.128
2025-07-25T08:17:14.932738,AAVE-USDT,287.47,287.48,0.1023,0.0624
2025-07-25T08:17:14.935123,ACE-USDT,0.56,0.563,7499.138,53.37
2025-07-25T08:17:14.935170,ADA-USDT,0.7993,0.7994,518.69,35.56
2025-07-25T08:17:14.944893,ANIME-USDT,0.01864,0.01866,68506.06,200383.07
2025-07-25T08:17:14.950059,A-USDT,0.5598,0.5601,652.77,123.84
2025-07-25T08:17:15.234373,1INCH-USDT,0.2736,0.2738,112.86,1.07
2025-07-25T08:17:15.234413,ALCH-USDT,0.13747,0.13761,400.0,3438.31
2025-07-25T08:17:15.234441,ALT-USDT,0.03351,0.03353,322.66,14527.74
2025-07-25T08:17:15.234760,ALGO-USDT,0.2578,0.2579,17173.72,1822.49
2025-07-25T08:17:15.530223,AERGO-USDT,0.13089,0.13101,108.0,307.0
2025-07-25T08:17:15.531634,ACH-USDT,0.02164,0.02167,8580.9,11165.3
2025-07-25T08:17:15.532173,1INCH-USDT,0.2736,0.2738,112.86,1.07
2025-07-25T08:17:15.532434,AEVO-USDT,0.1045,0.1046,356.864,17.437
2025-07-25T08:17:15.534336,ACT-USDT,0.0442,0.0443,554.0,670.8
2025-07-25T08:17:15.536193,AGT-USDT,0.00538,0.00587,2081.0,2708.0
2025-07-25T08:17:15.537678,AIN-USDT,0.15309,0.15328,400.0,529.12
2025-07-25T08:17:15.539142,AGLD-USDT,0.768,0.77,4547.249,356.54
2025-07-25T08:17:15.540523,AIXBT-USDT,0.14009,0.1402,36045.08,16754.21
2025-07-25T08:17:15.541052,AI16Z-USDT,0.14684,0.14691,1272.02,1214.99
2025-07-25T08:17:15.541100,ADA-USDT,0.7991,0.7992,48.03,40.45
2025-07-25T08:17:15.830154,AGT-USDT,0.00538,0.00587,2081.0,2708.0
2025-07-25T08:17:15.831440,AERO-USDT,0.876,0.878,1165.519,210.128
2025-07-25T08:17:15.834023,AAVE-USDT,287.49,287.5,0.0813,0.0849
2025-07-25T08:17:15.834775,ACE-USDT,0.56,0.563,7499.138,53.37
2025-07-25T08:17:15.837303,ANIME-USDT,0.01864,0.01866,68506.06,200383.07
2025-07-25T08:17:15.845689,A-USDT,0.5598,0.5601,652.77,123.84
2025-07-25T08:17:16.134374,ACT-USDT,0.0442,0.0443,554.0,670.8
2025-07-25T08:17:16.136183,AAVE-USDT,287.52,287.54,0.1059,0.0396
2025-07-25T08:17:16.137983,ALCH-USDT,0.13747,0.13761,400.0,3438.31
2025-07-25T08:17:16.138280,ADA-USDT,0.7991,0.7992,48.03,40.45
2025-07-25T08:17:16.139387,ALGO-USDT,0.2578,0.2579,17173.72,1822.49
2025-07-25T08:17:16.142229,AI16Z-USDT,0.14688,0.14696,1214.99,1214.99
2025-07-25T08:17:16.143957,ALT-USDT,0.03351,0.03353,322.66,14527.74
2025-07-25T08:17:16.436023,AERGO-USDT,0.13089,0.13101,108.0,307.0
2025-07-25T08:17:16.436868,AEVO-USDT,0.1045,0.1046,356.864,17.437
2025-07-25T08:17:16.437835,AAVE-USDT,287.54,287.55,0.1138,0.0844
2025-07-25T08:17:16.438582,ACH-USDT,0.02164,0.02167,8580.9,11165.3
2025-07-25T08:17:16.438625,1INCH-USDT,0.2736,0.2738,112.86,1.07
2025-07-25T08:17:16.439240,AGLD-USDT,0.768,0.77,4547.249,356.54
2025-07-25T08:17:16.439364,AIN-USDT,0.15309,0.15328,400.0,529.12
2025-07-25T08:17:16.442976,AIXBT-USDT,0.14009,0.1402,36045.08,16754.21
2025-07-25T08:17:16.739245,ACE-USDT,0.56,0.563,7499.138,53.37
2025-07-25T08:17:16.739288,AGT-USDT,0.00538,0.00587,2081.0,2708.0
2025-07-25T08:17:16.741966,AI16Z-USDT,0.14688,0.14696,1214.99,1214.99
2025-07-25T08:17:16.742016,AERO-USDT,0.876,0.878,1165.519,210.128
2025-07-25T08:17:16.742053,AAVE-USDT,287.54,287.55,0.1138,0.0844
2025-07-25T08:17:16.742648,1INCH-USDT,0.2735,0.2738,132.76,245.77
2025-07-25T08:17:16.746432,ADA-USDT,0.7987,0.799,19243.66,7789.69
2025-07-25T08:17:16.746599,ANIME-USDT,0.01864,0.01866,68506.06,200383.07
2025-07-25T08:17:16.746638,AIXBT-USDT,0.14,0.1401,19200.15,31272.57
2025-07-25T08:17:16.755822,ALGO-USDT,0.2576,0.2578,17237.39,1515.09
2025-07-25T08:17:16.760089,A-USDT,0.5598,0.5601,652.77,123.84
2025-07-25T08:17:17.038363,ACT-USDT,0.0442,0.0443,554.0,670.8
2025-07-25T08:17:17.039042,1INCH-USDT,0.2734,0.2737,132.63,244.7
2025-07-25T08:17:17.039301,AI16Z-USDT,0.14684,0.14691,1272.02,1214.99
2025-07-25T08:17:17.044984,ALCH-USDT,0.13744,0.13762,1066.26,2225.23
2025-07-25T08:17:17.045963,ADA-USDT,0.7987,0.799,19243.66,7789.69
2025-07-25T08:17:17.046863,ANIME-USDT,0.01864,0.01866,68506.06,200383.07
2025-07-25T08:17:17.050205,A-USDT,0.5597,0.5599,652.77,123.84
2025-07-25T08:17:17.053335,ALT-USDT,0.0335,0.03352,242.55,6384.15
2025-07-25T08:17:17.335389,AERGO-USDT,0.13086,0.13097,108.0,307.0
2025-07-25T08:17:17.336708,AEVO-USDT,0.1045,0.1046,356.864,17.437
2025-07-25T08:17:17.338737,ACH-USDT,0.02164,0.02167,8580.9,11165.3
2025-07-25T08:17:17.338768,AGLD-USDT,0.768,0.77,4547.249,356.54
2025-07-25T08:17:17.340376,AI16Z-USDT,0.14682,0.14687,34.05,1214.99
2025-07-25T08:17:17.341470,AIN-USDT,0.15309,0.15328,400.0,529.12
2025-07-25T08:17:17.343569,ADA-USDT,0.7986,0.7987,35.09,13.5
2025-07-25T08:17:17.639838,AGT-USDT,0.00538,0.00587,2081.0,2708.0
2025-07-25T08:17:17.639884,ACE-USDT,0.56,0.563,7499.138,53.37
2025-07-25T08:17:17.639911,AAVE-USDT,287.54,287.55,0.1138,0.0844
2025-07-25T08:17:17.639933,AERGO-USDT,0.13083,0.13095,108.0,307.0
2025-07-25T08:17:17.640899,AERO-USDT,0.876,0.878,1165.519,210.128
2025-07-25T08:17:17.644831,AIXBT-USDT,0.14,0.1401,19200.15,31272.57
2025-07-25T08:17:17.644873,ALGO-USDT,0.2576,0.2578,17237.39,1515.09
2025-07-25T08:17:17.646277,ADA-USDT,0.7986,0.7987,35.09,13.5
2025-07-25T08:17:17.938602,1INCH-USDT,0.2734,0.2737,132.63,244.7
2025-07-25T08:17:17.940010,ACT-USDT,0.0442,0.0443,554.0,670.8
2025-07-25T08:17:17.942243,AERGO-USDT,0.13082,0.13094,108.0,307.0
2025-07-25T08:17:17.942378,AI16Z-USDT,0.14682,0.14688,34.05,1214.99
2025-07-25T08:17:17.942468,ALCH-USDT,0.13744,0.13762,1066.26,2225.23
2025-07-25T08:17:17.952468,AIXBT-USDT,0.1399,0.14,19200.15,31272.57
2025-07-25T08:17:17.952510,ADA-USDT,0.7986,0.7987,35.09,13.5
2025-07-25T08:17:17.987256,ANIME-USDT,0.01864,0.01866,68506.06,200383.07
2025-07-25T08:17:17.987300,ALT-USDT,0.0335,0.03352,242.55,6384.15
2025-07-25T08:17:17.998518,A-USDT,0.5597,0.5599,652.77,123.84
2025-07-25T08:17:18.239308,ACH-USDT,0.02164,0.02167,8580.9,11165.3
2025-07-25T08:17:18.239412,AEVO-USDT,0.1045,0.1046,356.864,17.437
2025-07-25T08:17:18.243420,AERO-USDT,0.876,0.878,1165.519,210.128
2025-07-25T08:17:18.243470,AI16Z-USDT,0.14682,0.14685,34.05,1214.99
2025-07-25T08:17:18.243704,ALCH-USDT,0.13744,0.13762,1066.26,2225.23
2025-07-25T08:17:18.244191,AGLD-USDT,0.768,0.77,4547.249,356.54
2025-07-25T08:17:18.245170,AIN-USDT,0.15309,0.15328,400.0,529.12
2025-07-25T08:17:18.542431,AGT-USDT,0.00538,0.00587,2081.0,2708.0
2025-07-25T08:17:18.542472,ACE-USDT,0.56,0.563,7499.138,53.37
2025-07-25T08:17:18.544140,AAVE-USDT,287.57,287.58,0.1367,0.0018
2025-07-25T08:17:18.547249,ALT-USDT,0.03348,0.0335,2668.05,309.07
2025-07-25T08:17:18.548960,ADA-USDT,0.7986,0.7987,35.09,13.5
2025-07-25T08:17:18.550105,ALGO-USDT,0.2576,0.2578,17237.39,1515.09
2025-07-25T08:17:18.840962,AERGO-USDT,0.13082,0.13094,108.0,307.0
2025-07-25T08:17:18.842424,ACT-USDT,0.0442,0.0443,554.0,670.8
2025-07-25T08:17:18.842601,1INCH-USDT,0.2734,0.2737,132.63,244.7
2025-07-25T08:17:18.846612,AEVO-USDT,0.1044,0.1045,9484.602,2510.999
2025-07-25T08:17:18.851266,ADA-USDT,0.7984,0.7986,31.67,7774.65
2025-07-25T08:17:18.851946,AGT-USDT,0.00538,0.00587,2081.0,2708.0
2025-07-25T08:17:18.852527,AI16Z-USDT,0.14682,0.14684,34.05,1460.3
2025-07-25T08:17:18.853122,ANIME-USDT,0.01864,0.01866,68506.06,200383.07
2025-07-25T08:17:18.854558,ALT-USDT,0.03348,0.0335,2668.05,309.07
2025-07-25T08:17:18.854604,AIXBT-USDT,0.1399,0.14,19200.15,31272.57
2025-07-25T08:17:18.856549,A-USDT,0.5597,0.5599,652.77,123.84
2025-07-25T08:17:19.144266,AGLD-USDT,0.768,0.77,4547.249,356.54
2025-07-25T08:17:19.144847,AIN-USDT,0.15309,0.15328,400.0,529.12
2025-07-25T08:17:19.145041,AAVE-USDT,287.58,287.61,0.0967,0.0018
2025-07-25T08:17:19.152924,ALCH-USDT,0.13744,0.13762,1066.26,2225.23
2025-07-25T08:17:19.152964,AERO-USDT,0.876,0.878,1165.519,210.128
2025-07-25T08:17:19.152990,ACH-USDT,0.02164,0.02167,8580.9,11165.3
2025-07-25T08:17:19.159601,A-USDT,0.5597,0.5599,652.77,123.84
2025-07-25T08:17:19.446338,AAVE-USDT,287.61,287.62,0.1347,0.0018
2025-07-25T08:17:19.447288,ALCH-USDT,0.13743,0.13761,1066.26,2225.23
2025-07-25T08:17:19.447967,ACE-USDT,0.56,0.563,7499.138,53.37
2025-07-25T08:17:19.457987,ALGO-USDT,0.2576,0.2578,17237.39,1515.09
2025-07-25T08:17:19.458386,ANIME-USDT,0.01864,0.01866,68506.06,200383.07
2025-07-25T08:17:19.748740,1INCH-USDT,0.2734,0.2737,132.63,244.7
2025-07-25T08:17:19.750427,AI16Z-USDT,0.14682,0.14684,34.05,1460.3
2025-07-25T08:17:19.751141,AGT-USDT,0.00538,0.00587,2081.0,2708.0
2025-07-25T08:17:19.752104,AERGO-USDT,0.13082,0.13094,108.0,307.0
2025-07-25T08:17:19.752142,ACT-USDT,0.0442,0.0443,554.0,670.8
2025-07-25T08:17:19.757133,AEVO-USDT,0.1044,0.1046,9485.06,2510.999
2025-07-25T08:17:19.757599,ADA-USDT,0.7984,0.7986,31.67,7774.65
2025-07-25T08:17:19.757640,AAVE-USDT,287.66,287.67,0.0802,0.0018
2025-07-25T08:17:19.759343,AIXBT-USDT,0.1399,0.14,19200.15,31272.57
2025-07-25T08:17:19.759602,ALT-USDT,0.0335,0.03352,242.55,6384.15
2025-07-25T08:17:20.047942,ACH-USDT,0.02164,0.02167,8580.9,11165.3
2025-07-25T08:17:20.048404,AGLD-USDT,0.768,0.77,4547.249,356.54
2025-07-25T08:17:20.049741,AEVO-USDT,0.1045,0.1046,221.498,149.22
2025-07-25T08:17:20.050354,AERO-USDT,0.876,0.878,1165.519,210.128
2025-07-25T08:17:20.051166,AI16Z-USDT,0.14682,0.14684,34.05,1067.87
2025-07-25T08:17:20.053330,ADA-USDT,0.7984,0.7986,31.67,7774.65
2025-07-25T08:17:20.054903,ANIME-USDT,0.01864,0.01866,68506.06,200383.07
2025-07-25T08:17:20.055150,AIN-USDT,0.15309,0.15328,400.0,529.12
2025-07-25T08:17:20.057037,A-USDT,0.5597,0.5599,652.77,123.84
2025-07-25T08:17:20.063506,AIXBT-USDT,0.1399,0.14,19200.15,31272.57
2025-07-25T08:17:20.346156,ACE-USDT,0.56,0.563,7499.138,53.37
2025-07-25T08:17:20.348252,ALCH-USDT,0.13743,0.13761,1066.26,2225.23
2025-07-25T08:17:20.351563,ALGO-USDT,0.2576,0.2578,17237.39,1515.09
2025-07-25T08:17:20.650075,1INCH-USDT,0.2734,0.2737,132.63,244.7
2025-07-25T08:17:20.651003,AERGO-USDT,0.13082,0.13094,108.0,307.0
2025-07-25T08:17:20.651263,AAVE-USDT,287.66,287.67,0.0802,0.0018
2025-07-25T08:17:20.653528,ACT-USDT,0.0442,0.0443,554.0,670.8
2025-07-25T08:17:20.662984,ALT-USDT,0.0335,0.03352,242.55,6384.15
2025-07-25T08:17:20.663046,AGT-USDT,0.00538,0.00587,2081.0,2708.0
2025-07-25T08:17:20.663075,ADA-USDT,0.7987,0.7988,35.07,32.15
2025-07-25T08:17:20.663103,AI16Z-USDT,0.14682,0.14688,34.05,1214.99
2025-07-25T08:17:20.951299,AERGO-USDT,0.13083,0.13095,108.0,307.0
2025-07-25T08:17:20.953093,ACH-USDT,0.02164,0.02167,8580.9,11165.3
2025-07-25T08:17:20.953353,AERO-USDT,0.876,0.878,1165.519,210.128
2025-07-25T08:17:20.954470,AAVE-USDT,287.68,287.69,0.1219,0.0018
2025-07-25T08:17:20.955215,AGLD-USDT,0.768,0.77,4547.249,356.54
2025-07-25T08:17:20.955625,AEVO-USDT,0.1044,0.1045,9484.602,1554.062
2025-07-25T08:17:20.957107,AI16Z-USDT,0.14682,0.14687,34.05,534.1
2025-07-25T08:17:20.957432,ADA-USDT,0.7987,0.7988,35.07,32.15
2025-07-25T08:17:20.958128,AIN-USDT,0.15309,0.15328,400.0,529.12
2025-07-25T08:17:20.959250,ANIME-USDT,0.01864,0.01866,68506.06,200383.07
2025-07-25T08:17:20.962126,ALT-USDT,0.03348,0.0335,2668.05,309.07
2025-07-25T08:17:20.967751,AIXBT-USDT,0.1399,0.14,19200.15,31272.57
2025-07-25T08:17:20.975258,A-USDT,0.5597,0.5599,652.77,123.84
2025-07-25T08:17:21.249370,ACE-USDT,0.56,0.563,7499.138,53.37
2025-07-25T08:17:21.255061,ALCH-USDT,0.13743,0.13761,1066.26,2225.23
2025-07-25T08:17:21.255162,AAVE-USDT,287.64,287.65,0.0977,0.0018
2025-07-25T08:17:21.255215,AI16Z-USDT,0.14682,0.14684,34.05,1434.78
2025-07-25T08:17:21.259771,ALGO-USDT,0.2576,0.2578,17237.39,1515.09
2025-07-25T08:17:21.262272,ANIME-USDT,0.01864,0.01866,68506.06,200383.07
2025-07-25T08:17:21.555028,AERGO-USDT,0.13083,0.13094,108.0,307.0
2025-07-25T08:17:21.555071,ACT-USDT,0.0442,0.0443,554.0,670.8
2025-07-25T08:17:21.555096,1INCH-USDT,0.2734,0.2737,132.63,244.7
2025-07-25T08:17:21.555125,AGT-USDT,0.00538,0.00587,2081.0,2708.0
2025-07-25T08:17:21.566035,A-USDT,0.5598,0.5601,1158.93,996.39
