timestamp,symbol,bid,ask,bid_vol,ask_vol
2025-07-25T08:16:26.681401,1INCH-USDT,0.273,0.2731,35937.0,13794.7
2025-07-25T08:16:26.681443,AAVE-USDT,287.18,287.19,0.7,0.8
2025-07-25T08:16:26.681474,A-USDT,0.55881,0.55934,105.0,107.0
2025-07-25T08:16:26.681508,ACH-USDT,0.021628,0.021629,4671.0,2458.0
2025-07-25T08:16:26.681543,ACT-USDT,0.04399,0.04401,10577.0,44165.0
2025-07-25T08:16:26.681574,ACE-USDT,0.5611,0.562,112.07,111.05
2025-07-25T08:16:26.681602,ADA-USDT,0.7976,0.7977,57005.0,17758.0
2025-07-25T08:16:26.681634,AERGO-USDT,0.13072,0.13079,1120.0,455.0
2025-07-25T08:16:26.681664,AERO-USDT,0.877,0.8773,101.0,101.0
2025-07-25T08:16:26.681690,AEVO-USDT,0.1043,0.1044,26755.8,48841.4
2025-07-25T08:16:26.682615,AGLD-USDT,0.7679,0.7681,413.9,152.7
2025-07-25T08:16:26.682652,AI16Z-USDT,0.1465,0.1466,60763.0,68488.0
2025-07-25T08:16:26.682671,AGT-USDT,0.005594,0.0056,255.0,13009.0
2025-07-25T08:16:26.682687,AIXBT-USDT,0.13947,0.13949,158.0,341.0
2025-07-25T08:16:26.682707,AI-USDT,0.13083,0.13086,476.0,377.0
2025-07-25T08:16:26.682739,ALCH-USDT,0.13765,0.13767,2126.0,7088.0
2025-07-25T08:16:26.682772,ALT-USDT,0.03347,0.03349,30117.0,27403.0
2025-07-25T08:16:26.683015,AIN-USDT,0.15312,0.1533,3300.0,1114.0
2025-07-25T08:16:26.683048,ALGO-USDT,0.2576,0.2577,4262.1,24539.5
2025-07-25T08:16:26.683074,ANIME-USDT,0.0186,0.01862,259543.0,143169.0
2025-07-25T08:16:26.685918,ALCH-USDT,0.13765,0.13767,2126.0,7088.0
2025-07-25T08:16:26.754706,AAVE-USDT,287.18,287.19,2.0,0.5
2025-07-25T08:16:26.754742,AEVO-USDT,0.1043,0.1044,26755.8,48841.4
2025-07-25T08:16:26.754778,AI16Z-USDT,0.1465,0.1466,60763.0,58748.0
2025-07-25T08:16:26.754823,AGLD-USDT,0.7679,0.7681,413.9,71.1
2025-07-25T08:16:26.788622,ACE-USDT,0.5612,0.5619,112.07,236.77
2025-07-25T08:16:26.807027,ADA-USDT,0.7976,0.7977,40505.0,17758.0
2025-07-25T08:16:26.827933,AI-USDT,0.13083,0.13086,476.0,377.0
2025-07-25T08:16:26.830910,ANIME-USDT,0.0186,0.01862,259543.0,143169.0
2025-07-25T08:16:26.845001,AAVE-USDT,287.18,287.19,1.4,0.8
2025-07-25T08:16:26.850877,AEVO-USDT,0.1043,0.1044,26755.8,48841.4
2025-07-25T08:16:26.877435,AI16Z-USDT,0.1465,0.1466,60763.0,58748.0
2025-07-25T08:16:26.905333,AIXBT-USDT,0.13947,0.13951,158.0,1586.0
2025-07-25T08:16:26.910209,AGT-USDT,0.005594,0.0056,255.0,13009.0
2025-07-25T08:16:26.934773,ACE-USDT,0.5611,0.5618,112.07,112.07
2025-07-25T08:16:26.955498,ADA-USDT,0.7976,0.7977,51960.0,17758.0
2025-07-25T08:16:26.963177,ACH-USDT,0.021628,0.021629,4671.0,2458.0
2025-07-25T08:16:26.963226,ALGO-USDT,0.2576,0.2577,18262.1,24539.5
2025-07-25T08:16:26.981210,ANIME-USDT,0.0186,0.01862,259543.0,143169.0
2025-07-25T08:16:26.985107,ALCH-USDT,0.13765,0.13767,2126.0,7088.0
2025-07-25T08:16:26.996232,AAVE-USDT,287.18,287.19,0.7,1.3
2025-07-25T08:16:27.000596,AEVO-USDT,0.1043,0.1044,26755.8,48841.4
2025-07-25T08:16:27.028857,AI16Z-USDT,0.1465,0.1466,60763.0,58748.0
2025-07-25T08:16:27.029443,AERO-USDT,0.877,0.8773,101.0,101.0
2025-07-25T08:16:27.056506,AIXBT-USDT,0.1395,0.13953,362.0,1586.0
2025-07-25T08:16:27.061716,AGT-USDT,0.005594,0.0056,255.0,13009.0
2025-07-25T08:16:27.094601,ACE-USDT,0.561,0.5618,112.07,112.07
2025-07-25T08:16:27.110978,ADA-USDT,0.7976,0.7977,51960.0,17758.0
2025-07-25T08:16:27.117173,1INCH-USDT,0.273,0.2731,35937.0,13794.7
2025-07-25T08:16:27.119107,ALGO-USDT,0.2576,0.2577,18262.1,24539.5
2025-07-25T08:16:27.133122,ANIME-USDT,0.0186,0.01862,259543.0,143169.0
2025-07-25T08:16:27.146895,AAVE-USDT,287.18,287.19,1.1,0.8
2025-07-25T08:16:27.153511,AEVO-USDT,0.1043,0.1044,26755.8,48841.4
2025-07-25T08:16:27.177464,AI16Z-USDT,0.1465,0.1466,60763.0,68488.0
2025-07-25T08:16:27.203939,AIXBT-USDT,0.1395,0.13951,362.0,341.0
2025-07-25T08:16:27.234289,ACE-USDT,0.561,0.5618,112.07,112.07
2025-07-25T08:16:27.255823,ADA-USDT,0.7976,0.7977,51960.0,17758.0
2025-07-25T08:16:27.257728,ALT-USDT,0.03347,0.03349,30117.0,27403.0
2025-07-25T08:16:27.297845,ANIME-USDT,0.0186,0.01862,259543.0,143169.0
2025-07-25T08:16:27.298499,1INCH-USDT,0.273,0.2731,35937.0,13794.7
2025-07-25T08:16:27.305389,AAVE-USDT,287.18,287.19,1.6,0.8
2025-07-25T08:16:27.305640,AEVO-USDT,0.1043,0.1044,26755.8,48841.4
2025-07-25T08:16:27.329010,AI16Z-USDT,0.1465,0.1466,60763.0,58748.0
2025-07-25T08:16:27.354351,AIXBT-USDT,0.1395,0.13951,362.0,341.0
2025-07-25T08:16:27.359981,AGT-USDT,0.005594,0.0056,255.0,13009.0
2025-07-25T08:16:27.368037,AERGO-USDT,0.13072,0.13079,1120.0,455.0
2025-07-25T08:16:27.414406,ADA-USDT,0.7976,0.7977,35460.0,16913.0
2025-07-25T08:16:27.425892,ACH-USDT,0.021628,0.021629,4671.0,2458.0
2025-07-25T08:16:27.425932,ALGO-USDT,0.2576,0.2577,20168.7,24539.5
2025-07-25T08:16:27.425961,1INCH-USDT,0.273,0.2731,35937.0,13794.7
2025-07-25T08:16:27.433560,ANIME-USDT,0.0186,0.01862,259543.0,145041.0
2025-07-25T08:16:27.447845,AAVE-USDT,287.18,287.19,0.7,1.1
2025-07-25T08:16:27.479396,AI16Z-USDT,0.1465,0.1466,60763.0,58748.0
2025-07-25T08:16:27.488659,AGLD-USDT,0.768,0.7681,81.6,71.1
2025-07-25T08:16:27.505016,AIXBT-USDT,0.1395,0.13951,362.0,2192.0
2025-07-25T08:16:27.522532,AGT-USDT,0.005594,0.0056,255.0,13009.0
2025-07-25T08:16:27.522582,AERGO-USDT,0.13073,0.13079,465.0,455.0
2025-07-25T08:16:27.558256,ALT-USDT,0.03348,0.03349,1853.0,27403.0
2025-07-25T08:16:27.561309,1INCH-USDT,0.273,0.2731,35937.0,13490.4
2025-07-25T08:16:27.561349,ACH-USDT,0.021628,0.021629,7601.0,2458.0
2025-07-25T08:16:27.561932,ALGO-USDT,0.2576,0.2577,20168.7,24539.5
2025-07-25T08:16:27.583398,ANIME-USDT,0.0186,0.01862,259543.0,143169.0
2025-07-25T08:16:27.596330,AAVE-USDT,287.18,287.19,0.7,0.8
2025-07-25T08:16:27.602587,AEVO-USDT,0.1043,0.1044,26755.8,48841.4
2025-07-25T08:16:27.628917,AI16Z-USDT,0.1465,0.1466,60763.0,58748.0
2025-07-25T08:16:27.629189,AERO-USDT,0.877,0.8773,101.0,101.0
2025-07-25T08:16:27.660635,AGT-USDT,0.005594,0.0056,255.0,13009.0
2025-07-25T08:16:27.669193,A-USDT,0.55881,0.55934,105.0,107.0
2025-07-25T08:16:27.708709,ADA-USDT,0.7976,0.7977,35460.0,16913.0
2025-07-25T08:16:27.708883,ALT-USDT,0.03347,0.03349,30117.0,27403.0
2025-07-25T08:16:27.713040,ALGO-USDT,0.2576,0.2577,20168.7,24539.5
2025-07-25T08:16:27.732287,ANIME-USDT,0.0186,0.01862,259543.0,143169.0
2025-07-25T08:16:27.753799,AAVE-USDT,287.18,287.19,0.7,0.8
2025-07-25T08:16:27.779499,AI16Z-USDT,0.1465,0.1466,60763.0,58748.0
2025-07-25T08:16:27.812747,AGT-USDT,0.005594,0.0056,255.0,13009.0
2025-07-25T08:16:27.857123,ADA-USDT,0.7976,0.7977,51960.0,16913.0
2025-07-25T08:16:27.858959,ALT-USDT,0.03347,0.03349,30117.0,27403.0
2025-07-25T08:16:27.863465,ACH-USDT,0.021628,0.021629,4671.0,2458.0
2025-07-25T08:16:27.863513,ALGO-USDT,0.2576,0.2577,20168.7,24539.5
2025-07-25T08:16:27.881536,ANIME-USDT,0.0186,0.01862,259543.0,143169.0
2025-07-25T08:16:27.895700,AAVE-USDT,287.18,287.19,0.7,0.5
2025-07-25T08:16:27.901357,AEVO-USDT,0.1043,0.1044,26755.8,48841.4
2025-07-25T08:16:27.931313,AERO-USDT,0.877,0.8773,101.0,101.0
2025-07-25T08:16:27.941027,AGLD-USDT,0.7679,0.7681,413.9,71.1
2025-07-25T08:16:27.960852,AGT-USDT,0.005594,0.0056,255.0,13009.0
2025-07-25T08:16:27.986585,ACE-USDT,0.561,0.5618,112.07,112.07
2025-07-25T08:16:28.006548,ADA-USDT,0.7976,0.7977,51960.0,16913.0
2025-07-25T08:16:28.015099,ALT-USDT,0.03347,0.03349,30117.0,27403.0
2025-07-25T08:16:28.015138,ACH-USDT,0.021628,0.021631,4671.0,4678.0
2025-07-25T08:16:28.017860,ALGO-USDT,0.2576,0.2577,20168.7,24539.5
2025-07-25T08:16:28.031546,ANIME-USDT,0.0186,0.01862,259543.0,143169.0
2025-07-25T08:16:28.046694,AAVE-USDT,287.18,287.19,0.7,0.8
2025-07-25T08:16:28.053836,AEVO-USDT,0.1043,0.1044,26755.8,48841.4
2025-07-25T08:16:28.078070,AI16Z-USDT,0.1465,0.1466,60763.0,58748.0
2025-07-25T08:16:28.088034,AGLD-USDT,0.7679,0.7681,495.5,71.1
2025-07-25T08:16:28.163159,ALGO-USDT,0.2576,0.2577,20168.7,24539.5
2025-07-25T08:16:28.163521,ACH-USDT,0.021628,0.021631,4671.0,4678.0
2025-07-25T08:16:28.181667,ANIME-USDT,0.0186,0.01862,257671.0,143169.0
2025-07-25T08:16:28.187606,ALCH-USDT,0.13765,0.13767,2126.0,7088.0
2025-07-25T08:16:28.201840,AEVO-USDT,0.1043,0.1044,26755.8,48841.4
2025-07-25T08:16:28.227909,AI16Z-USDT,0.1465,0.1466,60763.0,58748.0
2025-07-25T08:16:28.306591,ADA-USDT,0.7976,0.7977,51960.0,17758.0
2025-07-25T08:16:28.310892,ALT-USDT,0.03347,0.03349,30117.0,27403.0
2025-07-25T08:16:28.315335,ALGO-USDT,0.2576,0.2577,20168.7,24539.5
2025-07-25T08:16:28.332748,ANIME-USDT,0.0186,0.01862,257671.0,145041.0
2025-07-25T08:16:28.338426,ALCH-USDT,0.13765,0.13767,2126.0,7088.0
2025-07-25T08:16:28.353497,AEVO-USDT,0.1043,0.1044,26755.8,48841.4
2025-07-25T08:16:28.378487,AI16Z-USDT,0.1465,0.1466,60763.0,58748.0
2025-07-25T08:16:28.411517,AGT-USDT,0.005594,0.0056,255.0,13009.0
2025-07-25T08:16:28.456492,ADA-USDT,0.7976,0.7977,35460.0,17758.0
2025-07-25T08:16:28.458642,ALT-USDT,0.03347,0.03349,30117.0,27403.0
2025-07-25T08:16:28.463026,ALGO-USDT,0.2576,0.2577,20168.7,24539.5
2025-07-25T08:16:28.482106,ANIME-USDT,0.0186,0.01862,257671.0,145041.0
2025-07-25T08:16:28.486947,ALCH-USDT,0.13765,0.13767,2126.0,7088.0
2025-07-25T08:16:28.496569,AAVE-USDT,287.18,287.19,1.2,0.5
2025-07-25T08:16:28.502834,AEVO-USDT,0.1043,0.1044,26755.8,39264.2
2025-07-25T08:16:28.561499,AGT-USDT,0.005594,0.0056,255.0,13009.0
2025-07-25T08:16:28.608594,ADA-USDT,0.7976,0.7977,35460.0,17758.0
2025-07-25T08:16:28.612975,ALT-USDT,0.03347,0.03349,30117.0,27403.0
2025-07-25T08:16:28.616901,ACH-USDT,0.021628,0.021631,4671.0,4678.0
2025-07-25T08:16:28.617164,ALGO-USDT,0.2576,0.2577,20168.7,24539.5
2025-07-25T08:16:28.633634,ANIME-USDT,0.0186,0.01862,257671.0,145041.0
2025-07-25T08:16:28.638573,ALCH-USDT,0.13765,0.13767,2126.0,7088.0
2025-07-25T08:16:28.646683,AAVE-USDT,287.18,287.19,2.5,0.5
2025-07-25T08:16:28.653172,AEVO-USDT,0.1043,0.1044,26755.8,39264.2
2025-07-25T08:16:28.678091,AI16Z-USDT,0.1465,0.1466,60763.0,58748.0
2025-07-25T08:16:28.679660,AERO-USDT,0.8765,0.877,191.0,101.0
2025-07-25T08:16:28.713432,AGT-USDT,0.005594,0.0056,255.0,20172.0
2025-07-25T08:16:28.735399,ACE-USDT,0.561,0.5618,112.07,112.07
2025-07-25T08:16:28.756490,ADA-USDT,0.7976,0.7977,35460.0,17758.0
2025-07-25T08:16:28.758359,ALT-USDT,0.03347,0.03349,30117.0,27403.0
2025-07-25T08:16:28.764052,ALGO-USDT,0.2576,0.2577,20168.7,24539.5
2025-07-25T08:16:28.781911,ANIME-USDT,0.0186,0.01862,257671.0,145041.0
2025-07-25T08:16:28.787723,ALCH-USDT,0.13765,0.13767,2126.0,7088.0
2025-07-25T08:16:28.795530,AAVE-USDT,287.18,287.19,2.4,0.5
2025-07-25T08:16:28.801710,AEVO-USDT,0.1043,0.1044,26755.8,39264.2
2025-07-25T08:16:28.828601,AI16Z-USDT,0.1465,0.1466,60763.0,58748.0
2025-07-25T08:16:28.830093,AERO-USDT,0.8766,0.877,101.0,155.0
2025-07-25T08:16:28.910252,ADA-USDT,0.7976,0.7977,51960.0,17758.0
2025-07-25T08:16:28.921667,ALGO-USDT,0.2576,0.2577,20168.7,24539.5
2025-07-25T08:16:28.932329,ANIME-USDT,0.0186,0.01862,257671.0,145041.0
2025-07-25T08:16:28.938909,ALCH-USDT,0.13765,0.13767,2126.0,7088.0
2025-07-25T08:16:28.948332,AAVE-USDT,287.18,287.19,1.4,0.8
2025-07-25T08:16:28.984200,AI16Z-USDT,0.1465,0.1466,60763.0,58748.0
2025-07-25T08:16:28.985035,AERO-USDT,0.8766,0.877,101.0,155.0
2025-07-25T08:16:29.011909,AGT-USDT,0.005594,0.0056,255.0,20172.0
2025-07-25T08:16:29.056841,ADA-USDT,0.7976,0.7977,51960.0,350.0
2025-07-25T08:16:29.059138,ALT-USDT,0.03347,0.03349,30117.0,27403.0
2025-07-25T08:16:29.082661,ANIME-USDT,0.0186,0.01862,259543.0,143169.0
2025-07-25T08:16:29.096311,AAVE-USDT,287.18,287.19,1.4,0.5
2025-07-25T08:16:29.135903,AI16Z-USDT,0.1465,0.1466,60763.0,58748.0
2025-07-25T08:16:29.135946,AERO-USDT,0.8766,0.877,101.0,155.0
2025-07-25T08:16:29.138469,AGLD-USDT,0.768,0.7681,81.6,71.1
2025-07-25T08:16:29.157229,AIXBT-USDT,0.1395,0.13951,362.0,341.0
2025-07-25T08:16:29.161954,AGT-USDT,0.005594,0.0056,255.0,20172.0
2025-07-25T08:16:29.207460,ADA-USDT,0.7976,0.7977,57005.0,350.0
2025-07-25T08:16:29.209619,ALT-USDT,0.03347,0.03349,30117.0,27403.0
2025-07-25T08:16:29.215217,1INCH-USDT,0.273,0.2731,38229.1,13490.4
2025-07-25T08:16:29.215264,ACH-USDT,0.021629,0.021631,2930.0,4678.0
2025-07-25T08:16:29.216400,ALGO-USDT,0.2576,0.2577,20168.7,24539.5
2025-07-25T08:16:29.233599,ANIME-USDT,0.0186,0.01862,259543.0,143169.0
2025-07-25T08:16:29.238849,ALCH-USDT,0.13765,0.13767,2126.0,7088.0
2025-07-25T08:16:29.248853,AAVE-USDT,287.18,287.19,1.4,0.5
2025-07-25T08:16:29.251864,AEVO-USDT,0.1043,0.1044,26755.8,39264.2
2025-07-25T08:16:29.281189,AI16Z-USDT,0.1465,0.1466,60763.0,58748.0
2025-07-25T08:16:29.281240,AERO-USDT,0.8766,0.877,101.0,101.0
2025-07-25T08:16:29.313137,AGT-USDT,0.005594,0.0056,255.0,20172.0
2025-07-25T08:16:29.318821,A-USDT,0.55881,0.55934,105.0,107.0
2025-07-25T08:16:29.339381,ACE-USDT,0.561,0.5618,112.07,112.07
2025-07-25T08:16:29.357521,ADA-USDT,0.7978,0.7979,576.0,38507.0
2025-07-25T08:16:29.359891,ALT-USDT,0.03347,0.03349,30117.0,36483.0
2025-07-25T08:16:29.369025,ACH-USDT,0.021629,0.02163,2930.0,2458.0
2025-07-25T08:16:29.369057,1INCH-USDT,0.273,0.2731,38229.1,5490.4
2025-07-25T08:16:29.369086,ALGO-USDT,0.2576,0.2577,20168.7,24539.5
2025-07-25T08:16:29.379618,AI-USDT,0.13086,0.13088,377.0,555.0
2025-07-25T08:16:29.382409,ANIME-USDT,0.0186,0.01862,259543.0,143169.0
2025-07-25T08:16:29.386674,ALCH-USDT,0.13765,0.13767,2126.0,7088.0
2025-07-25T08:16:29.397599,AAVE-USDT,287.18,287.21,3.7,2.4
2025-07-25T08:16:29.402888,AEVO-USDT,0.1043,0.1045,37436.3,54519.5
2025-07-25T08:16:29.429974,AI16Z-USDT,0.1465,0.1466,70503.0,56624.0
2025-07-25T08:16:29.430836,AERO-USDT,0.8766,0.877,101.0,101.0
2025-07-25T08:16:29.457032,AIXBT-USDT,0.13956,0.13959,76003.0,14428.0
2025-07-25T08:16:29.469046,A-USDT,0.55881,0.55934,803.0,107.0
2025-07-25T08:16:29.507831,ADA-USDT,0.7978,0.7979,69693.0,204.0
2025-07-25T08:16:29.509169,ALT-USDT,0.03347,0.03349,30117.0,36483.0
2025-07-25T08:16:29.514158,1INCH-USDT,0.273,0.2731,38229.1,5490.4
2025-07-25T08:16:29.514197,ACH-USDT,0.02163,0.021632,3375.0,4676.0
2025-07-25T08:16:29.514221,ALGO-USDT,0.2576,0.2577,24323.7,16539.5
2025-07-25T08:16:29.531641,AI-USDT,0.13088,0.1309,555.0,555.0
2025-07-25T08:16:29.533563,ANIME-USDT,0.0186,0.01862,259543.0,143169.0
2025-07-25T08:16:29.547745,AAVE-USDT,287.2,287.21,0.9,0.5
2025-07-25T08:16:29.554048,AEVO-USDT,0.1044,0.1045,946.3,64060.9
2025-07-25T08:16:29.577805,ACT-USDT,0.04399,0.04401,10577.0,34165.0
2025-07-25T08:16:29.579515,AI16Z-USDT,0.1465,0.1466,60763.0,56624.0
2025-07-25T08:16:29.583624,AERO-USDT,0.8766,0.877,101.0,101.0
2025-07-25T08:16:29.589259,AGLD-USDT,0.7681,0.7683,71.1,365.3
2025-07-25T08:16:29.609050,AIXBT-USDT,0.13956,0.13958,543.0,341.0
2025-07-25T08:16:29.611944,AGT-USDT,0.005594,0.0056,255.0,20172.0
2025-07-25T08:16:29.623304,A-USDT,0.55886,0.55934,105.0,107.0
2025-07-25T08:16:29.637383,ACE-USDT,0.561,0.5618,112.07,112.07
2025-07-25T08:16:29.651915,AIN-USDT,0.15311,0.15328,11740.0,3342.0
2025-07-25T08:16:29.657526,ADA-USDT,0.7978,0.7979,69393.0,204.0
2025-07-25T08:16:29.659888,ALT-USDT,0.03347,0.03349,30117.0,36483.0
2025-07-25T08:16:29.664464,ACH-USDT,0.02163,0.021632,6305.0,4676.0
2025-07-25T08:16:29.665029,ALGO-USDT,0.2576,0.2577,24323.7,16539.5
2025-07-25T08:16:29.682965,AI-USDT,0.13088,0.13089,555.0,377.0
2025-07-25T08:16:29.683003,ANIME-USDT,0.0186,0.01862,259543.0,143169.0
2025-07-25T08:16:29.697500,AAVE-USDT,287.2,287.21,0.9,0.5
2025-07-25T08:16:29.702170,AEVO-USDT,0.1044,0.1045,946.3,31962.7
2025-07-25T08:16:29.738925,AGLD-USDT,0.7683,0.7684,424.6,148.2
2025-07-25T08:16:29.755750,AIXBT-USDT,0.13956,0.13958,543.0,341.0
2025-07-25T08:16:29.761669,AGT-USDT,0.005594,0.0056,255.0,13009.0
2025-07-25T08:16:29.786666,ACE-USDT,0.561,0.5618,112.07,112.07
2025-07-25T08:16:29.803629,AIN-USDT,0.15312,0.15328,14094.0,3342.0
2025-07-25T08:16:29.808282,ADA-USDT,0.7978,0.7979,94053.0,204.0
2025-07-25T08:16:29.809525,ALT-USDT,0.03347,0.03349,30117.0,27403.0
2025-07-25T08:16:29.829999,AI-USDT,0.13088,0.13089,555.0,377.0
2025-07-25T08:16:29.832820,ANIME-USDT,0.0186,0.01862,259543.0,143169.0
2025-07-25T08:16:29.846996,AAVE-USDT,287.2,287.22,6.5,0.5
2025-07-25T08:16:29.856187,AEVO-USDT,0.1044,0.1045,946.3,74440.5
2025-07-25T08:16:29.879131,ACT-USDT,0.04399,0.04402,10577.0,58612.0
2025-07-25T08:16:29.879969,AI16Z-USDT,0.1465,0.1466,60763.0,56624.0
2025-07-25T08:16:29.892125,AGLD-USDT,0.7682,0.7684,1585.3,148.2
2025-07-25T08:16:29.907084,AIXBT-USDT,0.13956,0.13959,543.0,185.0
2025-07-25T08:16:29.912042,AGT-USDT,0.005594,0.0056,255.0,13009.0
2025-07-25T08:16:29.940701,ACE-USDT,0.561,0.5618,112.07,112.07
2025-07-25T08:16:29.967012,ADA-USDT,0.7979,0.798,48910.0,2191.0
2025-07-25T08:16:29.967060,ALT-USDT,0.03348,0.03349,1853.0,27403.0
2025-07-25T08:16:29.970319,ACH-USDT,0.021632,0.021638,9351.0,10058.0
2025-07-25T08:16:29.970357,1INCH-USDT,0.2731,0.2732,5490.4,28069.7
2025-07-25T08:16:29.970386,ALGO-USDT,0.2576,0.2577,24323.7,9993.8
2025-07-25T08:16:29.981165,AI-USDT,0.13089,0.13091,377.0,555.0
2025-07-25T08:16:29.983771,ANIME-USDT,0.0186,0.01862,259543.0,143169.0
2025-07-25T08:16:29.997706,AAVE-USDT,287.23,287.26,1.6,2.5
2025-07-25T08:16:30.003368,AEVO-USDT,0.1044,0.1045,946.3,99440.5
2025-07-25T08:16:30.029200,ACT-USDT,0.04401,0.04404,15706.0,47415.0
2025-07-25T08:16:30.029240,AI16Z-USDT,0.1465,0.1467,79241.0,101841.0
2025-07-25T08:16:30.037476,AERO-USDT,0.8766,0.877,101.0,101.0
2025-07-25T08:16:30.039278,AGLD-USDT,0.7683,0.7687,81.6,81.1
2025-07-25T08:16:30.059524,AIXBT-USDT,0.13956,0.13959,543.0,185.0
2025-07-25T08:16:30.061818,AGT-USDT,0.005594,0.0056,255.0,13009.0
2025-07-25T08:16:30.072069,AERGO-USDT,0.13073,0.1308,465.0,362.0
2025-07-25T08:16:30.089337,ACE-USDT,0.561,0.5619,112.07,112.07
2025-07-25T08:16:30.102556,AIN-USDT,0.15312,0.15328,14094.0,3342.0
2025-07-25T08:16:30.111163,ADA-USDT,0.7979,0.798,67359.0,8067.0
2025-07-25T08:16:30.112055,ALT-USDT,0.03348,0.03349,11853.0,27403.0
2025-07-25T08:16:30.115389,1INCH-USDT,0.2731,0.2732,18345.0,5791.0
2025-07-25T08:16:30.117148,ACH-USDT,0.021637,0.021644,3375.0,182231.0
2025-07-25T08:16:30.118105,ALGO-USDT,0.2576,0.2577,24323.7,9993.8
2025-07-25T08:16:30.130388,AI-USDT,0.13089,0.13091,853.0,555.0
2025-07-25T08:16:30.133539,ANIME-USDT,0.01861,0.01863,214247.0,146646.0
2025-07-25T08:16:30.147774,AAVE-USDT,287.25,287.29,5.5,68.4
2025-07-25T08:16:30.152954,AEVO-USDT,0.1044,0.1045,946.3,99440.5
2025-07-25T08:16:30.178087,ACT-USDT,0.04403,0.04405,15706.0,47558.0
2025-07-25T08:16:30.180137,AI16Z-USDT,0.1466,0.1467,16292.0,54973.0
2025-07-25T08:16:30.183410,AERO-USDT,0.8766,0.877,101.0,101.0
2025-07-25T08:16:30.197609,AGLD-USDT,0.7683,0.7687,506.2,81.1
2025-07-25T08:16:30.206622,AIXBT-USDT,0.13956,0.13966,543.0,14428.0
2025-07-25T08:16:30.220588,A-USDT,0.55886,0.55934,443.0,107.0
2025-07-25T08:16:30.220626,AERGO-USDT,0.13073,0.13082,1064.0,455.0
2025-07-25T08:16:30.236450,ACE-USDT,0.561,0.5619,112.07,112.07
2025-07-25T08:16:30.253463,AIN-USDT,0.15312,0.15328,14094.0,3342.0
2025-07-25T08:16:30.257464,ADA-USDT,0.7979,0.798,67659.0,8912.0
2025-07-25T08:16:30.259750,ALT-USDT,0.03348,0.03349,11853.0,27403.0
2025-07-25T08:16:30.262936,ACH-USDT,0.021638,0.021643,2250.0,2930.0
2025-07-25T08:16:30.262974,1INCH-USDT,0.2731,0.2732,18345.0,5791.0
2025-07-25T08:16:30.264162,ALGO-USDT,0.2576,0.2577,24323.7,9993.8
2025-07-25T08:16:30.284112,AI-USDT,0.13089,0.13091,377.0,555.0
2025-07-25T08:16:30.284160,ANIME-USDT,0.01861,0.01863,216119.0,90932.0
2025-07-25T08:16:30.304127,AAVE-USDT,287.26,287.27,1.2,0.3
2025-07-25T08:16:30.304548,AEVO-USDT,0.1044,0.1045,946.3,99440.5
2025-07-25T08:16:30.329200,ACT-USDT,0.04403,0.04404,34165.0,10000.0
2025-07-25T08:16:30.330714,AI16Z-USDT,0.1466,0.1467,46726.0,101378.0
2025-07-25T08:16:30.339931,AGLD-USDT,0.7684,0.7687,81.6,397.9
2025-07-25T08:16:30.356008,AIXBT-USDT,0.13956,0.13966,1269.0,15870.0
2025-07-25T08:16:30.368652,A-USDT,0.55891,0.55934,105.0,107.0
2025-07-25T08:16:30.369405,AERGO-USDT,0.13075,0.13082,362.0,455.0
2025-07-25T08:16:30.407406,ADA-USDT,0.7979,0.798,67659.0,8067.0
2025-07-25T08:16:30.415165,ACH-USDT,0.021639,0.021643,2250.0,2930.0
2025-07-25T08:16:30.415218,1INCH-USDT,0.2731,0.2732,18345.0,5791.0
2025-07-25T08:16:30.432079,AI-USDT,0.13089,0.13091,853.0,555.0
2025-07-25T08:16:30.435257,ANIME-USDT,0.01861,0.01863,216119.0,90932.0
2025-07-25T08:16:30.437101,ALCH-USDT,0.13765,0.13771,2126.0,2271.0
2025-07-25T08:16:30.450636,AAVE-USDT,287.26,287.29,4.2,2.9
2025-07-25T08:16:30.456083,AEVO-USDT,0.1044,0.1045,946.3,99440.5
2025-07-25T08:16:30.480353,ACT-USDT,0.04404,0.04407,10000.0,11895.0
2025-07-25T08:16:30.481913,AERO-USDT,0.8766,0.8774,101.0,113.0
2025-07-25T08:16:30.484593,AI16Z-USDT,0.1466,0.1467,46726.0,101378.0
2025-07-25T08:16:30.491473,AGLD-USDT,0.7684,0.7687,81.6,81.1
2025-07-25T08:16:30.507770,AIXBT-USDT,0.13956,0.13965,1269.0,2149.0
2025-07-25T08:16:30.517107,A-USDT,0.55891,0.55934,105.0,107.0
2025-07-25T08:16:30.518239,AERGO-USDT,0.13076,0.13084,465.0,459.0
2025-07-25T08:16:30.537017,ACE-USDT,0.561,0.5619,112.07,112.07
2025-07-25T08:16:30.557741,ADA-USDT,0.7979,0.798,67659.0,7942.0
2025-07-25T08:16:30.559514,ALT-USDT,0.03349,0.0335,12265.0,11740.0
2025-07-25T08:16:30.563409,ACH-USDT,0.02164,0.021643,2250.0,2930.0
2025-07-25T08:16:30.565650,1INCH-USDT,0.2731,0.2732,18345.0,5490.4
2025-07-25T08:16:30.580923,AI-USDT,0.13091,0.13096,555.0,500.0
2025-07-25T08:16:30.586256,ANIME-USDT,0.01861,0.01863,236119.0,150932.0
2025-07-25T08:16:30.591259,ALCH-USDT,0.13765,0.13771,2126.0,2126.0
2025-07-25T08:16:30.597187,AAVE-USDT,287.3,287.31,1.6,0.3
2025-07-25T08:16:30.603898,AEVO-USDT,0.1044,0.1045,2925.5,89872.4
2025-07-25T08:16:30.629077,ACT-USDT,0.04404,0.04407,10000.0,44165.0
2025-07-25T08:16:30.630071,AI16Z-USDT,0.1466,0.1467,46726.0,101378.0
2025-07-25T08:16:30.631677,AERO-USDT,0.8766,0.8773,429.0,101.0
2025-07-25T08:16:30.639307,AGLD-USDT,0.7684,0.7688,81.6,1348.2
2025-07-25T08:16:30.657883,AIXBT-USDT,0.13956,0.13964,1269.0,1851.0
2025-07-25T08:16:30.677189,AERGO-USDT,0.13077,0.13086,362.0,465.0
2025-07-25T08:16:30.688156,ACE-USDT,0.561,0.5619,112.07,112.07
2025-07-25T08:16:30.709092,AIN-USDT,0.15312,0.15333,17436.0,143.0
2025-07-25T08:16:30.709131,ADA-USDT,0.798,0.7981,32049.0,14295.0
2025-07-25T08:16:30.713185,ALT-USDT,0.03349,0.0335,14118.0,11740.0
2025-07-25T08:16:30.713494,ACH-USDT,0.021642,0.021644,2250.0,10058.0
2025-07-25T08:16:30.714296,ALGO-USDT,0.2576,0.2577,22887.0,5514.9
2025-07-25T08:16:30.715708,1INCH-USDT,0.2731,0.2732,18494.5,5490.4
2025-07-25T08:16:30.730506,AI-USDT,0.13094,0.13098,500.0,500.0
2025-07-25T08:16:30.733877,ANIME-USDT,0.01861,0.01863,236119.0,150932.0
2025-07-25T08:16:30.738038,ALCH-USDT,0.13766,0.13771,456.0,2126.0
2025-07-25T08:16:30.746438,AAVE-USDT,287.3,287.31,1.6,0.8
2025-07-25T08:16:30.752593,AEVO-USDT,0.1044,0.1045,2925.5,89872.4
2025-07-25T08:16:30.778946,ACT-USDT,0.04404,0.04407,10577.0,44165.0
2025-07-25T08:16:30.779684,AI16Z-USDT,0.1466,0.1467,44602.0,101378.0
2025-07-25T08:16:30.782001,AERO-USDT,0.8766,0.8773,193.0,101.0
2025-07-25T08:16:30.794738,AGLD-USDT,0.7684,0.7688,81.6,1348.2
2025-07-25T08:16:30.808017,AIXBT-USDT,0.13957,0.13963,362.0,1851.0
2025-07-25T08:16:30.813106,AGT-USDT,0.005594,0.0056,255.0,13009.0
2025-07-25T08:16:30.819478,AERGO-USDT,0.13078,0.13086,465.0,465.0
2025-07-25T08:16:30.843225,ACE-USDT,0.561,0.5619,112.07,112.07
2025-07-25T08:16:30.856010,AIN-USDT,0.15312,0.15335,14094.0,3342.0
2025-07-25T08:16:30.864873,ADA-USDT,0.798,0.7981,65462.0,17328.0
2025-07-25T08:16:30.864926,ALT-USDT,0.03349,0.0335,12265.0,13593.0
2025-07-25T08:16:30.864965,ACH-USDT,0.021642,0.021646,2250.0,11183.0
2025-07-25T08:16:30.880845,ALGO-USDT,0.2576,0.2577,26198.4,19777.0
2025-07-25T08:16:30.880883,AI-USDT,0.13094,0.13097,500.0,476.0
2025-07-25T08:16:30.890591,ANIME-USDT,0.01861,0.01863,236119.0,150932.0
2025-07-25T08:16:30.890647,ALCH-USDT,0.13766,0.13771,2456.0,2271.0
2025-07-25T08:16:30.898288,AAVE-USDT,287.29,287.31,0.2,1.1
2025-07-25T08:16:30.907511,AEVO-USDT,0.1044,0.1045,2925.5,89872.4
2025-07-25T08:16:30.929967,ACT-USDT,0.04404,0.04407,10577.0,59373.0
2025-07-25T08:16:30.930005,AI16Z-USDT,0.1466,0.1467,46726.0,101378.0
2025-07-25T08:16:30.931163,AERO-USDT,0.8766,0.8773,429.0,101.0
2025-07-25T08:16:30.957487,AIXBT-USDT,0.13958,0.13962,362.0,1851.0
2025-07-25T08:16:30.963216,AGT-USDT,0.005594,0.005601,255.0,63037.0
2025-07-25T08:16:30.968503,A-USDT,0.55891,0.55934,105.0,107.0
2025-07-25T08:16:30.970438,AERGO-USDT,0.13079,0.13086,465.0,465.0
2025-07-25T08:16:30.996743,ACE-USDT,0.561,0.562,112.07,111.05
2025-07-25T08:16:31.006895,AIN-USDT,0.15312,0.15334,14094.0,793.0
2025-07-25T08:16:31.009496,ADA-USDT,0.798,0.7981,16563.0,52554.0
2025-07-25T08:16:31.010442,ALT-USDT,0.03349,0.0335,12265.0,13593.0
2025-07-25T08:16:31.014073,ACH-USDT,0.021642,0.021644,2250.0,2930.0
2025-07-25T08:16:31.014421,1INCH-USDT,0.2731,0.2732,16202.4,13490.4
2025-07-25T08:16:31.017164,ALGO-USDT,0.2576,0.2577,27302.2,19777.0
2025-07-25T08:16:31.032996,AI-USDT,0.13094,0.13097,500.0,476.0
2025-07-25T08:16:31.034594,ANIME-USDT,0.01861,0.01863,236119.0,150932.0
2025-07-25T08:16:31.040521,ALCH-USDT,0.13766,0.13771,2456.0,2271.0
2025-07-25T08:16:31.047106,AAVE-USDT,287.27,287.28,0.3,3.6
2025-07-25T08:16:31.054875,AEVO-USDT,0.1044,0.1045,2925.5,89872.4
2025-07-25T08:16:31.081695,AI16Z-USDT,0.1466,0.1467,46726.0,115378.0
2025-07-25T08:16:31.081762,AERO-USDT,0.8766,0.8773,429.0,101.0
2025-07-25T08:16:31.089829,AGLD-USDT,0.7683,0.7688,537.5,1348.2
2025-07-25T08:16:31.106285,AIXBT-USDT,0.13959,0.13961,362.0,1851.0
2025-07-25T08:16:31.114098,AGT-USDT,0.005594,0.0056,255.0,11343.0
2025-07-25T08:16:31.122202,AERGO-USDT,0.13079,0.13086,827.0,465.0
2025-07-25T08:16:31.138055,ACE-USDT,0.561,0.562,112.07,111.05
2025-07-25T08:16:31.154559,AIN-USDT,0.15312,0.15333,14094.0,429.0
2025-07-25T08:16:31.164919,ADA-USDT,0.7979,0.7981,54937.0,52554.0
2025-07-25T08:16:31.164955,ALT-USDT,0.03349,0.0335,12265.0,13593.0
2025-07-25T08:16:31.166610,ACH-USDT,0.021642,0.021643,2250.0,2458.0
2025-07-25T08:16:31.168490,1INCH-USDT,0.2731,0.2732,16202.4,13490.4
2025-07-25T08:16:31.169486,ALGO-USDT,0.2576,0.2577,27302.2,19777.0
2025-07-25T08:16:31.180494,AI-USDT,0.13094,0.13097,500.0,476.0
2025-07-25T08:16:31.183612,ANIME-USDT,0.01861,0.01863,236119.0,150932.0
2025-07-25T08:16:31.189842,ALCH-USDT,0.13766,0.13771,2456.0,2271.0
2025-07-25T08:16:31.197087,AAVE-USDT,287.27,287.28,0.3,2.7
2025-07-25T08:16:31.204287,AEVO-USDT,0.1044,0.1045,2925.5,89868.4
2025-07-25T08:16:31.235459,ACT-USDT,0.04404,0.04407,10577.0,46060.0
2025-07-25T08:16:31.235496,AI16Z-USDT,0.1466,0.1467,46726.0,115378.0
2025-07-25T08:16:31.242857,AGLD-USDT,0.7684,0.7687,81.6,71.1
2025-07-25T08:16:31.256590,AIXBT-USDT,0.13959,0.1396,362.0,341.0
2025-07-25T08:16:31.288461,ACE-USDT,0.561,0.562,112.07,111.05
2025-07-25T08:16:31.308842,ADA-USDT,0.798,0.7981,17139.0,17541.0
2025-07-25T08:16:31.316487,ALT-USDT,0.03348,0.03349,16869.0,15138.0
2025-07-25T08:16:31.316526,1INCH-USDT,0.2731,0.2732,16202.4,13490.4
2025-07-25T08:16:31.316554,ACH-USDT,0.021642,0.021643,2250.0,2458.0
2025-07-25T08:16:31.317203,ALGO-USDT,0.2576,0.2577,27302.2,19777.0
2025-07-25T08:16:31.332271,AI-USDT,0.13094,0.13098,500.0,500.0
2025-07-25T08:16:31.334853,ANIME-USDT,0.01861,0.01863,236119.0,150932.0
2025-07-25T08:16:31.347850,AAVE-USDT,287.27,287.28,0.3,2.7
2025-07-25T08:16:31.358138,AEVO-USDT,0.1044,0.1045,2925.5,89868.4
2025-07-25T08:16:31.378974,ACT-USDT,0.04404,0.04407,10577.0,44165.0
2025-07-25T08:16:31.380442,AI16Z-USDT,0.1466,0.1467,46726.0,115378.0
2025-07-25T08:16:31.389673,AGLD-USDT,0.7685,0.7688,1267.1,229.2
2025-07-25T08:16:31.411714,AIXBT-USDT,0.13959,0.1396,362.0,341.0
2025-07-25T08:16:31.412407,AGT-USDT,0.005594,0.0056,255.0,11343.0
2025-07-25T08:16:31.422980,AERGO-USDT,0.13079,0.13086,827.0,465.0
2025-07-25T08:16:31.445354,ACE-USDT,0.561,0.562,112.07,111.05
2025-07-25T08:16:31.459057,ADA-USDT,0.798,0.7981,57871.0,16696.0
2025-07-25T08:16:31.462464,ALT-USDT,0.03348,0.03349,16869.0,15138.0
2025-07-25T08:16:31.466922,1INCH-USDT,0.2731,0.2732,16202.4,13490.4
2025-07-25T08:16:31.469874,ALGO-USDT,0.2576,0.2577,31457.2,10831.1
2025-07-25T08:16:31.480401,AI-USDT,0.13094,0.13098,500.0,500.0
2025-07-25T08:16:31.483623,ANIME-USDT,0.01861,0.01863,236119.0,150932.0
2025-07-25T08:16:31.497957,AAVE-USDT,287.27,287.28,0.3,2.7
2025-07-25T08:16:31.504392,AEVO-USDT,0.1044,0.1045,2925.5,89868.4
2025-07-25T08:16:31.532023,ACT-USDT,0.04404,0.04407,10577.0,44165.0
2025-07-25T08:16:31.532612,AI16Z-USDT,0.1466,0.1467,46726.0,115378.0
2025-07-25T08:16:31.542140,AGLD-USDT,0.7686,0.7687,380.1,71.1
2025-07-25T08:16:31.557537,AIXBT-USDT,0.13959,0.1396,362.0,341.0
2025-07-25T08:16:31.592371,ACE-USDT,0.561,0.562,112.07,111.05
2025-07-25T08:16:31.608689,ADA-USDT,0.798,0.7981,62679.0,16696.0
2025-07-25T08:16:31.610532,ALT-USDT,0.03348,0.03349,16869.0,15138.0
2025-07-25T08:16:31.613381,1INCH-USDT,0.2731,0.2732,18494.5,13490.4
2025-07-25T08:16:31.614064,ACH-USDT,0.021642,0.021643,2250.0,2458.0
2025-07-25T08:16:31.615420,ALGO-USDT,0.2576,0.2577,27302.2,15093.2
2025-07-25T08:16:31.637145,AI-USDT,0.13094,0.13098,500.0,500.0
2025-07-25T08:16:31.637189,ANIME-USDT,0.01861,0.01863,236119.0,150932.0
2025-07-25T08:16:31.639501,ALCH-USDT,0.13766,0.13771,2456.0,2126.0
2025-07-25T08:16:31.650075,AAVE-USDT,287.27,287.28,2.8,0.5
2025-07-25T08:16:31.655105,AEVO-USDT,0.1044,0.1045,2925.5,99436.2
2025-07-25T08:16:31.679802,ACT-USDT,0.04404,0.04407,44742.0,44165.0
2025-07-25T08:16:31.680049,AI16Z-USDT,0.1466,0.1467,46726.0,115378.0
2025-07-25T08:16:31.690379,AGLD-USDT,0.7686,0.7688,31.3,229.2
2025-07-25T08:16:31.712887,AGT-USDT,0.005594,0.0056,255.0,13343.0
2025-07-25T08:16:31.738950,ACE-USDT,0.561,0.562,207.96,111.05
2025-07-25T08:16:31.759741,ADA-USDT,0.798,0.7981,62679.0,16921.0
2025-07-25T08:16:31.770747,ACH-USDT,0.021642,0.021643,2250.0,2458.0
2025-07-25T08:16:31.770812,1INCH-USDT,0.2731,0.2732,18494.5,13490.4
2025-07-25T08:16:31.770839,ALGO-USDT,0.2576,0.2577,31457.2,5093.2
2025-07-25T08:16:31.785137,ANIME-USDT,0.01861,0.01863,236119.0,150932.0
2025-07-25T08:16:31.797911,AAVE-USDT,287.26,287.28,0.2,1.7
2025-07-25T08:16:31.803437,AEVO-USDT,0.1044,0.1045,2925.5,99436.2
2025-07-25T08:16:31.833227,ACT-USDT,0.04404,0.04407,44742.0,44165.0
2025-07-25T08:16:31.833267,AERO-USDT,0.8766,0.8773,429.0,101.0
2025-07-25T08:16:31.840452,AGLD-USDT,0.7686,0.7689,461.7,226.6
2025-07-25T08:16:31.856991,AIXBT-USDT,0.13959,0.1396,362.0,2192.0
2025-07-25T08:16:31.864167,AGT-USDT,0.005594,0.0056,255.0,13343.0
2025-07-25T08:16:31.890362,ACE-USDT,0.5611,0.562,112.07,111.05
2025-07-25T08:16:31.910307,ADA-USDT,0.798,0.7981,41021.0,17766.0
2025-07-25T08:16:31.911993,ALT-USDT,0.03348,0.03349,16869.0,15138.0
2025-07-25T08:16:31.915207,ACH-USDT,0.021642,0.021643,2250.0,5388.0
2025-07-25T08:16:31.919911,1INCH-USDT,0.2731,0.2732,18494.5,13490.4
2025-07-25T08:16:31.920735,ALGO-USDT,0.2576,0.2577,20980.4,13377.2
2025-07-25T08:16:31.934706,AI-USDT,0.13091,0.13098,186.0,500.0
2025-07-25T08:16:31.938594,ANIME-USDT,0.01861,0.01863,234247.0,152804.0
2025-07-25T08:16:31.941703,ALCH-USDT,0.13766,0.13771,2456.0,2126.0
2025-07-25T08:16:31.951057,AAVE-USDT,287.22,287.26,9.1,175.3
2025-07-25T08:16:31.983509,ACT-USDT,0.04404,0.04406,10577.0,34165.0
2025-07-25T08:16:31.984308,AI16Z-USDT,0.1466,0.1467,2306.0,125118.0
2025-07-25T08:16:31.984465,AERO-USDT,0.8766,0.8773,429.0,101.0
2025-07-25T08:16:31.991507,AGLD-USDT,0.7686,0.7688,380.1,81.6
2025-07-25T08:16:32.016227,AIXBT-USDT,0.13955,0.13959,67.0,362.0
2025-07-25T08:16:32.023919,A-USDT,0.55891,0.55934,105.0,107.0
2025-07-25T08:16:32.023962,AERGO-USDT,0.13078,0.13086,362.0,4287.0
2025-07-25T08:16:32.038144,ACE-USDT,0.5611,0.562,112.07,1313.57
2025-07-25T08:16:32.059501,AIN-USDT,0.15312,0.15328,14094.0,3342.0
2025-07-25T08:16:32.059542,ADA-USDT,0.798,0.7981,15308.0,20637.0
2025-07-25T08:16:32.061342,ALT-USDT,0.03348,0.03349,11185.0,25138.0
2025-07-25T08:16:32.065345,1INCH-USDT,0.2731,0.2732,15898.1,16086.8
2025-07-25T08:16:32.065407,ACH-USDT,0.021636,0.021641,11037.0,6617.0
2025-07-25T08:16:32.066620,ALGO-USDT,0.2576,0.2577,59401.5,27377.2
2025-07-25T08:16:32.083160,AI-USDT,0.13091,0.13097,476.0,853.0
2025-07-25T08:16:32.083798,ANIME-USDT,0.01861,0.01863,257858.0,152804.0
2025-07-25T08:16:32.090105,ALCH-USDT,0.13766,0.13767,2456.0,7088.0
2025-07-25T08:16:32.098808,AAVE-USDT,287.22,287.23,3.6,0.5
2025-07-25T08:16:32.105682,AEVO-USDT,0.1043,0.1045,211224.2,99436.2
2025-07-25T08:16:32.131055,ACT-USDT,0.04404,0.04405,577.0,10000.0
2025-07-25T08:16:32.131094,AI16Z-USDT,0.1465,0.1466,67195.0,6333.0
2025-07-25T08:16:32.132089,AERO-USDT,0.8766,0.8773,193.0,155.0
2025-07-25T08:16:32.141873,AGLD-USDT,0.7685,0.7686,129.6,106.6
2025-07-25T08:16:32.158438,AIXBT-USDT,0.13954,0.13956,126.0,341.0
2025-07-25T08:16:32.164818,AGT-USDT,0.005594,0.0056,270181.0,2000.0
2025-07-25T08:16:32.177397,A-USDT,0.55896,0.55934,105.0,107.0
2025-07-25T08:16:32.177439,AERGO-USDT,0.13078,0.13085,362.0,465.0
2025-07-25T08:16:32.187582,ACE-USDT,0.5611,0.5619,112.07,412.29
2025-07-25T08:16:32.203757,AIN-USDT,0.15312,0.15328,14094.0,3342.0
2025-07-25T08:16:32.209644,ADA-USDT,0.798,0.7981,17257.0,12555.0
2025-07-25T08:16:32.211539,ALT-USDT,0.03348,0.03349,11185.0,25138.0
2025-07-25T08:16:32.216597,ACH-USDT,0.021638,0.021641,4668.0,6617.0
2025-07-25T08:16:32.217488,ALGO-USDT,0.2576,0.2577,59401.2,27377.2
2025-07-25T08:16:32.231122,AI-USDT,0.13091,0.13096,476.0,853.0
2025-07-25T08:16:32.233919,ANIME-USDT,0.01861,0.01863,257858.0,152804.0
2025-07-25T08:16:32.241247,ALCH-USDT,0.13766,0.13767,2000.0,7088.0
2025-07-25T08:16:32.252730,AAVE-USDT,287.22,287.23,2.4,1.4
2025-07-25T08:16:32.255081,AEVO-USDT,0.1044,0.1045,946.3,140680.1
2025-07-25T08:16:32.280153,ACT-USDT,0.04404,0.04405,577.0,10000.0
2025-07-25T08:16:32.280646,AI16Z-USDT,0.1465,0.1466,67195.0,58443.0
2025-07-25T08:16:32.284320,AERO-USDT,0.8766,0.8772,193.0,113.0
2025-07-25T08:16:32.292287,AGLD-USDT,0.7684,0.7686,1667.7,106.6
2025-07-25T08:16:32.308095,AIXBT-USDT,0.13954,0.13956,126.0,341.0
2025-07-25T08:16:32.314582,AGT-USDT,0.005595,0.0056,11343.0,2000.0
2025-07-25T08:16:32.320459,AERGO-USDT,0.13078,0.13085,362.0,465.0
2025-07-25T08:16:32.340563,ACE-USDT,0.561,0.5618,112.07,235.76
2025-07-25T08:16:32.359647,ADA-USDT,0.798,0.7981,1949.0,19071.0
2025-07-25T08:16:32.365211,ACH-USDT,0.021638,0.021641,4668.0,6617.0
2025-07-25T08:16:32.367156,ALGO-USDT,0.2576,0.2577,59401.2,27377.2
2025-07-25T08:16:32.381174,AI-USDT,0.1309,0.13095,186.0,377.0
2025-07-25T08:16:32.384225,ANIME-USDT,0.01861,0.01863,257858.0,152804.0
2025-07-25T08:16:32.388445,ALCH-USDT,0.13766,0.13767,2000.0,7088.0
2025-07-25T08:16:32.399184,AAVE-USDT,287.22,287.23,2.4,0.8
2025-07-25T08:16:32.403849,AEVO-USDT,0.1044,0.1045,946.3,99436.2
2025-07-25T08:16:32.429526,ACT-USDT,0.04404,0.04405,577.0,10000.0
2025-07-25T08:16:32.430874,AI16Z-USDT,0.1465,0.1466,58457.0,64739.0
2025-07-25T08:16:32.432634,AERO-USDT,0.8766,0.8771,101.0,101.0
2025-07-25T08:16:32.440240,AGLD-USDT,0.7684,0.7686,1667.7,106.6
2025-07-25T08:16:32.459812,AIXBT-USDT,0.13953,0.13955,67.0,1851.0
2025-07-25T08:16:32.478601,AGT-USDT,0.005595,0.0056,31343.0,2000.0
2025-07-25T08:16:32.488493,ACE-USDT,0.561,0.5617,112.07,112.07
2025-07-25T08:16:32.504356,AIN-USDT,0.153,0.15319,9458.0,3342.0
2025-07-25T08:16:32.512342,ALT-USDT,0.03347,0.03349,28439.0,33619.0
2025-07-25T08:16:32.512387,ADA-USDT,0.7978,0.798,32406.0,58049.0
2025-07-25T08:16:32.523670,ACH-USDT,0.021634,0.02164,4668.0,9159.0
2025-07-25T08:16:32.523736,1INCH-USDT,0.2731,0.2732,7407.7,16086.8
2025-07-25T08:16:32.523774,ALGO-USDT,0.2576,0.2577,59401.2,27377.2
2025-07-25T08:16:32.538273,AI-USDT,0.13088,0.13094,555.0,377.0
2025-07-25T08:16:32.538317,ANIME-USDT,0.01861,0.01862,197858.0,60000.0
2025-07-25T08:16:32.541131,ALCH-USDT,0.13766,0.13767,2000.0,7088.0
2025-07-25T08:16:32.556844,AAVE-USDT,287.19,287.2,0.3,3.3
2025-07-25T08:16:32.557083,AEVO-USDT,0.1043,0.1045,211224.2,99436.2
2025-07-25T08:16:32.580222,ACT-USDT,0.04403,0.04405,45433.0,10000.0
2025-07-25T08:16:32.581752,AI16Z-USDT,0.1465,0.1466,58457.0,74821.0
2025-07-25T08:16:32.584938,AERO-USDT,0.8766,0.8771,101.0,101.0
2025-07-25T08:16:32.594159,AGLD-USDT,0.7684,0.7686,1586.1,188.2
2025-07-25T08:16:32.608143,AIXBT-USDT,0.13952,0.13954,1589.0,2362.0
2025-07-25T08:16:32.621842,A-USDT,0.55896,0.55934,105.0,107.0
2025-07-25T08:16:32.622947,AERGO-USDT,0.13078,0.13085,362.0,465.0
2025-07-25T08:16:32.644933,ACE-USDT,0.561,0.5618,112.07,240.5
2025-07-25T08:16:32.655863,AIN-USDT,0.15302,0.15324,669.0,208.0
2025-07-25T08:16:32.660685,ADA-USDT,0.7977,0.7979,47136.0,42644.0
2025-07-25T08:16:32.662899,ALT-USDT,0.03347,0.03349,28439.0,33619.0
2025-07-25T08:16:32.668901,1INCH-USDT,0.2731,0.2732,149.5,16086.8
2025-07-25T08:16:32.669371,ACH-USDT,0.02163,0.021638,2930.0,2930.0
2025-07-25T08:16:32.669420,ALGO-USDT,0.2575,0.2577,178887.2,31532.2
2025-07-25T08:16:32.681876,AI-USDT,0.13088,0.13093,555.0,377.0
2025-07-25T08:16:32.686078,ANIME-USDT,0.01861,0.01862,28680.0,61872.0
2025-07-25T08:16:32.689436,ALCH-USDT,0.13766,0.13767,2000.0,7088.0
2025-07-25T08:16:32.699267,AAVE-USDT,287.19,287.2,0.3,3.6
2025-07-25T08:16:32.705521,AEVO-USDT,0.1043,0.1044,211224.2,1046.3
2025-07-25T08:16:32.733737,ACT-USDT,0.04403,0.04405,11845.0,44165.0
2025-07-25T08:16:32.733843,AI16Z-USDT,0.1465,0.1466,58457.0,74821.0
2025-07-25T08:16:32.741590,AGLD-USDT,0.7683,0.7686,424.6,188.2
2025-07-25T08:16:32.760178,AIXBT-USDT,0.13952,0.13953,1589.0,2192.0
2025-07-25T08:16:32.764854,AGT-USDT,0.005595,0.0056,67529.0,2000.0
2025-07-25T08:16:32.768499,A-USDT,0.55884,0.55934,105.0,107.0
2025-07-25T08:16:32.770371,AERGO-USDT,0.13078,0.13085,362.0,827.0
2025-07-25T08:16:32.790885,ACE-USDT,0.561,0.5617,112.07,299.39
2025-07-25T08:16:32.813406,AIN-USDT,0.15302,0.15324,669.0,1103.0
2025-07-25T08:16:32.815273,ADA-USDT,0.7976,0.7978,23864.0,55253.0
2025-07-25T08:16:32.816017,ALT-USDT,0.03347,0.03349,15138.0,33619.0
2025-07-25T08:16:32.820915,ACH-USDT,0.021631,0.021638,4668.0,2930.0
2025-07-25T08:16:32.821069,ALGO-USDT,0.2575,0.2576,180828.2,831.1
2025-07-25T08:16:32.833296,AI-USDT,0.13086,0.13089,476.0,377.0
2025-07-25T08:16:32.834329,ANIME-USDT,0.01861,0.01862,23611.0,144766.0
2025-07-25T08:16:32.839434,ALCH-USDT,0.13765,0.13767,2126.0,7088.0
2025-07-25T08:16:32.849562,AAVE-USDT,287.19,287.2,0.3,3.6
2025-07-25T08:16:32.856636,AEVO-USDT,0.1043,0.1044,201639.7,6992.6
2025-07-25T08:16:32.880557,ACT-USDT,0.04403,0.04405,11845.0,10563.0
2025-07-25T08:16:32.881334,AI16Z-USDT,0.1465,0.1466,58457.0,74821.0
2025-07-25T08:16:32.890617,AGLD-USDT,0.7682,0.7683,229.8,106.6
2025-07-25T08:16:32.909001,AIXBT-USDT,0.13952,0.13953,1589.0,2192.0
2025-07-25T08:16:32.918242,A-USDT,0.55884,0.55934,105.0,107.0
2025-07-25T08:16:32.919879,AERGO-USDT,0.13078,0.13084,362.0,465.0
2025-07-25T08:16:32.938454,ACE-USDT,0.561,0.5616,112.07,208.31
2025-07-25T08:16:32.953834,AIN-USDT,0.15302,0.15324,1725.0,1103.0
2025-07-25T08:16:32.960021,ADA-USDT,0.7978,0.7979,576.0,1867.0
2025-07-25T08:16:32.961615,ALT-USDT,0.03347,0.03348,15138.0,10000.0
2025-07-25T08:16:32.964920,ACH-USDT,0.021631,0.021638,4668.0,2930.0
2025-07-25T08:16:32.965861,ALGO-USDT,0.2575,0.2576,186651.2,19093.2
2025-07-25T08:16:32.982156,AI-USDT,0.13086,0.13089,476.0,377.0
2025-07-25T08:16:32.985062,ANIME-USDT,0.0186,0.01862,381256.0,445390.0
2025-07-25T08:16:32.998753,AAVE-USDT,287.19,287.2,0.3,3.6
2025-07-25T08:16:33.008068,AEVO-USDT,0.1043,0.1044,86708.7,6992.6
2025-07-25T08:16:33.030615,ACT-USDT,0.04403,0.04405,11845.0,10563.0
2025-07-25T08:16:33.032047,AI16Z-USDT,0.1465,0.1466,58457.0,65081.0
2025-07-25T08:16:33.041824,AGLD-USDT,0.7681,0.7683,414.0,188.2
2025-07-25T08:16:33.060286,AIXBT-USDT,0.1395,0.13952,67.0,1589.0
2025-07-25T08:16:33.064568,AGT-USDT,0.005595,0.0056,31343.0,2000.0
2025-07-25T08:16:33.069389,A-USDT,0.55884,0.55934,105.0,493.0
2025-07-25T08:16:33.070725,AERGO-USDT,0.13077,0.13084,362.0,465.0
2025-07-25T08:16:33.090290,ACE-USDT,0.561,0.5615,112.07,112.07
2025-07-25T08:16:33.104476,AIN-USDT,0.15302,0.15324,1543.0,1103.0
2025-07-25T08:16:33.112543,ADA-USDT,0.7977,0.7979,13639.0,40109.0
2025-07-25T08:16:33.114502,ALT-USDT,0.03347,0.03348,15138.0,11853.0
2025-07-25T08:16:33.118431,1INCH-USDT,0.273,0.2732,70075.1,29678.4
2025-07-25T08:16:33.118472,ACH-USDT,0.021631,0.021638,4668.0,2930.0
2025-07-25T08:16:33.119536,ALGO-USDT,0.2575,0.2576,170710.2,19093.2
2025-07-25T08:16:33.134984,AI-USDT,0.13084,0.13089,186.0,377.0
2025-07-25T08:16:33.139302,ANIME-USDT,0.0186,0.01862,275520.0,445390.0
2025-07-25T08:16:33.144958,ALCH-USDT,0.13765,0.13767,2126.0,7088.0
2025-07-25T08:16:33.158920,AAVE-USDT,287.16,287.18,5.4,2.7
2025-07-25T08:16:33.158965,AEVO-USDT,0.1043,0.1044,86708.7,6992.6
2025-07-25T08:16:33.181606,ACT-USDT,0.04403,0.04405,577.0,44728.0
2025-07-25T08:16:33.182164,AI16Z-USDT,0.1465,0.1466,58457.0,65081.0
2025-07-25T08:16:33.184634,AERO-USDT,0.8766,0.8771,101.0,101.0
2025-07-25T08:16:33.190891,AGLD-USDT,0.7681,0.7683,414.0,188.2
2025-07-25T08:16:33.212136,AIXBT-USDT,0.13948,0.13951,1748.0,1851.0
2025-07-25T08:16:33.213869,AGT-USDT,0.005595,0.0056,28535.0,13343.0
2025-07-25T08:16:33.220128,A-USDT,0.55861,0.55929,9783.0,105.0
2025-07-25T08:16:33.220373,AERGO-USDT,0.13077,0.13084,362.0,827.0
2025-07-25T08:16:33.238428,ACE-USDT,0.5609,0.5615,112.07,512.91
2025-07-25T08:16:33.260216,AIN-USDT,0.15302,0.15321,1543.0,3342.0
2025-07-25T08:16:33.261591,ADA-USDT,0.7976,0.7978,15658.0,59567.0
2025-07-25T08:16:33.262166,ALT-USDT,0.03347,0.03348,15138.0,13038.0
2025-07-25T08:16:33.267887,ACH-USDT,0.021625,0.021631,2930.0,4668.0
2025-07-25T08:16:33.268188,1INCH-USDT,0.273,0.2731,19158.9,8304.3
2025-07-25T08:16:33.268524,ALGO-USDT,0.2575,0.2576,48414.4,23248.2
2025-07-25T08:16:33.285743,AI-USDT,0.13084,0.13089,186.0,377.0
2025-07-25T08:16:33.285798,ANIME-USDT,0.0186,0.01862,275520.0,445390.0
2025-07-25T08:16:33.299399,AAVE-USDT,287.13,287.16,0.3,5.4
2025-07-25T08:16:33.305024,AEVO-USDT,0.1043,0.1044,86708.7,8971.8
2025-07-25T08:16:33.331053,ACT-USDT,0.04401,0.04403,45433.0,11268.0
2025-07-25T08:16:33.333854,AI16Z-USDT,0.1465,0.1466,58457.0,65081.0
2025-07-25T08:16:33.338073,AERO-USDT,0.8766,0.8771,101.0,101.0
2025-07-25T08:16:33.342345,AGLD-USDT,0.7681,0.7683,414.0,188.2
2025-07-25T08:16:33.361934,AIXBT-USDT,0.13948,0.13951,158.0,1851.0
2025-07-25T08:16:33.364926,AGT-USDT,0.005594,0.0056,255.0,13343.0
2025-07-25T08:16:33.370999,A-USDT,0.55861,0.55921,9783.0,1776.0
2025-07-25T08:16:33.371657,AERGO-USDT,0.13064,0.13074,1211.0,362.0
2025-07-25T08:16:33.392762,ACE-USDT,0.5609,0.5614,112.07,112.07
2025-07-25T08:16:33.404403,AIN-USDT,0.15302,0.15321,1543.0,3342.0
2025-07-25T08:16:33.410500,ADA-USDT,0.7976,0.7977,350.0,51913.0
2025-07-25T08:16:33.412996,ALT-USDT,0.03346,0.03347,12982.0,10000.0
2025-07-25T08:16:33.417662,ACH-USDT,0.021625,0.021631,2930.0,4668.0
2025-07-25T08:16:33.417702,1INCH-USDT,0.273,0.2731,20581.8,10531.3
2025-07-25T08:16:33.423923,ALGO-USDT,0.2575,0.2576,48414.4,23248.2
2025-07-25T08:16:33.440918,AI-USDT,0.13078,0.13088,476.0,476.0
2025-07-25T08:16:33.441029,ANIME-USDT,0.0186,0.01862,275520.0,445390.0
2025-07-25T08:16:33.443375,ALCH-USDT,0.13765,0.13767,2126.0,7088.0
2025-07-25T08:16:33.449300,AAVE-USDT,287.08,287.11,9.1,0.3
2025-07-25T08:16:33.455065,AEVO-USDT,0.1043,0.1044,86708.7,8971.8
2025-07-25T08:16:33.482911,ACT-USDT,0.04401,0.04403,55433.0,11268.0
2025-07-25T08:16:33.483385,AI16Z-USDT,0.1465,0.1466,44471.0,74821.0
2025-07-25T08:16:33.483403,AERO-USDT,0.8766,0.8771,101.0,101.0
2025-07-25T08:16:33.492474,AGLD-USDT,0.7681,0.7683,414.0,188.2
2025-07-25T08:16:33.511631,AIXBT-USDT,0.13948,0.1395,158.0,1851.0
2025-07-25T08:16:33.515157,AGT-USDT,0.005594,0.0056,255.0,33343.0
2025-07-25T08:16:33.519997,A-USDT,0.55866,0.55916,105.0,105.0
2025-07-25T08:16:33.520686,AERGO-USDT,0.13065,0.13073,827.0,2744.0
2025-07-25T08:16:33.539273,ACE-USDT,0.5609,0.5614,112.07,112.07
2025-07-25T08:16:33.561365,ADA-USDT,0.7975,0.7976,17257.0,19170.0
2025-07-25T08:16:33.561939,ALT-USDT,0.03346,0.03347,12982.0,10000.0
2025-07-25T08:16:33.572482,ACH-USDT,0.021621,0.02163,16883.0,2930.0
2025-07-25T08:16:33.572624,1INCH-USDT,0.273,0.2731,19158.9,10531.3
2025-07-25T08:16:33.572678,ALGO-USDT,0.2574,0.2576,15591.4,25154.8
2025-07-25T08:16:33.581822,AI-USDT,0.13081,0.13088,476.0,476.0
2025-07-25T08:16:33.584608,ANIME-USDT,0.01859,0.01861,301878.0,131192.0
2025-07-25T08:16:33.589386,ALCH-USDT,0.13764,0.13767,4393.0,7088.0
2025-07-25T08:16:33.608758,AAVE-USDT,287.07,287.09,25.8,3.5
2025-07-25T08:16:33.608902,AEVO-USDT,0.1043,0.1044,86708.7,8971.8
2025-07-25T08:16:33.631335,ACT-USDT,0.04401,0.04403,55433.0,11268.0
2025-07-25T08:16:33.632369,AI16Z-USDT,0.1465,0.1466,2175.0,85054.0
2025-07-25T08:16:33.633351,AERO-USDT,0.8766,0.8771,101.0,101.0
2025-07-25T08:16:33.644329,AGLD-USDT,0.768,0.7683,319.0,188.2
2025-07-25T08:16:33.659363,AIXBT-USDT,0.13943,0.13949,2886.0,1851.0
2025-07-25T08:16:33.663943,AGT-USDT,0.005594,0.0056,255.0,33343.0
2025-07-25T08:16:33.670451,A-USDT,0.55866,0.55916,105.0,105.0
2025-07-25T08:16:33.671037,AERGO-USDT,0.13066,0.13072,465.0,465.0
2025-07-25T08:16:33.694426,ACE-USDT,0.5607,0.5614,111.24,112.07
2025-07-25T08:16:33.714548,ADA-USDT,0.7974,0.7976,15493.0,57393.0
2025-07-25T08:16:33.714593,ALT-USDT,0.03346,0.03347,2982.0,11853.0
2025-07-25T08:16:33.722370,1INCH-USDT,0.273,0.2731,3593.7,10531.3
2025-07-25T08:16:33.722408,ACH-USDT,0.021622,0.02163,2930.0,2930.0
2025-07-25T08:16:33.722437,ALGO-USDT,0.2574,0.2575,47334.5,9115.1
2025-07-25T08:16:33.733120,AI-USDT,0.13079,0.1309,186.0,553.0
2025-07-25T08:16:33.735476,ANIME-USDT,0.01859,0.01861,112386.0,146998.0
2025-07-25T08:16:33.739417,ALCH-USDT,0.13763,0.13766,7088.0,2126.0
2025-07-25T08:16:33.748974,AAVE-USDT,287.06,287.08,0.1,0.6
2025-07-25T08:16:33.756136,AEVO-USDT,0.1043,0.1044,86708.7,12000.2
2025-07-25T08:16:33.780656,ACT-USDT,0.04401,0.04403,55433.0,11268.0
2025-07-25T08:16:33.781686,AI16Z-USDT,0.1464,0.1465,22387.0,22494.0
2025-07-25T08:16:33.782612,AERO-USDT,0.8766,0.8771,101.0,101.0
2025-07-25T08:16:33.794154,AGLD-USDT,0.7679,0.768,495.5,106.6
2025-07-25T08:16:33.809569,AIXBT-USDT,0.13939,0.13943,5515.0,2167.0
2025-07-25T08:16:33.814614,AGT-USDT,0.005594,0.0056,255.0,33343.0
2025-07-25T08:16:33.820631,A-USDT,0.55866,0.55911,105.0,105.0
2025-07-25T08:16:33.820805,AERGO-USDT,0.13067,0.13072,362.0,465.0
2025-07-25T08:16:33.839324,ACE-USDT,0.5606,0.5614,112.77,256.27
2025-07-25T08:16:33.861750,AIN-USDT,0.15302,0.15321,1543.0,3342.0
2025-07-25T08:16:33.861804,ADA-USDT,0.7974,0.7975,46127.0,5717.0
2025-07-25T08:16:33.865451,1INCH-USDT,0.273,0.2731,3593.7,10531.3
2025-07-25T08:16:33.865933,ACH-USDT,0.021623,0.02163,2250.0,2930.0
2025-07-25T08:16:33.866919,ALGO-USDT,0.2574,0.2575,47334.5,31532.2
2025-07-25T08:16:33.893227,AI-USDT,0.1308,0.13089,476.0,853.0
2025-07-25T08:16:33.893274,ANIME-USDT,0.01859,0.01861,175828.0,148870.0
2025-07-25T08:16:33.893311,ALCH-USDT,0.13763,0.13766,7088.0,2126.0
2025-07-25T08:16:33.899941,AAVE-USDT,287.06,287.07,3.8,0.5
2025-07-25T08:16:33.907169,AEVO-USDT,0.1043,0.1044,32503.2,21896.3
2025-07-25T08:16:33.931251,ACT-USDT,0.04401,0.04402,10000.0,15706.0
2025-07-25T08:16:33.932408,AI16Z-USDT,0.1464,0.1466,43171.0,216406.0
2025-07-25T08:16:33.932909,AERO-USDT,0.8766,0.8771,101.0,101.0
2025-07-25T08:16:33.941694,AGLD-USDT,0.7679,0.768,81.6,106.6
2025-07-25T08:16:33.959474,AIXBT-USDT,0.13939,0.13945,5375.0,438.0
2025-07-25T08:16:33.963757,AGT-USDT,0.005594,0.0056,255.0,33343.0
2025-07-25T08:16:33.971582,A-USDT,0.55866,0.55911,105.0,150.0
2025-07-25T08:16:33.972906,AERGO-USDT,0.13067,0.13072,362.0,465.0
2025-07-25T08:16:33.991409,ACE-USDT,0.5607,0.5613,112.07,112.07
2025-07-25T08:16:34.010814,ADA-USDT,0.7974,0.7975,62690.0,5526.0
2025-07-25T08:16:34.018076,ACH-USDT,0.021624,0.02163,2250.0,2930.0
2025-07-25T08:16:34.019556,ALGO-USDT,0.2574,0.2575,63241.1,31532.2
2025-07-25T08:16:34.034677,AI-USDT,0.1308,0.13087,476.0,476.0
2025-07-25T08:16:34.035980,ANIME-USDT,0.01859,0.01861,175828.0,148870.0
2025-07-25T08:16:34.040145,ALCH-USDT,0.13763,0.13766,7088.0,2126.0
2025-07-25T08:16:34.051482,AAVE-USDT,287.06,287.09,5.1,2.4
2025-07-25T08:16:34.059537,AEVO-USDT,0.1043,0.1044,26755.8,25716.3
2025-07-25T08:16:34.081293,ACT-USDT,0.04401,0.04402,10000.0,12987.0
2025-07-25T08:16:34.082894,AI16Z-USDT,0.1464,0.1466,89412.0,115639.0
2025-07-25T08:16:34.091542,AGLD-USDT,0.7679,0.768,81.6,106.6
2025-07-25T08:16:34.118212,AIXBT-USDT,0.13945,0.13946,6440.0,438.0
2025-07-25T08:16:34.122627,A-USDT,0.55866,0.55906,105.0,105.0
2025-07-25T08:16:34.140063,ACE-USDT,0.5605,0.5613,108.59,112.07
2025-07-25T08:16:34.154231,AIN-USDT,0.15302,0.15321,1543.0,3342.0
2025-07-25T08:16:34.161137,ADA-USDT,0.7974,0.7975,62690.0,5526.0
2025-07-25T08:16:34.162521,ALT-USDT,0.03346,0.03347,4835.0,11853.0
2025-07-25T08:16:34.169896,ACH-USDT,0.021625,0.02163,5163.0,2930.0
2025-07-25T08:16:34.169922,ALGO-USDT,0.2574,0.2575,61334.5,31532.2
2025-07-25T08:16:34.181905,AI-USDT,0.13076,0.13086,476.0,377.0
2025-07-25T08:16:34.189438,ALCH-USDT,0.13763,0.13766,7088.0,2126.0
2025-07-25T08:16:34.198886,AAVE-USDT,287.08,287.09,0.5,2.4
2025-07-25T08:16:34.212201,AEVO-USDT,0.1043,0.1044,26755.8,25716.3
2025-07-25T08:16:34.232268,AI16Z-USDT,0.1464,0.1465,137618.0,13986.0
2025-07-25T08:16:34.259608,AIXBT-USDT,0.1394,0.13946,14428.0,438.0
2025-07-25T08:16:34.275539,A-USDT,0.55866,0.55906,105.0,105.0
2025-07-25T08:16:34.306396,AIN-USDT,0.15303,0.15321,14082.0,3342.0
2025-07-25T08:16:34.317936,ADA-USDT,0.7974,0.7975,62690.0,5526.0
2025-07-25T08:16:34.317991,ALT-USDT,0.03346,0.03347,4835.0,11853.0
2025-07-25T08:16:34.318029,ACH-USDT,0.021626,0.02163,2250.0,2930.0
2025-07-25T08:16:34.318064,ALGO-USDT,0.2574,0.2575,61334.5,31532.2
2025-07-25T08:16:34.332417,AI-USDT,0.13077,0.13085,186.0,377.0
2025-07-25T08:16:34.335564,ANIME-USDT,0.01859,0.01861,175828.0,146998.0
2025-07-25T08:16:34.349218,AAVE-USDT,287.08,287.09,0.9,0.9
2025-07-25T08:16:34.356099,AEVO-USDT,0.1043,0.1044,26755.8,35293.6
2025-07-25T08:16:34.381129,ACT-USDT,0.04401,0.04402,10000.0,12987.0
2025-07-25T08:16:34.382419,AI16Z-USDT,0.1464,0.1465,117637.0,13986.0
2025-07-25T08:16:34.383712,AERO-USDT,0.8766,0.8771,101.0,101.0
2025-07-25T08:16:34.408164,AIXBT-USDT,0.1394,0.13948,14428.0,1586.0
2025-07-25T08:16:34.415110,AGT-USDT,0.005594,0.0056,255.0,68276.0
2025-07-25T08:16:34.420755,AERGO-USDT,0.13067,0.13072,362.0,465.0
2025-07-25T08:16:34.438921,ACE-USDT,0.5605,0.5613,108.59,112.07
2025-07-25T08:16:34.462532,ADA-USDT,0.7974,0.7975,62690.0,5526.0
2025-07-25T08:16:34.463314,ALT-USDT,0.03346,0.03347,4835.0,11853.0
2025-07-25T08:16:34.467138,ACH-USDT,0.021627,0.02163,2250.0,2930.0
2025-07-25T08:16:34.468132,ALGO-USDT,0.2574,0.2575,66101.0,3600.2
2025-07-25T08:16:34.484168,AI-USDT,0.13078,0.13084,476.0,377.0
2025-07-25T08:16:34.485762,ANIME-USDT,0.01859,0.01861,235828.0,148870.0
2025-07-25T08:16:34.499420,AAVE-USDT,287.08,287.09,0.9,0.9
2025-07-25T08:16:34.506503,AEVO-USDT,0.1043,0.1044,36651.9,15820.2
2025-07-25T08:16:34.533965,ACT-USDT,0.04401,0.04403,10000.0,45996.0
2025-07-25T08:16:34.540609,AI16Z-USDT,0.1465,0.1466,13986.0,115639.0
2025-07-25T08:16:34.540656,AERO-USDT,0.8766,0.8771,101.0,101.0
2025-07-25T08:16:34.547938,AGLD-USDT,0.768,0.7681,106.6,148.1
2025-07-25T08:16:34.565114,AIXBT-USDT,0.1394,0.1395,14922.0,1586.0
2025-07-25T08:16:34.567260,AGT-USDT,0.005594,0.0056,255.0,35715.0
2025-07-25T08:16:34.595876,ACE-USDT,0.5605,0.5613,108.59,112.07
2025-07-25T08:16:34.604520,AIN-USDT,0.15303,0.15321,14082.0,3342.0
2025-07-25T08:16:34.610148,ADA-USDT,0.7976,0.7977,79824.0,125.0
2025-07-25T08:16:34.612092,ALT-USDT,0.03346,0.03348,1853.0,13038.0
2025-07-25T08:16:34.616166,ACH-USDT,0.021629,0.021636,2250.0,10058.0
2025-07-25T08:16:34.618636,ALGO-USDT,0.2574,0.2576,64524.3,23903.6
2025-07-25T08:16:34.618669,1INCH-USDT,0.273,0.2731,293.6,8304.3
2025-07-25T08:16:34.632299,AI-USDT,0.13084,0.13087,377.0,554.0
2025-07-25T08:16:34.644244,ANIME-USDT,0.01859,0.01861,235828.0,144311.0
2025-07-25T08:16:34.644287,ALCH-USDT,0.13763,0.13766,7088.0,2126.0
2025-07-25T08:16:34.650028,AAVE-USDT,287.11,287.16,0.6,8.8
2025-07-25T08:16:34.655353,AEVO-USDT,0.1043,0.1044,47021.7,8971.8
2025-07-25T08:16:34.684197,ACT-USDT,0.04401,0.04403,10000.0,11831.0
2025-07-25T08:16:34.684238,AI16Z-USDT,0.1465,0.1466,69488.0,44762.0
2025-07-25T08:16:34.686289,AERO-USDT,0.8766,0.8771,101.0,101.0
2025-07-25T08:16:34.691681,AGLD-USDT,0.7681,0.7683,148.1,596.7
2025-07-25T08:16:34.709956,AIXBT-USDT,0.1395,0.13952,6443.0,1589.0
2025-07-25T08:16:34.715152,AGT-USDT,0.005594,0.0056,255.0,497247.0
2025-07-25T08:16:34.721856,AERGO-USDT,0.13067,0.13074,815.0,453.0
2025-07-25T08:16:34.739420,ACE-USDT,0.5605,0.5613,108.59,112.07
2025-07-25T08:16:34.756217,AIN-USDT,0.15303,0.15321,14082.0,3342.0
2025-07-25T08:16:34.760349,ADA-USDT,0.7977,0.7978,576.0,1867.0
2025-07-25T08:16:34.763200,ALT-USDT,0.03347,0.03348,15138.0,13038.0
2025-07-25T08:16:34.765179,1INCH-USDT,0.273,0.2731,12995.5,8000.0
2025-07-25T08:16:34.765733,ACH-USDT,0.021629,0.021633,2250.0,4675.0
2025-07-25T08:16:34.767942,ALGO-USDT,0.2575,0.2576,1471.7,21997.0
2025-07-25T08:16:34.784569,AI-USDT,0.13084,0.13089,377.0,554.0
2025-07-25T08:16:34.785155,ANIME-USDT,0.0186,0.01861,5069.0,80869.0
2025-07-25T08:16:34.791347,ALCH-USDT,0.13763,0.13766,7088.0,3015.0
2025-07-25T08:16:34.799929,AAVE-USDT,287.15,287.16,0.9,0.5
2025-07-25T08:16:34.804883,AEVO-USDT,0.1043,0.1044,47021.7,2780.7
2025-07-25T08:16:34.837520,AI16Z-USDT,0.1465,0.1466,79228.0,58748.0
2025-07-25T08:16:34.854885,AGLD-USDT,0.7681,0.7683,148.1,148.1
2025-07-25T08:16:34.860519,AIXBT-USDT,0.13951,0.13955,362.0,2207.0
2025-07-25T08:16:34.866875,AGT-USDT,0.005594,0.005599,255.0,652202.0
2025-07-25T08:16:34.873674,AERGO-USDT,0.13068,0.13076,453.0,453.0
2025-07-25T08:16:34.891242,ACE-USDT,0.5605,0.5613,108.59,112.07
2025-07-25T08:16:34.914716,ADA-USDT,0.7977,0.7978,53443.0,3038.0
2025-07-25T08:16:34.918305,ALT-USDT,0.03347,0.03348,15138.0,13038.0
2025-07-25T08:16:34.920036,1INCH-USDT,0.273,0.2731,15551.8,8293.6
2025-07-25T08:16:34.920741,ACH-USDT,0.021629,0.02163,2250.0,2458.0
2025-07-25T08:16:34.923810,ALGO-USDT,0.2575,0.2576,16902.7,23515.2
2025-07-25T08:16:34.934984,AI-USDT,0.13084,0.13088,377.0,472.0
2025-07-25T08:16:34.936255,ANIME-USDT,0.0186,0.01861,60000.0,144311.0
2025-07-25T08:16:34.942725,ALCH-USDT,0.13763,0.13766,7088.0,3015.0
2025-07-25T08:16:34.950992,AAVE-USDT,287.13,287.16,0.7,1.7
2025-07-25T08:16:34.955704,AEVO-USDT,0.1043,0.1044,161136.1,26992.6
2025-07-25T08:16:34.984634,ACT-USDT,0.04401,0.04403,10000.0,45996.0
2025-07-25T08:16:34.984675,AI16Z-USDT,0.1465,0.1467,79228.0,115306.0
2025-07-25T08:16:34.992193,AGLD-USDT,0.7681,0.7683,148.1,227.5
2025-07-25T08:16:35.010530,AIXBT-USDT,0.13954,0.13955,362.0,621.0
2025-07-25T08:16:35.044248,AERGO-USDT,0.13069,0.13076,362.0,453.0
2025-07-25T08:16:35.049829,ACE-USDT,0.5605,0.5614,216.96,112.07
2025-07-25T08:16:35.063861,ADA-USDT,0.7977,0.7978,49479.0,3038.0
2025-07-25T08:16:35.064621,ALT-USDT,0.03347,0.03348,15138.0,13038.0
2025-07-25T08:16:35.067049,1INCH-USDT,0.273,0.2731,15551.8,8293.6
2025-07-25T08:16:35.071357,ALGO-USDT,0.2575,0.2576,16902.7,23515.2
2025-07-25T08:16:35.083119,AI-USDT,0.13084,0.1309,377.0,472.0
2025-07-25T08:16:35.085386,ANIME-USDT,0.0186,0.01861,60000.0,144311.0
2025-07-25T08:16:35.090179,ALCH-USDT,0.13763,0.13766,7088.0,2126.0
2025-07-25T08:16:35.109609,AAVE-USDT,287.13,287.14,11.3,0.5
2025-07-25T08:16:35.109639,AEVO-USDT,0.1043,0.1044,46237.3,26992.6
2025-07-25T08:16:35.135740,ACT-USDT,0.04401,0.04403,10000.0,11831.0
2025-07-25T08:16:35.135810,AI16Z-USDT,0.1465,0.1467,91012.0,115306.0
2025-07-25T08:16:35.160535,AIXBT-USDT,0.13954,0.13955,362.0,621.0
2025-07-25T08:16:35.169762,AGT-USDT,0.005594,0.005599,255.0,652202.0
2025-07-25T08:16:35.171431,AERGO-USDT,0.1307,0.13076,453.0,453.0
2025-07-25T08:16:35.194388,ACE-USDT,0.5606,0.5615,111.21,112.07
2025-07-25T08:16:35.207704,AIN-USDT,0.15303,0.15321,14082.0,3342.0
2025-07-25T08:16:35.211555,ADA-USDT,0.7977,0.7978,49479.0,2217.0
2025-07-25T08:16:35.214654,ALT-USDT,0.03347,0.03348,16651.0,10000.0
2025-07-25T08:16:35.218873,ACH-USDT,0.021629,0.02163,2250.0,2458.0
2025-07-25T08:16:35.237157,ALGO-USDT,0.2575,0.2576,16902.7,23515.2
2025-07-25T08:16:35.237197,1INCH-USDT,0.273,0.2731,17778.8,8000.0
2025-07-25T08:16:35.237226,AI-USDT,0.13084,0.1309,377.0,472.0
2025-07-25T08:16:35.237252,ANIME-USDT,0.0186,0.01861,60000.0,80869.0
2025-07-25T08:16:35.250036,AAVE-USDT,287.16,287.2,1.6,15.5
2025-07-25T08:16:35.258036,AEVO-USDT,0.1043,0.1044,48764.1,25000.0
2025-07-25T08:16:35.284322,AI16Z-USDT,0.1465,0.1467,91012.0,115306.0
2025-07-25T08:16:35.284360,ACT-USDT,0.04402,0.04405,15706.0,47997.0
2025-07-25T08:16:35.294520,AGLD-USDT,0.7681,0.7683,227.5,148.1
2025-07-25T08:16:35.309877,AIXBT-USDT,0.13954,0.13956,362.0,621.0
2025-07-25T08:16:35.317177,AGT-USDT,0.005594,0.005599,255.0,652202.0
2025-07-25T08:16:35.320182,A-USDT,0.55866,0.55906,105.0,105.0
2025-07-25T08:16:35.324508,AERGO-USDT,0.13071,0.13076,362.0,453.0
2025-07-25T08:16:35.340995,ACE-USDT,0.5606,0.5615,111.21,112.07
2025-07-25T08:16:35.362256,ADA-USDT,0.7977,0.7978,49479.0,2688.0
2025-07-25T08:16:35.362296,ALT-USDT,0.03347,0.03349,22363.0,30193.0
2025-07-25T08:16:35.373515,ACH-USDT,0.021629,0.021636,5163.0,10058.0
2025-07-25T08:16:35.373555,ALGO-USDT,0.2575,0.2576,16902.7,23515.2
2025-07-25T08:16:35.383917,AI-USDT,0.13085,0.1309,472.0,472.0
2025-07-25T08:16:35.390984,ANIME-USDT,0.0186,0.01861,60000.0,144311.0
2025-07-25T08:16:35.391033,ALCH-USDT,0.13763,0.13766,7088.0,2126.0
2025-07-25T08:16:35.400498,AAVE-USDT,287.17,287.19,3.6,0.4
2025-07-25T08:16:35.407441,AEVO-USDT,0.1043,0.1045,48764.1,213666.9
2025-07-25T08:16:35.432189,ACT-USDT,0.04403,0.04404,10000.0,10000.0
2025-07-25T08:16:35.432654,AI16Z-USDT,0.1465,0.1467,238447.0,115306.0
2025-07-25T08:16:35.433877,AERO-USDT,0.8766,0.8771,101.0,101.0
2025-07-25T08:16:35.443257,AGLD-USDT,0.7681,0.7683,227.5,148.1
2025-07-25T08:16:35.460178,AIXBT-USDT,0.13954,0.13956,362.0,621.0
2025-07-25T08:16:35.464881,AGT-USDT,0.005594,0.005599,255.0,654202.0
2025-07-25T08:16:35.489839,ACE-USDT,0.5606,0.5615,111.21,112.07
2025-07-25T08:16:35.510535,ADA-USDT,0.7977,0.7978,49479.0,821.0
2025-07-25T08:16:35.512140,ALT-USDT,0.03347,0.03349,22363.0,30193.0
2025-07-25T08:16:35.518027,ACH-USDT,0.02163,0.021635,2250.0,2913.0
2025-07-25T08:16:35.518929,1INCH-USDT,0.273,0.2731,15551.8,8000.0
2025-07-25T08:16:35.519556,ALGO-USDT,0.2575,0.2576,16902.7,23515.2
2025-07-25T08:16:35.534370,AI-USDT,0.13085,0.1309,472.0,472.0
2025-07-25T08:16:35.536207,ANIME-USDT,0.0186,0.01861,60000.0,144311.0
2025-07-25T08:16:35.543621,ALCH-USDT,0.13763,0.13766,7088.0,2126.0
2025-07-25T08:16:35.551755,AAVE-USDT,287.17,287.18,0.7,0.5
2025-07-25T08:16:35.564335,AEVO-USDT,0.1043,0.1045,214684.7,75203.8
2025-07-25T08:16:35.584102,AI16Z-USDT,0.1465,0.1467,238447.0,115647.0
2025-07-25T08:16:35.584886,AERO-USDT,0.8766,0.8771,101.0,101.0
2025-07-25T08:16:35.616591,AGT-USDT,0.005594,0.005599,255.0,654202.0
2025-07-25T08:16:35.669534,ADA-USDT,0.7978,0.7979,54207.0,125.0
2025-07-25T08:16:35.669572,ALT-USDT,0.03348,0.03349,1881.0,30193.0
2025-07-25T08:16:35.669600,1INCH-USDT,0.273,0.2732,36515.9,61744.4
2025-07-25T08:16:35.669625,ACH-USDT,0.021634,0.021638,2250.0,4674.0
2025-07-25T08:16:35.669651,ALGO-USDT,0.2575,0.2576,22964.3,2515.4
2025-07-25T08:16:35.685020,AI-USDT,0.13085,0.13096,472.0,476.0
2025-07-25T08:16:35.686637,ANIME-USDT,0.0186,0.01861,123442.0,13119.0
2025-07-25T08:16:35.698855,ALCH-USDT,0.13764,0.13766,451.0,2126.0
2025-07-25T08:16:35.701832,AAVE-USDT,287.18,287.23,1.6,23.4
2025-07-25T08:16:35.707137,AEVO-USDT,0.1044,0.1045,971.1,115574.7
2025-07-25T08:16:35.738170,ACT-USDT,0.04403,0.04405,10000.0,44728.0
2025-07-25T08:16:35.738210,AI16Z-USDT,0.1466,0.1467,16292.0,68972.0
2025-07-25T08:16:35.738238,AERO-USDT,0.8766,0.8771,101.0,101.0
2025-07-25T08:16:35.750077,AGLD-USDT,0.7682,0.7684,79.4,148.1
2025-07-25T08:16:35.759023,AIXBT-USDT,0.13958,0.13963,77130.0,14428.0
2025-07-25T08:16:35.765615,AGT-USDT,0.005594,0.005599,255.0,654202.0
2025-07-25T08:16:35.772456,A-USDT,0.55871,0.55906,106.0,105.0
2025-07-25T08:16:35.773566,AERGO-USDT,0.13072,0.13078,453.0,453.0
2025-07-25T08:16:35.792220,ACE-USDT,0.5606,0.5615,111.21,112.07
2025-07-25T08:16:35.812197,ADA-USDT,0.7978,0.7979,50410.0,23385.0
2025-07-25T08:16:35.814847,ALT-USDT,0.03348,0.03349,1881.0,30193.0
2025-07-25T08:16:35.815702,1INCH-USDT,0.2731,0.2732,8000.0,51009.2
2025-07-25T08:16:35.820429,ACH-USDT,0.021634,0.021638,2250.0,4674.0
2025-07-25T08:16:35.829480,ALGO-USDT,0.2575,0.2576,22964.3,2515.4
2025-07-25T08:16:35.836346,AI-USDT,0.13085,0.13098,472.0,476.0
2025-07-25T08:16:35.837063,ANIME-USDT,0.0186,0.01861,229178.0,13119.0
2025-07-25T08:16:35.841296,ALCH-USDT,0.13764,0.13767,2451.0,7088.0
2025-07-25T08:16:35.851312,AAVE-USDT,287.22,287.26,6.0,8.6
2025-07-25T08:16:35.858429,AEVO-USDT,0.1044,0.1045,971.1,76255.0
2025-07-25T08:16:35.883981,ACT-USDT,0.04403,0.04405,10000.0,44728.0
2025-07-25T08:16:35.884223,AI16Z-USDT,0.1466,0.1467,60764.0,68972.0
2025-07-25T08:16:35.885889,AERO-USDT,0.8766,0.8771,101.0,101.0
2025-07-25T08:16:35.893073,AGLD-USDT,0.7682,0.7685,179.0,148.1
2025-07-25T08:16:35.910294,AIXBT-USDT,0.13958,0.13962,77130.0,1851.0
2025-07-25T08:16:35.923913,AERGO-USDT,0.13073,0.13078,362.0,453.0
2025-07-25T08:16:35.940696,ACE-USDT,0.5606,0.5615,111.21,112.07
2025-07-25T08:16:35.956961,AIN-USDT,0.15303,0.15321,14082.0,3342.0
2025-07-25T08:16:35.963083,ADA-USDT,0.7978,0.7979,52359.0,23260.0
2025-07-25T08:16:35.973917,ALT-USDT,0.03347,0.03349,22363.0,30193.0
2025-07-25T08:16:35.973955,ACH-USDT,0.021634,0.02164,6504.0,7081.0
2025-07-25T08:16:35.973984,ALGO-USDT,0.2575,0.2577,147165.1,36488.7
2025-07-25T08:16:35.974008,1INCH-USDT,0.2731,0.2732,8000.0,44752.8
2025-07-25T08:16:35.985151,AI-USDT,0.13086,0.131,472.0,472.0
2025-07-25T08:16:35.986417,ANIME-USDT,0.0186,0.01861,231050.0,13119.0
2025-07-25T08:16:35.991621,ALCH-USDT,0.13764,0.13767,4126.0,7088.0
2025-07-25T08:16:36.001352,AAVE-USDT,287.24,287.29,7.1,3.5
2025-07-25T08:16:36.005855,AEVO-USDT,0.1044,0.1045,971.1,99419.4
2025-07-25T08:16:36.032165,ACT-USDT,0.04404,0.04407,15706.0,50795.0
2025-07-25T08:16:36.034567,AI16Z-USDT,0.1466,0.1468,125965.0,180034.0
2025-07-25T08:16:36.036156,AERO-USDT,0.8766,0.8771,101.0,101.0
2025-07-25T08:16:36.043048,AGLD-USDT,0.7683,0.7685,79.4,148.1
2025-07-25T08:16:36.061561,AIXBT-USDT,0.13958,0.13964,84843.0,1585.0
2025-07-25T08:16:36.069778,AGT-USDT,0.005594,0.005599,255.0,654202.0
2025-07-25T08:16:36.070322,A-USDT,0.55871,0.55921,106.0,1776.0
2025-07-25T08:16:36.071943,AERGO-USDT,0.13073,0.13081,1573.0,819.0
2025-07-25T08:16:36.090766,ACE-USDT,0.5606,0.5615,111.21,112.07
2025-07-25T08:16:36.106071,AIN-USDT,0.15303,0.15321,14082.0,3342.0
2025-07-25T08:16:36.111669,ADA-USDT,0.7979,0.7981,9987.0,45372.0
2025-07-25T08:16:36.115320,ALT-USDT,0.03348,0.03349,1881.0,15138.0
2025-07-25T08:16:36.119203,1INCH-USDT,0.2731,0.2732,17778.8,24541.1
2025-07-25T08:16:36.119862,ACH-USDT,0.021639,0.021644,2250.0,16963.0
2025-07-25T08:16:36.121527,ALGO-USDT,0.2576,0.2577,5869.3,10824.9
2025-07-25T08:16:36.134590,AI-USDT,0.13086,0.13099,472.0,377.0
2025-07-25T08:16:36.136575,ANIME-USDT,0.01861,0.01862,20722.0,498974.0
2025-07-25T08:16:36.142555,ALCH-USDT,0.13766,0.13771,451.0,2126.0
2025-07-25T08:16:36.152300,AAVE-USDT,287.26,287.28,26.2,0.5
2025-07-25T08:16:36.156553,AEVO-USDT,0.1044,0.1045,2950.3,89848.0
2025-07-25T08:16:36.185179,ACT-USDT,0.04404,0.04407,35676.0,34165.0
2025-07-25T08:16:36.185246,AI16Z-USDT,0.1466,0.1468,125965.0,32609.0
2025-07-25T08:16:36.185542,AERO-USDT,0.8766,0.8771,101.0,101.0
2025-07-25T08:16:36.194240,AGLD-USDT,0.7683,0.7685,79.4,148.1
2025-07-25T08:16:36.209235,AIXBT-USDT,0.1396,0.13965,487.0,621.0
2025-07-25T08:16:36.216328,AGT-USDT,0.005594,0.005599,255.0,654202.0
2025-07-25T08:16:36.222394,A-USDT,0.55886,0.55929,106.0,105.0
2025-07-25T08:16:36.222742,AERGO-USDT,0.13074,0.1308,453.0,453.0
2025-07-25T08:16:36.242717,ACE-USDT,0.5606,0.5615,111.21,112.07
2025-07-25T08:16:36.262586,ADA-USDT,0.798,0.7981,16948.0,18020.0
2025-07-25T08:16:36.265326,ALT-USDT,0.03348,0.03349,11881.0,15138.0
2025-07-25T08:16:36.266594,ACH-USDT,0.021639,0.021644,2250.0,14050.0
2025-07-25T08:16:36.267008,1INCH-USDT,0.2731,0.2732,17778.8,13490.4
2025-07-25T08:16:36.268696,ALGO-USDT,0.2576,0.2577,57644.2,10824.9
2025-07-25T08:16:36.284495,AI-USDT,0.13087,0.13098,186.0,377.0
2025-07-25T08:16:36.286198,ANIME-USDT,0.01861,0.01862,60722.0,79452.0
2025-07-25T08:16:36.290809,ALCH-USDT,0.13766,0.13767,451.0,7088.0
2025-07-25T08:16:36.306804,AAVE-USDT,287.27,287.28,7.4,0.5
2025-07-25T08:16:36.307075,AEVO-USDT,0.1044,0.1045,2950.3,89848.0
2025-07-25T08:16:36.332384,ACT-USDT,0.04405,0.04407,15706.0,34728.0
2025-07-25T08:16:36.334505,AI16Z-USDT,0.1467,0.1468,2306.0,32609.0
2025-07-25T08:16:36.335522,AERO-USDT,0.8766,0.8771,101.0,101.0
2025-07-25T08:16:36.342982,AGLD-USDT,0.7683,0.7685,513.2,148.1
2025-07-25T08:16:36.361142,AIXBT-USDT,0.13964,0.13965,362.0,621.0
2025-07-25T08:16:36.365862,AGT-USDT,0.005594,0.005599,255.0,654202.0
2025-07-25T08:16:36.372563,AERGO-USDT,0.13074,0.13083,453.0,465.0
2025-07-25T08:16:36.390573,ACE-USDT,0.5606,0.5615,111.21,112.07
2025-07-25T08:16:36.415838,ADA-USDT,0.798,0.7981,35460.0,27634.0
2025-07-25T08:16:36.415877,ALT-USDT,0.03348,0.03349,11881.0,15138.0
2025-07-25T08:16:36.417230,ACH-USDT,0.02164,0.021643,2250.0,2458.0
2025-07-25T08:16:36.418316,ALGO-USDT,0.2576,0.2577,57644.2,10824.9
2025-07-25T08:16:36.418352,1INCH-USDT,0.2731,0.2732,17778.8,13490.4
2025-07-25T08:16:36.433053,AI-USDT,0.13088,0.13097,472.0,377.0
2025-07-25T08:16:36.436397,ANIME-USDT,0.01861,0.01862,124164.0,79452.0
2025-07-25T08:16:36.440519,ALCH-USDT,0.13765,0.13771,4126.0,2126.0
2025-07-25T08:16:36.451372,AAVE-USDT,287.27,287.28,7.6,0.5
2025-07-25T08:16:36.458279,AEVO-USDT,0.1044,0.1045,2950.3,99416.3
2025-07-25T08:16:36.485127,ACT-USDT,0.04405,0.04407,25706.0,44165.0
2025-07-25T08:16:36.485827,AI16Z-USDT,0.1467,0.1468,46778.0,79326.0
2025-07-25T08:16:36.485975,AERO-USDT,0.8766,0.8771,101.0,101.0
2025-07-25T08:16:36.496364,AGLD-USDT,0.7684,0.7685,79.4,148.1
2025-07-25T08:16:36.509701,AIXBT-USDT,0.13967,0.13975,81475.0,155276.0
2025-07-25T08:16:36.515937,AGT-USDT,0.005594,0.005599,255.0,654202.0
2025-07-25T08:16:36.522722,A-USDT,0.55886,0.55929,106.0,105.0
2025-07-25T08:16:36.522768,AERGO-USDT,0.13075,0.13083,362.0,465.0
2025-07-25T08:16:36.540592,ACE-USDT,0.5606,0.5615,111.21,112.07
2025-07-25T08:16:36.562715,AIN-USDT,0.15303,0.15324,14082.0,1103.0
2025-07-25T08:16:36.562750,ADA-USDT,0.798,0.7981,35460.0,26789.0
2025-07-25T08:16:36.563447,ALT-USDT,0.03348,0.03349,11881.0,15138.0
2025-07-25T08:16:36.572634,ACH-USDT,0.021641,0.021642,2250.0,2458.0
2025-07-25T08:16:36.572684,1INCH-USDT,0.2731,0.2732,37989.3,13490.4
2025-07-25T08:16:36.572723,ALGO-USDT,0.2576,0.2577,61799.2,6562.8
2025-07-25T08:16:36.583080,AI-USDT,0.13088,0.13096,472.0,377.0
2025-07-25T08:16:36.586316,ANIME-USDT,0.01861,0.01862,124164.0,19452.0
2025-07-25T08:16:36.591233,ALCH-USDT,0.13765,0.13771,4126.0,2126.0
2025-07-25T08:16:36.601384,AAVE-USDT,287.27,287.28,7.6,0.5
2025-07-25T08:16:36.606963,AEVO-USDT,0.1044,0.1045,2950.3,99416.3
2025-07-25T08:16:36.632567,ACT-USDT,0.04405,0.04407,25706.0,10000.0
2025-07-25T08:16:36.634349,AI16Z-USDT,0.1467,0.1468,46778.0,79326.0
2025-07-25T08:16:36.643459,AGLD-USDT,0.7685,0.7686,227.5,148.1
2025-07-25T08:16:36.659885,AIXBT-USDT,0.13967,0.13974,3027.0,16279.0
2025-07-25T08:16:36.665734,AGT-USDT,0.005594,0.005599,11490.0,654202.0
2025-07-25T08:16:36.670938,A-USDT,0.55886,0.55929,382.0,105.0
2025-07-25T08:16:36.672173,AERGO-USDT,0.13075,0.13083,815.0,465.0
2025-07-25T08:16:36.690161,ACE-USDT,0.5609,0.5616,490.8,112.07
2025-07-25T08:16:36.707989,AIN-USDT,0.15309,0.15328,669.0,3342.0
2025-07-25T08:16:36.711992,ADA-USDT,0.798,0.7981,51960.0,24511.0
2025-07-25T08:16:36.716286,ALT-USDT,0.03348,0.03349,11881.0,15138.0
2025-07-25T08:16:36.721715,ACH-USDT,0.021641,0.021642,2250.0,2458.0
2025-07-25T08:16:36.721762,1INCH-USDT,0.2731,0.2732,41788.2,5490.4
2025-07-25T08:16:36.721817,ALGO-USDT,0.2576,0.2577,61799.2,6562.8
2025-07-25T08:16:36.735766,AI-USDT,0.13089,0.13095,186.0,377.0
2025-07-25T08:16:36.737060,ANIME-USDT,0.01861,0.01862,231772.0,19452.0
2025-07-25T08:16:36.750978,AAVE-USDT,287.3,287.34,27.8,0.9
2025-07-25T08:16:36.756902,AEVO-USDT,0.1044,0.1045,2950.3,89848.0
2025-07-25T08:16:36.784323,ACT-USDT,0.04405,0.04407,25706.0,10000.0
2025-07-25T08:16:36.784365,AI16Z-USDT,0.1467,0.1468,46778.0,79667.0
2025-07-25T08:16:36.793249,AGLD-USDT,0.7685,0.7687,227.5,148.0
2025-07-25T08:16:36.817194,AIXBT-USDT,0.13967,0.13968,3027.0,341.0
2025-07-25T08:16:36.821530,A-USDT,0.55891,0.55929,106.0,105.0
2025-07-25T08:16:36.840168,ACE-USDT,0.561,0.5617,111.21,112.07
2025-07-25T08:16:36.862647,ADA-USDT,0.798,0.7981,51960.0,5766.0
2025-07-25T08:16:36.863291,ALT-USDT,0.03348,0.0335,11881.0,11740.0
2025-07-25T08:16:36.870141,1INCH-USDT,0.2731,0.2732,41788.2,5490.4
2025-07-25T08:16:36.870272,ACH-USDT,0.021641,0.021644,2250.0,14050.0
2025-07-25T08:16:36.870325,ALGO-USDT,0.2576,0.2577,61799.2,5731.7
2025-07-25T08:16:36.883947,AI-USDT,0.13095,0.13098,377.0,553.0
2025-07-25T08:16:36.887770,ANIME-USDT,0.01861,0.01862,231772.0,19452.0
2025-07-25T08:16:36.893561,ALCH-USDT,0.13765,0.13771,4126.0,2126.0
2025-07-25T08:16:36.906588,AAVE-USDT,287.33,287.34,0.4,3.2
2025-07-25T08:16:36.907371,AEVO-USDT,0.1044,0.1045,12846.4,79951.9
2025-07-25T08:16:36.933752,ACT-USDT,0.04405,0.04408,10000.0,45996.0
2025-07-25T08:16:36.936232,AI16Z-USDT,0.1467,0.1468,46778.0,79667.0
2025-07-25T08:16:36.937084,AERO-USDT,0.8766,0.8775,381.0,113.0
2025-07-25T08:16:36.945269,AGLD-USDT,0.7685,0.7687,227.5,148.0
2025-07-25T08:16:36.961616,AIXBT-USDT,0.13967,0.1397,3027.0,1585.0
2025-07-25T08:16:36.965843,AGT-USDT,0.005594,0.005599,11490.0,654202.0
2025-07-25T08:16:36.973936,A-USDT,0.55896,0.55941,106.0,106.0
2025-07-25T08:16:36.980843,AERGO-USDT,0.13076,0.13083,453.0,465.0
2025-07-25T08:16:36.994899,ACE-USDT,0.561,0.5618,258.45,112.07
2025-07-25T08:16:37.007003,AIN-USDT,0.15309,0.15328,2764.0,3342.0
2025-07-25T08:16:37.012181,ADA-USDT,0.7981,0.7982,576.0,1373.0
2025-07-25T08:16:37.013212,ALT-USDT,0.03349,0.0335,11881.0,11740.0
2025-07-25T08:16:37.021048,ACH-USDT,0.021641,0.021644,3591.0,14050.0
2025-07-25T08:16:37.021079,1INCH-USDT,0.2731,0.2732,41788.2,5490.4
2025-07-25T08:16:37.021098,ALGO-USDT,0.2577,0.2578,640.6,33686.9
2025-07-25T08:16:37.043241,AI-USDT,0.13095,0.13098,377.0,553.0
2025-07-25T08:16:37.043433,ANIME-USDT,0.01861,0.01862,231772.0,11702.0
2025-07-25T08:16:37.043509,ALCH-USDT,0.13766,0.13767,451.0,7088.0
2025-07-25T08:16:37.052029,AAVE-USDT,287.33,287.34,4.3,0.5
2025-07-25T08:16:37.059567,AEVO-USDT,0.1044,0.1045,17450.8,79951.9
2025-07-25T08:16:37.085732,ACT-USDT,0.04406,0.04408,15706.0,34728.0
2025-07-25T08:16:37.087571,AI16Z-USDT,0.1467,0.1468,46778.0,115667.0
2025-07-25T08:16:37.087955,AERO-USDT,0.8766,0.8774,307.0,101.0
2025-07-25T08:16:37.094598,AGLD-USDT,0.7686,0.769,79.4,1345.6
2025-07-25T08:16:37.111332,AIXBT-USDT,0.13967,0.13972,3027.0,1585.0
2025-07-25T08:16:37.126698,A-USDT,0.55896,0.55941,106.0,106.0
2025-07-25T08:16:37.126828,AERGO-USDT,0.13077,0.13083,362.0,465.0
2025-07-25T08:16:37.141741,ACE-USDT,0.5611,0.5618,111.21,111.21
2025-07-25T08:16:37.166610,AIN-USDT,0.15309,0.15328,2764.0,3342.0
2025-07-25T08:16:37.166656,ADA-USDT,0.7981,0.7982,36857.0,17968.0
2025-07-25T08:16:37.166695,ALT-USDT,0.03349,0.0335,11881.0,11740.0
2025-07-25T08:16:37.174942,ACH-USDT,0.021642,0.021648,2913.0,3992.0
2025-07-25T08:16:37.174978,ALGO-USDT,0.2577,0.2578,23057.7,17378.2
2025-07-25T08:16:37.175008,1INCH-USDT,0.2731,0.2732,41788.2,5490.4
2025-07-25T08:16:37.183884,AI-USDT,0.13095,0.13098,377.0,553.0
2025-07-25T08:16:37.187565,ANIME-USDT,0.01861,0.01862,231772.0,11702.0
2025-07-25T08:16:37.192152,ALCH-USDT,0.13766,0.13767,451.0,7088.0
2025-07-25T08:16:37.204888,AAVE-USDT,287.33,287.34,4.3,0.5
2025-07-25T08:16:37.207316,AEVO-USDT,0.1044,0.1045,22742.2,33683.7
2025-07-25T08:16:37.236934,ACT-USDT,0.04406,0.04408,25706.0,34165.0
2025-07-25T08:16:37.236975,AI16Z-USDT,0.1467,0.1468,46778.0,115667.0
2025-07-25T08:16:37.237000,AERO-USDT,0.8766,0.8774,750.0,101.0
2025-07-25T08:16:37.243380,AGLD-USDT,0.7686,0.769,147.7,1345.6
2025-07-25T08:16:37.260313,AIXBT-USDT,0.13967,0.13972,3329.0,1585.0
2025-07-25T08:16:37.271294,A-USDT,0.55896,0.55941,106.0,106.0
2025-07-25T08:16:37.274243,AERGO-USDT,0.13078,0.13083,453.0,465.0
2025-07-25T08:16:37.294565,ACE-USDT,0.5611,0.5619,111.21,112.07
2025-07-25T08:16:37.312480,ADA-USDT,0.7981,0.7982,36857.0,24592.0
2025-07-25T08:16:37.321301,ALT-USDT,0.03349,0.0335,11881.0,11740.0
2025-07-25T08:16:37.321339,ACH-USDT,0.021642,0.021648,2913.0,3992.0
2025-07-25T08:16:37.321366,ALGO-USDT,0.2577,0.2578,23057.7,17378.2
2025-07-25T08:16:37.335779,AI-USDT,0.13095,0.13098,377.0,553.0
2025-07-25T08:16:37.338115,ANIME-USDT,0.01861,0.01862,231772.0,11702.0
2025-07-25T08:16:37.341224,ALCH-USDT,0.13766,0.13767,451.0,7088.0
2025-07-25T08:16:37.350418,AAVE-USDT,287.33,287.34,4.3,0.5
2025-07-25T08:16:37.357767,AEVO-USDT,0.1044,0.1045,67028.9,29863.7
2025-07-25T08:16:37.383886,ACT-USDT,0.04406,0.04408,25706.0,10000.0
2025-07-25T08:16:37.388646,AERO-USDT,0.8766,0.8774,750.0,101.0
2025-07-25T08:16:37.393856,AGLD-USDT,0.7686,0.769,147.7,1345.6
2025-07-25T08:16:37.411447,AIXBT-USDT,0.13967,0.13971,3329.0,1851.0
2025-07-25T08:16:37.422457,A-USDT,0.55896,0.55952,106.0,1776.0
2025-07-25T08:16:37.422732,AERGO-USDT,0.13078,0.13083,453.0,465.0
2025-07-25T08:16:37.442389,ACE-USDT,0.5611,0.5619,111.21,166.24
2025-07-25T08:16:37.461686,ADA-USDT,0.7981,0.7982,36857.0,12092.0
2025-07-25T08:16:37.463759,ALT-USDT,0.03349,0.0335,11881.0,11740.0
2025-07-25T08:16:37.469093,ALGO-USDT,0.2577,0.2578,18902.7,17378.2
2025-07-25T08:16:37.469129,1INCH-USDT,0.2732,0.2733,12748.6,27275.7
2025-07-25T08:16:37.484027,AI-USDT,0.13096,0.13098,472.0,553.0
2025-07-25T08:16:37.486434,ANIME-USDT,0.01861,0.01862,231772.0,11702.0
2025-07-25T08:16:37.491258,ALCH-USDT,0.13766,0.13771,451.0,2271.0
2025-07-25T08:16:37.503311,AAVE-USDT,287.35,287.39,1.7,42.5
2025-07-25T08:16:37.506626,AEVO-USDT,0.1044,0.1045,76603.1,25000.0
2025-07-25T08:16:37.534186,ACT-USDT,0.04407,0.04408,15706.0,10000.0
2025-07-25T08:16:37.534391,AI16Z-USDT,0.1467,0.1468,46778.0,115667.0
2025-07-25T08:16:37.535337,AERO-USDT,0.8767,0.8774,100.0,101.0
2025-07-25T08:16:37.544675,AGLD-USDT,0.7686,0.7689,147.7,230.2
2025-07-25T08:16:37.567571,AIXBT-USDT,0.13967,0.1397,3329.0,1851.0
2025-07-25T08:16:37.567611,AGT-USDT,0.005594,0.005599,11490.0,654202.0
2025-07-25T08:16:37.572320,A-USDT,0.55896,0.55947,106.0,106.0
2025-07-25T08:16:37.591855,ACE-USDT,0.561,0.5618,111.21,111.21
2025-07-25T08:16:37.612627,ADA-USDT,0.7982,0.7983,576.0,61614.0
2025-07-25T08:16:37.616508,ALT-USDT,0.03349,0.0335,11881.0,10000.0
2025-07-25T08:16:37.620220,1INCH-USDT,0.2732,0.2733,18445.3,5797.0
2025-07-25T08:16:37.620916,ACH-USDT,0.021642,0.021648,2913.0,3992.0
2025-07-25T08:16:37.621491,ALGO-USDT,0.2577,0.2578,24964.3,15471.6
2025-07-25T08:16:37.636555,AI-USDT,0.13091,0.13097,186.0,377.0
2025-07-25T08:16:37.637342,ANIME-USDT,0.01861,0.01862,231772.0,11702.0
2025-07-25T08:16:37.642889,ALCH-USDT,0.13768,0.13771,7088.0,2271.0
2025-07-25T08:16:37.653135,AAVE-USDT,287.38,287.39,0.4,22.4
2025-07-25T08:16:37.658608,AEVO-USDT,0.1044,0.1045,76603.1,25000.0
2025-07-25T08:16:37.686652,AERO-USDT,0.8768,0.8774,155.0,101.0
2025-07-25T08:16:37.693751,AGLD-USDT,0.7686,0.7688,147.7,71.1
2025-07-25T08:16:37.710104,AIXBT-USDT,0.13968,0.1397,362.0,1851.0
2025-07-25T08:16:37.741699,ACE-USDT,0.561,0.5618,111.21,232.62
2025-07-25T08:16:37.762423,ADA-USDT,0.7981,0.7982,71756.0,520.0
2025-07-25T08:16:37.764040,ALT-USDT,0.03349,0.0335,11881.0,10000.0
2025-07-25T08:16:37.768255,1INCH-USDT,0.2732,0.2733,8784.0,5797.0
2025-07-25T08:16:37.769977,ACH-USDT,0.021642,0.02165,2913.0,71255.0
2025-07-25T08:16:37.772900,ALGO-USDT,0.2577,0.2578,24964.3,17378.2
2025-07-25T08:16:37.785304,AI-USDT,0.13092,0.13096,472.0,377.0
2025-07-25T08:16:37.786766,ANIME-USDT,0.01861,0.01862,229900.0,11702.0
2025-07-25T08:16:37.793087,ALCH-USDT,0.13768,0.13771,7088.0,2126.0
2025-07-25T08:16:37.803009,AAVE-USDT,287.38,287.41,2.1,0.2
2025-07-25T08:16:37.807062,AEVO-USDT,0.1044,0.1045,76603.1,25000.0
2025-07-25T08:16:37.834065,ACT-USDT,0.04407,0.04409,25706.0,34810.0
2025-07-25T08:16:37.834249,AI16Z-USDT,0.1467,0.1468,46778.0,115667.0
2025-07-25T08:16:37.836300,AERO-USDT,0.8768,0.8774,155.0,101.0
2025-07-25T08:16:37.848214,AGLD-USDT,0.7687,0.7688,79.4,71.1
2025-07-25T08:16:37.860296,AIXBT-USDT,0.13967,0.13969,3329.0,341.0
2025-07-25T08:16:37.866727,AGT-USDT,0.005595,0.005599,11235.0,654202.0
2025-07-25T08:16:37.893474,ACE-USDT,0.561,0.5617,111.21,111.21
2025-07-25T08:16:37.918701,ADA-USDT,0.7982,0.7983,37320.0,31288.0
2025-07-25T08:16:37.918742,ALT-USDT,0.03349,0.0335,13069.0,11000.0
2025-07-25T08:16:37.921020,ACH-USDT,0.021643,0.021654,2250.0,2931.0
2025-07-25T08:16:37.921344,1INCH-USDT,0.2732,0.2733,11187.1,13797.0
2025-07-25T08:16:37.921979,ALGO-USDT,0.2577,0.2578,24964.3,12694.4
2025-07-25T08:16:37.933933,AI-USDT,0.13092,0.13095,472.0,377.0
2025-07-25T08:16:37.937507,ANIME-USDT,0.01861,0.01862,231772.0,11702.0
2025-07-25T08:16:37.944527,ALCH-USDT,0.13768,0.13771,7088.0,2126.0
2025-07-25T08:16:37.951622,AAVE-USDT,287.4,287.41,0.4,1.8
2025-07-25T08:16:37.958464,AEVO-USDT,0.1044,0.1045,76603.1,25000.0
2025-07-25T08:16:37.985891,AI16Z-USDT,0.1467,0.1468,46778.0,115667.0
2025-07-25T08:16:37.999673,AGLD-USDT,0.7687,0.7688,79.4,71.1
2025-07-25T08:16:38.011720,AIXBT-USDT,0.13967,0.13968,3329.0,341.0
2025-07-25T08:16:38.062395,AIN-USDT,0.15316,0.15339,669.0,780.0
2025-07-25T08:16:38.065288,ADA-USDT,0.7982,0.7983,37383.0,17700.0
2025-07-25T08:16:38.066277,ALT-USDT,0.03349,0.0335,11881.0,11000.0
2025-07-25T08:16:38.068594,ACH-USDT,0.021645,0.021653,2913.0,4675.0
2025-07-25T08:16:38.069774,ALGO-USDT,0.2577,0.2578,24964.3,12694.4
2025-07-25T08:16:38.091315,AI-USDT,0.13092,0.13097,472.0,552.0
2025-07-25T08:16:38.091364,ANIME-USDT,0.01861,0.01862,231772.0,11702.0
2025-07-25T08:16:38.096624,ALCH-USDT,0.13766,0.13771,451.0,2126.0
2025-07-25T08:16:38.103207,AAVE-USDT,287.4,287.41,2.1,0.9
2025-07-25T08:16:38.111170,AEVO-USDT,0.1044,0.1045,76603.1,25000.0
2025-07-25T08:16:38.136398,AI16Z-USDT,0.1467,0.1468,44602.0,115667.0
2025-07-25T08:16:38.144937,AGLD-USDT,0.7686,0.7688,147.7,71.1
2025-07-25T08:16:38.162520,AIXBT-USDT,0.13967,0.13968,3329.0,341.0
2025-07-25T08:16:38.166468,AGT-USDT,0.005594,0.005599,11490.0,654202.0
2025-07-25T08:16:38.180660,AERGO-USDT,0.13077,0.13083,362.0,465.0
2025-07-25T08:16:38.206307,AIN-USDT,0.15318,0.15335,182.0,3342.0
2025-07-25T08:16:38.212147,ADA-USDT,0.7982,0.7983,32397.0,45566.0
2025-07-25T08:16:38.215618,ALT-USDT,0.03349,0.0335,11881.0,11000.0
2025-07-25T08:16:38.220481,1INCH-USDT,0.2732,0.2733,8784.0,13797.0
2025-07-25T08:16:38.221616,ACH-USDT,0.021646,0.021651,2250.0,2913.0
2025-07-25T08:16:38.222325,ALGO-USDT,0.2577,0.2578,20809.3,12694.4
2025-07-25T08:16:38.235984,AI-USDT,0.13092,0.13097,472.0,552.0
2025-07-25T08:16:38.238271,ANIME-USDT,0.01861,0.01862,229900.0,11702.0
2025-07-25T08:16:38.243623,ALCH-USDT,0.13765,0.13771,4726.0,2271.0
2025-07-25T08:16:38.253556,AAVE-USDT,287.4,287.41,0.4,1.2
2025-07-25T08:16:38.260007,AEVO-USDT,0.1044,0.1045,76603.1,25000.0
2025-07-25T08:16:38.284161,ACT-USDT,0.04407,0.04409,25706.0,44810.0
2025-07-25T08:16:38.284619,AI16Z-USDT,0.1467,0.1468,44602.0,115667.0
2025-07-25T08:16:38.295611,AGLD-USDT,0.7686,0.7688,147.7,71.1
2025-07-25T08:16:38.310490,AIXBT-USDT,0.13967,0.13968,3329.0,341.0
2025-07-25T08:16:38.316513,AGT-USDT,0.005594,0.005599,255.0,654202.0
2025-07-25T08:16:38.323997,AERGO-USDT,0.13077,0.13083,815.0,465.0
2025-07-25T08:16:38.347449,ACE-USDT,0.561,0.5617,111.21,111.21
2025-07-25T08:16:38.356558,AIN-USDT,0.15318,0.15335,182.0,3342.0
2025-07-25T08:16:38.365395,ADA-USDT,0.7983,0.7984,11508.0,5954.0
2025-07-25T08:16:38.365445,ALT-USDT,0.03349,0.0335,11881.0,11000.0
2025-07-25T08:16:38.369508,ACH-USDT,0.021647,0.02165,2250.0,2458.0
2025-07-25T08:16:38.369893,1INCH-USDT,0.2732,0.2733,11187.1,13490.4
2025-07-25T08:16:38.369942,ALGO-USDT,0.2577,0.2578,20809.3,12694.4
2025-07-25T08:16:38.387703,ANIME-USDT,0.01861,0.01862,229900.0,11702.0
2025-07-25T08:16:38.395141,ALCH-USDT,0.13765,0.13771,4726.0,2126.0
2025-07-25T08:16:38.403516,AAVE-USDT,287.4,287.41,0.4,1.3
2025-07-25T08:16:38.435990,AERO-USDT,0.8768,0.8774,155.0,101.0
2025-07-25T08:16:38.436221,AI16Z-USDT,0.1467,0.1468,44602.0,115667.0
2025-07-25T08:16:38.443997,AGLD-USDT,0.7687,0.7689,79.4,522.8
2025-07-25T08:16:38.462720,AIXBT-USDT,0.13968,0.1397,341.0,1586.0
2025-07-25T08:16:38.468411,AGT-USDT,0.005594,0.005599,255.0,654202.0
2025-07-25T08:16:38.473452,AERGO-USDT,0.13078,0.13083,453.0,465.0
2025-07-25T08:16:38.493052,ACE-USDT,0.561,0.5617,111.21,111.21
2025-07-25T08:16:38.513144,ADA-USDT,0.7983,0.7984,56968.0,7518.0
2025-07-25T08:16:38.516817,ALT-USDT,0.03349,0.03351,13069.0,15037.0
2025-07-25T08:16:38.525840,ACH-USDT,0.021647,0.021648,5163.0,2458.0
2025-07-25T08:16:38.525889,ALGO-USDT,0.2577,0.2578,26541.0,5731.7
2025-07-25T08:16:38.541735,AI-USDT,0.13097,0.13099,552.0,552.0
2025-07-25T08:16:38.543390,ANIME-USDT,0.01861,0.01862,53119.0,135144.0
2025-07-25T08:16:38.547159,ALCH-USDT,0.13768,0.13771,7088.0,2126.0
2025-07-25T08:16:38.552003,AAVE-USDT,287.4,287.41,0.4,0.5
2025-07-25T08:16:38.562551,AEVO-USDT,0.1044,0.1045,76603.1,25000.0
2025-07-25T08:16:38.583924,ACT-USDT,0.04408,0.04409,15706.0,10082.0
2025-07-25T08:16:38.584828,AI16Z-USDT,0.1467,0.1468,46778.0,115667.0
2025-07-25T08:16:38.594477,AGLD-USDT,0.7687,0.769,492.7,147.9
2025-07-25T08:16:38.610550,AIXBT-USDT,0.1397,0.13975,1586.0,10162.0
2025-07-25T08:16:38.617670,AGT-USDT,0.005594,0.005599,255.0,654202.0
2025-07-25T08:16:38.626652,AERGO-USDT,0.13078,0.13083,453.0,465.0
2025-07-25T08:16:38.641379,ACE-USDT,0.561,0.5617,111.21,111.21
2025-07-25T08:16:38.657020,AIN-USDT,0.15319,0.15335,2095.0,3342.0
2025-07-25T08:16:38.663310,ADA-USDT,0.7983,0.7984,57318.0,7518.0
2025-07-25T08:16:38.664255,ALT-USDT,0.03349,0.03351,13069.0,15037.0
2025-07-25T08:16:38.668702,ACH-USDT,0.021647,0.021648,5163.0,2458.0
2025-07-25T08:16:38.668882,1INCH-USDT,0.2732,0.2734,23889.0,73804.8
2025-07-25T08:16:38.669109,ALGO-USDT,0.2577,0.2578,30696.0,5731.7
2025-07-25T08:16:38.686695,AI-USDT,0.13098,0.13099,472.0,552.0
2025-07-25T08:16:38.689047,ANIME-USDT,0.01861,0.01862,53119.0,71702.0
2025-07-25T08:16:38.692422,ALCH-USDT,0.13768,0.13771,7088.0,2126.0
2025-07-25T08:16:38.703012,AAVE-USDT,287.4,287.41,2.9,0.5
2025-07-25T08:16:38.712273,AEVO-USDT,0.1044,0.1045,76603.1,25000.0
2025-07-25T08:16:38.734537,ACT-USDT,0.04408,0.04409,35676.0,10082.0
2025-07-25T08:16:38.735654,AI16Z-USDT,0.1467,0.1468,46778.0,115667.0
2025-07-25T08:16:38.744268,AGLD-USDT,0.7687,0.769,726.2,147.9
2025-07-25T08:16:38.762628,AIXBT-USDT,0.1397,0.13974,1586.0,2192.0
2025-07-25T08:16:38.766697,AGT-USDT,0.005594,0.005599,27768.0,654202.0
2025-07-25T08:16:38.808906,AIN-USDT,0.15319,0.15335,2095.0,3342.0
2025-07-25T08:16:38.815164,ADA-USDT,0.7983,0.7984,53357.0,7393.0
2025-07-25T08:16:38.819547,ACH-USDT,0.021647,0.021648,2250.0,2458.0
2025-07-25T08:16:38.820523,1INCH-USDT,0.2732,0.2734,41100.1,52328.4
2025-07-25T08:16:38.820922,ALGO-USDT,0.2577,0.2578,30696.0,5731.7
2025-07-25T08:16:38.837476,AI-USDT,0.13093,0.13099,186.0,552.0
2025-07-25T08:16:38.843672,ANIME-USDT,0.01861,0.01862,222297.0,11702.0
2025-07-25T08:16:38.846464,ALCH-USDT,0.13768,0.13771,7088.0,2126.0
2025-07-25T08:16:38.854028,AAVE-USDT,287.4,287.41,0.4,0.5
2025-07-25T08:16:38.860243,AEVO-USDT,0.1044,0.1045,80631.2,36875.3
2025-07-25T08:16:38.884863,ACT-USDT,0.04408,0.04409,35676.0,10082.0
2025-07-25T08:16:38.912277,AIXBT-USDT,0.1397,0.13973,1586.0,2192.0
2025-07-25T08:16:38.917961,AGT-USDT,0.005594,0.005599,27768.0,654202.0
2025-07-25T08:16:38.927151,AERGO-USDT,0.13078,0.13083,453.0,465.0
2025-07-25T08:16:38.965120,ADA-USDT,0.7983,0.7984,53357.0,7393.0
2025-07-25T08:16:38.968377,1INCH-USDT,0.2732,0.2734,47006.8,45367.5
2025-07-25T08:16:38.970839,ACH-USDT,0.021647,0.021648,5163.0,2458.0
2025-07-25T08:16:38.970883,ALGO-USDT,0.2577,0.2578,26541.0,5731.7
2025-07-25T08:16:38.984649,AI-USDT,0.13094,0.13098,472.0,377.0
2025-07-25T08:16:38.987561,ANIME-USDT,0.01861,0.01862,222297.0,11702.0
2025-07-25T08:16:38.992145,ALCH-USDT,0.13768,0.13771,7088.0,2126.0
2025-07-25T08:16:39.004372,AAVE-USDT,287.4,287.41,0.6,0.5
2025-07-25T08:16:39.008859,AEVO-USDT,0.1044,0.1045,24791.1,41666.4
2025-07-25T08:16:39.034043,ACT-USDT,0.04408,0.04409,35676.0,10082.0
2025-07-25T08:16:39.036066,AERO-USDT,0.8768,0.8774,155.0,101.0
2025-07-25T08:16:39.045495,AGLD-USDT,0.7688,0.769,1346.5,147.9
2025-07-25T08:16:39.062182,AIXBT-USDT,0.1397,0.13972,1586.0,341.0
2025-07-25T08:16:39.092282,ACE-USDT,0.561,0.5617,111.21,111.21
2025-07-25T08:16:39.106588,AIN-USDT,0.15319,0.15335,2095.0,3342.0
2025-07-25T08:16:39.114958,ALT-USDT,0.03349,0.03351,13069.0,15037.0
2025-07-25T08:16:39.119983,ACH-USDT,0.021647,0.021648,5163.0,2458.0
2025-07-25T08:16:39.120032,1INCH-USDT,0.2732,0.2734,47006.8,45367.5
2025-07-25T08:16:39.123890,ALGO-USDT,0.2577,0.2578,26541.0,5731.7
2025-07-25T08:16:39.139347,AI-USDT,0.13094,0.13097,472.0,377.0
2025-07-25T08:16:39.158257,AAVE-USDT,287.4,287.41,0.6,0.5
2025-07-25T08:16:39.161737,AEVO-USDT,0.1044,0.1045,26770.3,41666.4
2025-07-25T08:16:39.186060,AI16Z-USDT,0.1467,0.1468,46778.0,115667.0
2025-07-25T08:16:39.198952,AGLD-USDT,0.7688,0.769,79.4,147.9
2025-07-25T08:16:39.212542,AIXBT-USDT,0.13971,0.13972,362.0,341.0
2025-07-25T08:16:39.218759,AGT-USDT,0.005595,0.005599,11235.0,654202.0
2025-07-25T08:16:39.222001,A-USDT,0.55896,0.55947,502.0,106.0
2025-07-25T08:16:39.247076,ACE-USDT,0.561,0.5617,111.21,111.21
2025-07-25T08:16:39.272075,ADA-USDT,0.7983,0.7984,34087.0,8214.0
2025-07-25T08:16:39.272227,ALT-USDT,0.03349,0.03351,13069.0,15037.0
2025-07-25T08:16:39.272274,1INCH-USDT,0.2732,0.2734,47006.8,45367.5
2025-07-25T08:16:39.272315,ALGO-USDT,0.2577,0.2578,26541.0,5731.7
2025-07-25T08:16:39.285207,AI-USDT,0.13094,0.13096,472.0,377.0
2025-07-25T08:16:39.287876,ANIME-USDT,0.01861,0.01862,222297.0,11702.0
2025-07-25T08:16:39.301849,AAVE-USDT,287.4,287.41,0.6,1.2
2025-07-25T08:16:39.310201,AEVO-USDT,0.1044,0.1045,26770.3,41666.4
2025-07-25T08:16:39.333060,ACT-USDT,0.04408,0.04409,35676.0,10082.0
2025-07-25T08:16:39.334862,AI16Z-USDT,0.1467,0.1468,44602.0,115667.0
2025-07-25T08:16:39.344369,AGLD-USDT,0.7687,0.769,726.2,147.9
2025-07-25T08:16:39.364489,AIXBT-USDT,0.1397,0.13972,1586.0,341.0
2025-07-25T08:16:39.367685,AGT-USDT,0.005594,0.005599,27768.0,654202.0
2025-07-25T08:16:39.375510,A-USDT,0.55901,0.55947,106.0,106.0
2025-07-25T08:16:39.392891,ACE-USDT,0.5609,0.5617,111.21,111.21
2025-07-25T08:16:39.407374,AIN-USDT,0.15317,0.15335,14071.0,3342.0
2025-07-25T08:16:39.413080,ADA-USDT,0.7982,0.7984,15308.0,58493.0
2025-07-25T08:16:39.414772,ALT-USDT,0.03349,0.03351,13069.0,24117.0
2025-07-25T08:16:39.419760,1INCH-USDT,0.2732,0.2733,42774.0,293.6
2025-07-25T08:16:39.419821,ACH-USDT,0.021645,0.021648,4666.0,5371.0
2025-07-25T08:16:39.420071,ALGO-USDT,0.2577,0.2578,26541.0,10800.5
2025-07-25T08:16:39.436079,AI-USDT,0.13094,0.13095,472.0,377.0
2025-07-25T08:16:39.439018,ANIME-USDT,0.01861,0.01862,222297.0,71702.0
2025-07-25T08:16:39.453993,AAVE-USDT,287.33,287.35,5.2,2.7
2025-07-25T08:16:39.460613,AEVO-USDT,0.1044,0.1045,26770.3,41666.4
2025-07-25T08:16:39.485489,ACT-USDT,0.04408,0.04409,15706.0,10082.0
2025-07-25T08:16:39.485528,AI16Z-USDT,0.1467,0.1468,8602.0,115667.0
2025-07-25T08:16:39.486289,AERO-USDT,0.8768,0.8774,155.0,101.0
2025-07-25T08:16:39.495102,AGLD-USDT,0.7687,0.7689,646.8,150.5
2025-07-25T08:16:39.511605,AIXBT-USDT,0.13969,0.1397,158.0,511.0
2025-07-25T08:16:39.520042,AGT-USDT,0.005594,0.005599,27768.0,654202.0
2025-07-25T08:16:39.529072,A-USDT,0.55901,0.55947,106.0,106.0
2025-07-25T08:16:39.530215,AERGO-USDT,0.13077,0.13083,362.0,465.0
2025-07-25T08:16:39.544133,ACE-USDT,0.5609,0.5617,111.21,111.21
2025-07-25T08:16:39.559181,AIN-USDT,0.15314,0.15332,11750.0,676.0
2025-07-25T08:16:39.564297,ADA-USDT,0.7983,0.7984,54125.0,1867.0
2025-07-25T08:16:39.567262,ALT-USDT,0.03349,0.03351,1881.0,24117.0
2025-07-25T08:16:39.569818,ACH-USDT,0.021641,0.021646,7579.0,2458.0
2025-07-25T08:16:39.573759,1INCH-USDT,0.2732,0.2733,25977.8,9390.6
2025-07-25T08:16:39.574076,ALGO-USDT,0.2577,0.2578,26541.0,10800.5
2025-07-25T08:16:39.586610,AI-USDT,0.13094,0.13095,472.0,377.0
2025-07-25T08:16:39.588004,ANIME-USDT,0.01861,0.01862,222297.0,71702.0
2025-07-25T08:16:39.601384,AAVE-USDT,287.34,287.35,4.3,0.5
2025-07-25T08:16:39.609145,AEVO-USDT,0.1044,0.1045,26770.3,41666.4
2025-07-25T08:16:39.635683,ACT-USDT,0.04407,0.04409,21268.0,10082.0
2025-07-25T08:16:39.635723,AI16Z-USDT,0.1467,0.1468,8602.0,115667.0
2025-07-25T08:16:39.637659,AERO-USDT,0.8768,0.8774,155.0,101.0
2025-07-25T08:16:39.645104,AGLD-USDT,0.7687,0.7688,413.3,71.1
2025-07-25T08:16:39.663209,AIXBT-USDT,0.13969,0.1397,158.0,511.0
2025-07-25T08:16:39.672489,A-USDT,0.55906,0.55947,106.0,106.0
2025-07-25T08:16:39.692050,ACE-USDT,0.5609,0.5617,111.21,235.91
2025-07-25T08:16:39.707080,AIN-USDT,0.15314,0.15332,11750.0,676.0
2025-07-25T08:16:39.713864,ADA-USDT,0.7984,0.7985,576.0,681.0
2025-07-25T08:16:39.715370,ALT-USDT,0.03349,0.03351,4863.0,24117.0
2025-07-25T08:16:39.720453,ACH-USDT,0.021642,0.021646,7579.0,2458.0
2025-07-25T08:16:39.720506,1INCH-USDT,0.2732,0.2733,25977.8,1390.6
2025-07-25T08:16:39.720749,ALGO-USDT,0.2577,0.2578,26541.0,10800.5
2025-07-25T08:16:39.741598,AI-USDT,0.13092,0.13095,472.0,377.0
2025-07-25T08:16:39.742027,ANIME-USDT,0.01861,0.01862,222297.0,71702.0
2025-07-25T08:16:39.743733,ALCH-USDT,0.13765,0.13771,4726.0,2126.0
2025-07-25T08:16:39.751657,AAVE-USDT,287.34,287.35,0.4,0.5
2025-07-25T08:16:39.758254,AEVO-USDT,0.1044,0.1045,26770.3,41666.4
2025-07-25T08:16:39.785501,ACT-USDT,0.04407,0.04409,21268.0,10082.0
2025-07-25T08:16:39.786931,AI16Z-USDT,0.1466,0.1468,258206.0,115667.0
2025-07-25T08:16:39.794831,AGLD-USDT,0.7686,0.7689,1446.1,227.3
2025-07-25T08:16:39.811520,AIXBT-USDT,0.13969,0.13972,158.0,1587.0
2025-07-25T08:16:39.824319,A-USDT,0.55906,0.55947,106.0,106.0
2025-07-25T08:16:39.862473,ACE-USDT,0.5609,0.5616,111.21,111.21
2025-07-25T08:16:39.862520,AIN-USDT,0.15314,0.15332,11750.0,403.0
2025-07-25T08:16:39.874966,ADA-USDT,0.7984,0.7985,1640.0,53709.0
2025-07-25T08:16:39.875017,ALT-USDT,0.03349,0.03351,4863.0,24117.0
2025-07-25T08:16:39.875295,1INCH-USDT,0.2732,0.2733,25977.8,9390.6
2025-07-25T08:16:39.875343,ACH-USDT,0.021642,0.021645,4666.0,2458.0
2025-07-25T08:16:39.875382,ALGO-USDT,0.2577,0.2578,26541.0,24800.5
2025-07-25T08:16:39.887008,AI-USDT,0.13091,0.13095,186.0,377.0
2025-07-25T08:16:39.902482,ALCH-USDT,0.13768,0.13771,7088.0,2126.0
2025-07-25T08:16:39.907200,AAVE-USDT,287.34,287.35,5.1,0.5
2025-07-25T08:16:39.909333,AEVO-USDT,0.1044,0.1045,26770.3,41666.4
2025-07-25T08:16:39.940854,ACT-USDT,0.04407,0.04409,21268.0,10645.0
2025-07-25T08:16:39.940904,AI16Z-USDT,0.1466,0.1467,271094.0,2176.0
2025-07-25T08:16:39.945037,AGLD-USDT,0.7687,0.7689,413.3,227.3
2025-07-25T08:16:39.966550,AIXBT-USDT,0.13968,0.13971,499.0,1851.0
2025-07-25T08:16:39.967473,AGT-USDT,0.005594,0.005599,27768.0,654202.0
2025-07-25T08:16:39.992504,ACE-USDT,0.5609,0.5616,111.21,111.21
2025-07-25T08:16:40.013894,AIN-USDT,0.15314,0.15328,11750.0,3342.0
2025-07-25T08:16:40.013935,ADA-USDT,0.7983,0.7985,25460.0,60596.0
2025-07-25T08:16:40.016459,ALT-USDT,0.03349,0.03351,11881.0,24117.0
2025-07-25T08:16:40.024692,1INCH-USDT,0.2732,0.2733,24337.8,9390.6
2025-07-25T08:16:40.024728,ACH-USDT,0.021642,0.021645,4666.0,2458.0
2025-07-25T08:16:40.024759,ALGO-USDT,0.2577,0.2578,26541.0,24800.5
2025-07-25T08:16:40.035249,AI-USDT,0.13093,0.13095,472.0,377.0
2025-07-25T08:16:40.038967,ANIME-USDT,0.01861,0.01862,222297.0,71702.0
2025-07-25T08:16:40.045125,ALCH-USDT,0.13768,0.13771,7088.0,2271.0
2025-07-25T08:16:40.055233,AAVE-USDT,287.34,287.35,3.3,0.5
2025-07-25T08:16:40.061395,AEVO-USDT,0.1044,0.1045,26770.3,41666.4
2025-07-25T08:16:40.086130,ACT-USDT,0.04407,0.04409,11268.0,44810.0
2025-07-25T08:16:40.087075,AI16Z-USDT,0.1466,0.1467,261354.0,2176.0
2025-07-25T08:16:40.087837,AERO-USDT,0.8768,0.8774,155.0,101.0
2025-07-25T08:16:40.095613,AGLD-USDT,0.7686,0.7688,1366.7,150.5
2025-07-25T08:16:40.112976,AIXBT-USDT,0.13968,0.1397,158.0,341.0
2025-07-25T08:16:40.125163,AERGO-USDT,0.13077,0.13083,362.0,465.0
2025-07-25T08:16:40.143865,ACE-USDT,0.5609,0.5617,111.21,111.21
2025-07-25T08:16:40.162450,AIN-USDT,0.15314,0.15328,11750.0,3342.0
2025-07-25T08:16:40.163954,ADA-USDT,0.7983,0.7984,18897.0,33236.0
2025-07-25T08:16:40.166825,ALT-USDT,0.03348,0.03351,14863.0,24117.0
2025-07-25T08:16:40.170757,ACH-USDT,0.021642,0.021645,4666.0,5371.0
2025-07-25T08:16:40.171205,1INCH-USDT,0.2732,0.2733,18790.3,9684.2
2025-07-25T08:16:40.174306,ALGO-USDT,0.2577,0.2578,20168.7,24800.5
2025-07-25T08:16:40.184956,AI-USDT,0.1309,0.13095,658.0,377.0
2025-07-25T08:16:40.188318,ANIME-USDT,0.01861,0.01862,222297.0,71702.0
2025-07-25T08:16:40.192871,ALCH-USDT,0.13768,0.13771,7088.0,2126.0
2025-07-25T08:16:40.206283,AAVE-USDT,287.32,287.33,9.2,0.5
2025-07-25T08:16:40.211116,AEVO-USDT,0.1044,0.1045,32846.4,41666.4
2025-07-25T08:16:40.236293,AI16Z-USDT,0.1466,0.1467,113919.0,22458.0
2025-07-25T08:16:40.238169,AERO-USDT,0.8768,0.8774,155.0,101.0
2025-07-25T08:16:40.248751,AGLD-USDT,0.7686,0.7688,1335.4,150.5
2025-07-25T08:16:40.263553,AIXBT-USDT,0.13968,0.1397,158.0,2192.0
2025-07-25T08:16:40.295418,ACE-USDT,0.5609,0.5618,111.21,111.21
2025-07-25T08:16:40.309283,AIN-USDT,0.15313,0.15327,14067.0,669.0
2025-07-25T08:16:40.313609,ADA-USDT,0.7983,0.7984,29468.0,27286.0
2025-07-25T08:16:40.315570,ALT-USDT,0.03349,0.03351,1881.0,24117.0
2025-07-25T08:16:40.322153,ACH-USDT,0.02164,0.021645,4666.0,2458.0
2025-07-25T08:16:40.323593,1INCH-USDT,0.2732,0.2733,19547.7,9684.2
2025-07-25T08:16:40.323622,ALGO-USDT,0.2577,0.2578,60499.6,24800.5
2025-07-25T08:16:40.338047,AI-USDT,0.13091,0.13095,472.0,377.0
2025-07-25T08:16:40.338464,ANIME-USDT,0.01861,0.01862,222297.0,71702.0
2025-07-25T08:16:40.365377,AAVE-USDT,287.32,287.33,9.4,0.5
2025-07-25T08:16:40.365414,AEVO-USDT,0.1044,0.1045,32846.4,41666.4
2025-07-25T08:16:40.387009,AI16Z-USDT,0.1466,0.1468,123659.0,263055.0
2025-07-25T08:16:40.395400,AGLD-USDT,0.7686,0.7688,1335.4,71.1
2025-07-25T08:16:40.413428,AIXBT-USDT,0.13968,0.13969,158.0,341.0
2025-07-25T08:16:40.463453,AIN-USDT,0.1531,0.15327,360.0,669.0
2025-07-25T08:16:40.463638,ADA-USDT,0.7983,0.7984,46852.0,16913.0
2025-07-25T08:16:40.465363,ALT-USDT,0.03348,0.03351,11881.0,24117.0
2025-07-25T08:16:40.470120,ACH-USDT,0.021641,0.021644,2913.0,2458.0
2025-07-25T08:16:40.470166,1INCH-USDT,0.2732,0.2733,19547.7,9390.6
2025-07-25T08:16:40.470539,ALGO-USDT,0.2577,0.2578,60499.6,24800.5
2025-07-25T08:16:40.487986,AI-USDT,0.13091,0.13095,472.0,377.0
2025-07-25T08:16:40.488268,ANIME-USDT,0.01861,0.01862,222297.0,71702.0
2025-07-25T08:16:40.494487,ALCH-USDT,0.13768,0.13771,7088.0,2126.0
2025-07-25T08:16:40.502608,AAVE-USDT,287.33,287.35,1.7,0.5
2025-07-25T08:16:40.508901,AEVO-USDT,0.1044,0.1045,32846.4,41666.4
2025-07-25T08:16:40.536330,AI16Z-USDT,0.1466,0.1467,123659.0,2176.0
2025-07-25T08:16:40.561615,AIXBT-USDT,0.13968,0.13969,520.0,341.0
2025-07-25T08:16:40.593984,ACE-USDT,0.5609,0.5618,111.21,111.21
2025-07-25T08:16:40.614559,ADA-USDT,0.7983,0.7984,46852.0,16913.0
2025-07-25T08:16:40.615093,ALT-USDT,0.03348,0.03351,13069.0,24117.0
2025-07-25T08:16:40.622240,1INCH-USDT,0.2732,0.2734,37966.2,62948.0
2025-07-25T08:16:40.622293,ACH-USDT,0.021643,0.021644,2250.0,2458.0
2025-07-25T08:16:40.622911,ALGO-USDT,0.2577,0.2578,60499.6,24800.5
2025-07-25T08:16:40.636857,AI-USDT,0.13087,0.13095,186.0,377.0
2025-07-25T08:16:40.638664,ANIME-USDT,0.01861,0.01862,222297.0,71702.0
2025-07-25T08:16:40.654603,AAVE-USDT,287.34,287.35,26.2,0.5
2025-07-25T08:16:40.661497,AEVO-USDT,0.1044,0.1045,32846.4,41666.4
2025-07-25T08:16:40.689407,AI16Z-USDT,0.1466,0.1468,271047.0,115667.0
2025-07-25T08:16:40.699435,AGLD-USDT,0.7686,0.7688,1366.7,71.1
2025-07-25T08:16:40.711844,AIXBT-USDT,0.13968,0.13969,520.0,341.0
2025-07-25T08:16:40.744936,ACE-USDT,0.5609,0.5618,111.21,111.21
2025-07-25T08:16:40.766668,ADA-USDT,0.7983,0.7984,63352.0,16913.0
2025-07-25T08:16:40.766705,ALT-USDT,0.03348,0.03351,13069.0,24117.0
2025-07-25T08:16:40.769472,ACH-USDT,0.021643,0.021644,2250.0,2458.0
2025-07-25T08:16:40.769827,1INCH-USDT,0.2732,0.2733,37966.2,8000.0
2025-07-25T08:16:40.770128,ALGO-USDT,0.2577,0.2578,60499.6,24800.5
2025-07-25T08:16:40.786950,AI-USDT,0.13088,0.13095,472.0,377.0
2025-07-25T08:16:40.788467,ANIME-USDT,0.01861,0.01862,222297.0,71702.0
2025-07-25T08:16:40.803600,AAVE-USDT,287.34,287.35,26.2,0.5
2025-07-25T08:16:40.808469,AEVO-USDT,0.1044,0.1045,32846.4,41666.4
2025-07-25T08:16:40.835981,AI16Z-USDT,0.1466,0.1468,271047.0,125407.0
2025-07-25T08:16:40.874763,AGT-USDT,0.005594,0.005599,27768.0,654202.0
2025-07-25T08:16:40.916346,ADA-USDT,0.7983,0.7984,46852.0,16913.0
2025-07-25T08:16:40.916384,ALT-USDT,0.03348,0.03351,13069.0,24117.0
2025-07-25T08:16:40.920942,ACH-USDT,0.021643,0.021644,2250.0,2458.0
2025-07-25T08:16:40.920978,1INCH-USDT,0.2732,0.2733,26086.8,8000.0
2025-07-25T08:16:40.921004,ALGO-USDT,0.2577,0.2578,36505.8,28955.5
2025-07-25T08:16:40.937677,AI-USDT,0.13088,0.13095,472.0,377.0
2025-07-25T08:16:40.952352,AAVE-USDT,287.34,287.35,25.8,1.2
2025-07-25T08:16:40.962097,AEVO-USDT,0.1044,0.1045,32846.4,41666.4
2025-07-25T08:16:40.988245,ACT-USDT,0.04406,0.04409,34165.0,44810.0
2025-07-25T08:16:40.988291,AI16Z-USDT,0.1466,0.1467,261307.0,2176.0
2025-07-25T08:16:40.991595,AERO-USDT,0.8768,0.8774,155.0,101.0
2025-07-25T08:16:40.998195,AGLD-USDT,0.7686,0.7688,1366.7,150.5
2025-07-25T08:16:41.012195,AIXBT-USDT,0.13968,0.13969,520.0,341.0
2025-07-25T08:16:41.019475,AGT-USDT,0.005594,0.005599,27768.0,654202.0
2025-07-25T08:16:41.064708,ADA-USDT,0.7983,0.7984,15308.0,36316.0
2025-07-25T08:16:41.066963,ALT-USDT,0.03348,0.03349,11881.0,15138.0
2025-07-25T08:16:41.069313,1INCH-USDT,0.2732,0.2733,19547.7,8293.6
2025-07-25T08:16:41.071135,ACH-USDT,0.021637,0.021644,2784.0,2458.0
2025-07-25T08:16:41.072276,ALGO-USDT,0.2577,0.2578,36505.8,28955.5
2025-07-25T08:16:41.087168,AI-USDT,0.13088,0.13095,186.0,377.0
2025-07-25T08:16:41.088821,ANIME-USDT,0.01861,0.01862,222297.0,71702.0
2025-07-25T08:16:41.103971,AAVE-USDT,287.32,287.35,1.8,1.2
2025-07-25T08:16:41.110639,AEVO-USDT,0.1044,0.1045,32846.4,41666.4
2025-07-25T08:16:41.137397,ACT-USDT,0.04405,0.04409,45433.0,44810.0
2025-07-25T08:16:41.138309,AI16Z-USDT,0.1466,0.1467,113919.0,2176.0
2025-07-25T08:16:41.139217,AERO-USDT,0.8768,0.8774,155.0,101.0
2025-07-25T08:16:41.169917,AGT-USDT,0.005594,0.005599,255.0,654202.0
2025-07-25T08:16:41.193538,ACE-USDT,0.5609,0.5618,111.21,111.21
2025-07-25T08:16:41.220066,ADA-USDT,0.7982,0.7984,15658.0,36316.0
2025-07-25T08:16:41.220105,ALT-USDT,0.03348,0.03349,10000.0,25138.0
2025-07-25T08:16:41.220134,ACH-USDT,0.02164,0.021644,4666.0,2458.0
2025-07-25T08:16:41.221473,ALGO-USDT,0.2576,0.2577,65587.7,7608.0
2025-07-25T08:16:41.236013,AI-USDT,0.13086,0.13095,472.0,377.0
2025-07-25T08:16:41.238927,ANIME-USDT,0.01861,0.01862,222297.0,71702.0
2025-07-25T08:16:41.253738,ALCH-USDT,0.13768,0.13771,7088.0,2126.0
