timestamp,symbol,bid,ask,bid_vol,ask_vol
2025-07-25T08:37:44.317083,BTC-USDT,115212.6,115212.7,10608.0,10687.0
2025-07-25T08:37:44.684824,SOL-USDT,177.56,177.57,509.0,4.0
2025-07-25T08:37:44.709903,ETH-USDT,3648.47,3648.48,245113.0,113704.0
2025-07-25T08:37:45.023714,LTC-USDT,111.13,111.14,59105.0,5774.0
2025-07-25T08:37:45.077087,XRP-USDT,3.0774,3.0777,32424.0,13627.0
2025-07-25T08:37:45.376536,BTC-USDT,115212.6,115212.7,12417.0,9439.0
2025-07-25T08:37:45.675724,SOL-USDT,177.56,177.57,509.0,4.0
2025-07-25T08:37:45.745968,ETH-USDT,3649.07,3649.08,130503.0,27160.0
2025-07-25T08:37:46.088941,XRP-USDT,3.078,3.0781,8510.0,105247.0
2025-07-25T08:37:46.096347,LTC-USDT,111.15,111.16,78843.0,6884.0
2025-07-25T08:37:46.341775,BTC-USDT,115204.0,115204.1,11286.0,10686.0
2025-07-25T08:37:46.683524,SOL-USDT,177.56,177.57,357.0,4.0
2025-07-25T08:37:46.785839,ETH-USDT,3648.24,3648.25,153677.0,75665.0
2025-07-25T08:37:47.083978,XRP-USDT,3.0778,3.0781,8365.0,97180.0
2025-07-25T08:37:47.108268,LTC-USDT,111.15,111.16,21513.0,7345.0
2025-07-25T08:37:47.384853,BTC-USDT,115204.0,115204.1,11612.0,10693.0
2025-07-25T08:37:47.671621,SOL-USDT,177.56,177.57,264.0,4.0
2025-07-25T08:37:47.808335,ETH-USDT,3648.32,3648.68,122953.0,5733.0
2025-07-25T08:37:48.046513,LTC-USDT,111.15,111.16,37770.0,7345.0
2025-07-25T08:37:48.128435,XRP-USDT,3.0782,3.0783,93395.0,2939.0
2025-07-25T08:37:48.353269,BTC-USDT,115212.1,115212.2,9988.0,3484.0
2025-07-25T08:37:48.667868,SOL-USDT,177.56,177.57,578.0,4.0
2025-07-25T08:37:48.718421,ETH-USDT,3649.03,3649.23,246051.0,102631.0
2025-07-25T08:37:49.022708,XRP-USDT,3.0785,3.0786,72539.0,39350.0
2025-07-25T08:37:49.060819,LTC-USDT,111.17,111.19,110819.0,4598.0
2025-07-25T08:37:49.368876,BTC-USDT,115219.5,115219.6,8818.0,654.0
2025-07-25T08:37:49.679683,SOL-USDT,177.62,177.65,468.0,1.0
2025-07-25T08:37:49.779508,ETH-USDT,3649.22,3649.5,184937.0,139191.0
2025-07-25T08:37:50.024404,XRP-USDT,3.0787,3.0788,105619.0,941.0
2025-07-25T08:37:50.098101,LTC-USDT,111.18,111.19,103307.0,928.0
2025-07-25T08:37:50.361538,BTC-USDT,115225.4,115225.5,437.0,281.0
2025-07-25T08:37:50.680330,SOL-USDT,177.63,177.65,128.0,491.0
2025-07-25T08:37:50.718975,ETH-USDT,3649.44,3649.45,102338.0,179622.0
2025-07-25T08:37:51.053747,LTC-USDT,111.17,111.18,85390.0,30516.0
2025-07-25T08:37:51.069465,XRP-USDT,3.0781,3.0782,8049.0,46237.0
2025-07-25T08:37:51.301730,BTC-USDT,115210.6,115210.7,83.0,16496.0
2025-07-25T08:37:51.671866,SOL-USDT,177.63,177.64,128.0,491.0
2025-07-25T08:37:51.771815,ETH-USDT,3649.22,3649.23,36792.0,321060.0
2025-07-25T08:37:52.078617,XRP-USDT,3.078,3.0781,32707.0,18279.0
2025-07-25T08:37:52.104936,LTC-USDT,111.17,111.18,85390.0,30516.0
2025-07-25T08:37:52.327026,BTC-USDT,115210.6,115210.7,434.0,16318.0
2025-07-25T08:37:52.715211,SOL-USDT,177.63,177.64,128.0,244.0
2025-07-25T08:37:52.803475,ETH-USDT,3649.22,3649.23,82570.0,289923.0
2025-07-25T08:37:53.066601,XRP-USDT,3.078,3.0781,32707.0,7175.0
2025-07-25T08:37:53.126420,LTC-USDT,111.17,111.18,85390.0,16462.0
2025-07-25T08:37:53.379096,BTC-USDT,115198.3,115210.7,194.0,12620.0
2025-07-25T08:37:53.675297,SOL-USDT,177.61,177.63,33.0,601.0
2025-07-25T08:37:53.726656,ETH-USDT,3648.68,3649.23,96714.0,316335.0
2025-07-25T08:37:54.043537,LTC-USDT,111.15,111.17,43347.0,125537.0
2025-07-25T08:37:54.078478,XRP-USDT,3.0778,3.0779,35886.0,895.0
2025-07-25T08:37:54.353436,BTC-USDT,115202.0,115202.1,9611.0,2492.0
2025-07-25T08:37:54.681250,SOL-USDT,177.61,177.62,123.0,263.0
2025-07-25T08:37:54.759873,ETH-USDT,3648.8,3648.87,175740.0,157294.0
2025-07-25T08:37:55.087945,XRP-USDT,3.0778,3.0779,95971.0,5676.0
2025-07-25T08:37:55.122519,LTC-USDT,111.15,111.17,43347.0,17596.0
2025-07-25T08:37:55.329574,BTC-USDT,115210.5,115233.7,61.0,398.0
2025-07-25T08:37:55.668032,SOL-USDT,177.61,177.62,383.0,262.0
2025-07-25T08:37:55.776595,ETH-USDT,3648.86,3648.87,125804.0,93869.0
2025-07-25T08:37:56.098730,LTC-USDT,111.16,111.17,73480.0,4225.0
2025-07-25T08:37:56.126463,XRP-USDT,3.0778,3.0779,34261.0,8767.0
2025-07-25T08:37:56.343929,BTC-USDT,115210.5,115210.6,13626.0,2889.0
2025-07-25T08:37:56.696314,SOL-USDT,177.61,177.62,29.0,480.0
2025-07-25T08:37:56.793152,ETH-USDT,3648.59,3648.87,74486.0,307267.0
2025-07-25T08:37:57.115252,LTC-USDT,111.16,111.17,29820.0,39159.0
2025-07-25T08:37:57.124275,XRP-USDT,3.0778,3.0779,6746.0,74130.0
2025-07-25T08:37:57.345653,BTC-USDT,115210.5,115210.6,7308.0,11130.0
2025-07-25T08:37:57.693650,SOL-USDT,177.58,177.61,61.0,625.0
2025-07-25T08:37:57.808532,ETH-USDT,3647.52,3648.25,98432.0,30352.0
2025-07-25T08:37:58.044489,LTC-USDT,111.15,111.16,4461.0,20497.0
2025-07-25T08:37:58.081472,XRP-USDT,3.077,3.0774,13731.0,67987.0
2025-07-25T08:37:58.313822,BTC-USDT,115200.8,115210.6,239.0,13205.0
2025-07-25T08:37:58.700583,SOL-USDT,177.52,177.55,215.0,1.0
2025-07-25T08:37:58.837008,ETH-USDT,3646.94,3646.95,262960.0,131595.0
2025-07-25T08:37:59.067519,XRP-USDT,3.076,3.0762,34597.0,60193.0
2025-07-25T08:37:59.156371,LTC-USDT,111.13,111.14,8035.0,35808.0
2025-07-25T08:37:59.314881,BTC-USDT,115183.8,115183.9,10.0,12126.0
2025-07-25T08:37:59.675026,SOL-USDT,177.52,177.55,147.0,306.0
2025-07-25T08:37:59.723335,ETH-USDT,3646.94,3646.95,150403.0,7050.0
2025-07-25T08:38:00.083182,XRP-USDT,3.076,3.0761,15368.0,38979.0
2025-07-25T08:38:00.103019,LTC-USDT,111.13,111.14,9275.0,14644.0
2025-07-25T08:38:00.328406,BTC-USDT,115183.8,115183.9,175.0,13641.0
2025-07-25T08:38:00.688115,SOL-USDT,177.54,177.55,129.0,306.0
2025-07-25T08:38:00.737114,ETH-USDT,3646.64,3646.65,186669.0,513.0
2025-07-25T08:38:01.082971,LTC-USDT,111.13,111.14,7144.0,44797.0
2025-07-25T08:38:01.138158,XRP-USDT,3.0759,3.076,22290.0,56042.0
2025-07-25T08:38:01.350359,BTC-USDT,115171.7,115171.8,502.0,8211.0
2025-07-25T08:38:01.681612,SOL-USDT,177.54,177.55,469.0,224.0
2025-07-25T08:38:01.716484,ETH-USDT,3645.78,3646.65,250568.0,54806.0
2025-07-25T08:38:02.062021,LTC-USDT,111.13,111.14,7626.0,44797.0
2025-07-25T08:38:02.137938,XRP-USDT,3.0759,3.076,30313.0,112019.0
2025-07-25T08:38:02.344682,BTC-USDT,115171.7,115171.8,391.0,10219.0
2025-07-25T08:38:02.676043,SOL-USDT,177.51,177.55,46.0,526.0
2025-07-25T08:38:02.733579,ETH-USDT,3645.73,3646.06,473.0,284515.0
2025-07-25T08:38:03.055093,XRP-USDT,3.0756,3.0757,83470.0,7148.0
2025-07-25T08:38:03.091990,LTC-USDT,111.12,111.13,6645.0,35839.0
2025-07-25T08:38:03.346680,BTC-USDT,115171.7,115171.8,442.0,10700.0
2025-07-25T08:38:03.658944,SOL-USDT,177.48,177.49,191.0,360.0
2025-07-25T08:38:03.707235,ETH-USDT,3645.44,3645.45,24515.0,45108.0
2025-07-25T08:38:04.098118,XRP-USDT,3.0756,3.0757,47399.0,36399.0
2025-07-25T08:38:04.117322,LTC-USDT,111.12,111.13,6831.0,27211.0
2025-07-25T08:38:04.353152,BTC-USDT,115171.7,115171.8,281.0,10700.0
2025-07-25T08:38:04.673533,SOL-USDT,177.48,177.49,328.0,360.0
2025-07-25T08:38:04.757508,ETH-USDT,3645.44,3645.7,38366.0,2002.0
2025-07-25T08:38:05.077204,XRP-USDT,3.0758,3.0759,104188.0,2669.0
2025-07-25T08:38:05.105674,LTC-USDT,111.12,111.13,24860.0,14763.0
2025-07-25T08:38:05.389169,BTC-USDT,115171.7,115171.8,264.0,11813.0
2025-07-25T08:38:05.671045,SOL-USDT,177.48,177.49,164.0,360.0
2025-07-25T08:38:05.775216,ETH-USDT,3645.73,3645.74,162886.0,137143.0
2025-07-25T08:38:06.084629,XRP-USDT,3.0758,3.0761,15583.0,65573.0
2025-07-25T08:38:06.109303,LTC-USDT,111.12,111.13,1647.0,25275.0
2025-07-25T08:38:06.345085,BTC-USDT,115171.7,115171.8,264.0,11038.0
2025-07-25T08:38:06.674498,SOL-USDT,177.48,177.63,178.0,2.0
2025-07-25T08:38:06.775234,ETH-USDT,3645.73,3646.45,8551.0,2046.0
2025-07-25T08:38:07.081098,XRP-USDT,3.0761,3.0771,13689.0,13873.0
2025-07-25T08:38:07.099511,LTC-USDT,111.14,111.15,56267.0,235.0
2025-07-25T08:38:07.375279,BTC-USDT,115171.7,115171.8,293.0,11128.0
2025-07-25T08:38:07.670803,SOL-USDT,177.5,177.6,2.0,2.0
2025-07-25T08:38:07.815667,ETH-USDT,3646.32,3646.41,356947.0,35910.0
2025-07-25T08:38:08.036848,XRP-USDT,3.077,3.0771,94368.0,10255.0
2025-07-25T08:38:08.045726,LTC-USDT,111.14,111.15,49782.0,3799.0
2025-07-25T08:38:08.341499,BTC-USDT,115171.7,115171.8,293.0,11731.0
2025-07-25T08:38:08.695227,SOL-USDT,177.57,177.58,5.0,165.0
2025-07-25T08:38:08.755931,ETH-USDT,3645.87,3646.33,76749.0,196867.0
2025-07-25T08:38:09.053571,XRP-USDT,3.0766,3.0767,103221.0,51946.0
2025-07-25T08:38:09.087510,LTC-USDT,111.14,111.15,49782.0,22311.0
2025-07-25T08:38:09.381433,BTC-USDT,115189.9,115192.1,12139.0,2094.0
2025-07-25T08:38:09.671705,SOL-USDT,177.59,177.62,150.0,85.0
2025-07-25T08:38:09.715268,ETH-USDT,3646.32,3646.57,299856.0,1826.0
2025-07-25T08:38:10.059971,LTC-USDT,111.16,111.17,56704.0,12814.0
2025-07-25T08:38:10.097967,XRP-USDT,3.0778,3.0779,48215.0,29776.0
2025-07-25T08:38:10.347316,BTC-USDT,115199.9,115200.0,9727.0,9521.0
2025-07-25T08:38:10.685169,SOL-USDT,177.62,177.63,150.0,78.0
2025-07-25T08:38:10.782625,ETH-USDT,3647.09,3647.36,74148.0,16624.0
2025-07-25T08:38:11.039361,LTC-USDT,111.16,111.17,56704.0,12814.0
2025-07-25T08:38:11.084062,XRP-USDT,3.078,3.0781,90013.0,1855.0
2025-07-25T08:38:11.379812,BTC-USDT,115199.9,115205.9,9798.0,9581.0
2025-07-25T08:38:11.703879,SOL-USDT,177.63,177.64,156.0,151.0
2025-07-25T08:38:11.759370,ETH-USDT,3647.27,3647.28,43506.0,215603.0
2025-07-25T08:38:12.107523,LTC-USDT,111.16,111.17,48960.0,11053.0
2025-07-25T08:38:12.122743,XRP-USDT,3.0779,3.078,32684.0,3456.0
2025-07-25T08:38:12.313675,BTC-USDT,115205.3,115205.4,11200.0,5.0
2025-07-25T08:38:12.690660,SOL-USDT,177.63,177.64,156.0,161.0
2025-07-25T08:38:12.717482,ETH-USDT,3647.09,3647.1,155067.0,118438.0
2025-07-25T08:38:13.067555,LTC-USDT,111.16,111.17,22809.0,34550.0
2025-07-25T08:38:13.067571,XRP-USDT,3.0779,3.078,27355.0,15309.0
2025-07-25T08:38:13.324167,BTC-USDT,115205.3,115205.4,14215.0,5.0
2025-07-25T08:38:13.721299,SOL-USDT,177.66,177.69,115.0,11.0
2025-07-25T08:38:13.779418,ETH-USDT,3647.27,3647.41,306567.0,6200.0
2025-07-25T08:38:14.111362,LTC-USDT,111.16,111.18,70634.0,328.0
2025-07-25T08:38:14.123221,XRP-USDT,3.0781,3.0785,98999.0,3872.0
2025-07-25T08:38:14.312598,BTC-USDT,115216.3,115220.6,12227.0,2015.0
2025-07-25T08:38:14.674264,SOL-USDT,177.69,177.73,129.0,13.0
2025-07-25T08:38:14.788460,ETH-USDT,3647.79,3648.06,27425.0,281.0
2025-07-25T08:38:15.021434,LTC-USDT,111.2,111.21,66706.0,8718.0
2025-07-25T08:38:15.085160,XRP-USDT,3.0783,3.0786,14489.0,94111.0
2025-07-25T08:38:15.309530,BTC-USDT,115220.5,115220.6,728.0,10445.0
2025-07-25T08:38:15.684683,SOL-USDT,177.71,177.73,13.0,167.0
2025-07-25T08:38:15.774027,ETH-USDT,3647.73,3647.8,218048.0,21217.0
2025-07-25T08:38:16.083996,LTC-USDT,111.17,111.21,221346.0,40046.0
2025-07-25T08:38:16.129051,XRP-USDT,3.0781,3.0787,18057.0,96528.0
2025-07-25T08:38:16.348100,BTC-USDT,115194.9,115217.4,20313.0,12820.0
2025-07-25T08:38:16.667383,SOL-USDT,177.66,177.68,11.0,156.0
2025-07-25T08:38:16.808260,ETH-USDT,3646.83,3646.84,74450.0,288447.0
2025-07-25T08:38:17.052592,XRP-USDT,3.0773,3.078,13991.0,84403.0
2025-07-25T08:38:17.120006,LTC-USDT,111.16,111.17,7419.0,45102.0
2025-07-25T08:38:17.326034,BTC-USDT,115178.5,115184.4,2799.0,10259.0
2025-07-25T08:38:17.671569,SOL-USDT,177.62,177.63,168.0,131.0
2025-07-25T08:38:17.716982,ETH-USDT,3645.7,3645.71,37682.0,339928.0
2025-07-25T08:38:18.091837,LTC-USDT,111.16,111.18,251196.0,4763.0
2025-07-25T08:38:18.123295,XRP-USDT,3.0766,3.077,77515.0,15232.0
2025-07-25T08:38:18.310696,BTC-USDT,115178.5,115178.6,10925.0,8594.0
2025-07-25T08:38:18.675072,SOL-USDT,177.65,177.66,147.0,171.0
2025-07-25T08:38:18.779610,ETH-USDT,3646.16,3646.17,75742.0,19433.0
2025-07-25T08:38:19.085447,XRP-USDT,3.0769,3.077,39512.0,33266.0
2025-07-25T08:38:19.118261,LTC-USDT,111.16,111.18,8433.0,58105.0
2025-07-25T08:38:19.327552,BTC-USDT,115178.5,115178.6,10925.0,8594.0
2025-07-25T08:38:19.669679,SOL-USDT,177.65,177.66,67.0,171.0
2025-07-25T08:38:19.769577,ETH-USDT,3646.16,3646.17,92444.0,70774.0
2025-07-25T08:38:20.038590,XRP-USDT,3.0769,3.077,39512.0,14161.0
2025-07-25T08:38:20.111048,LTC-USDT,111.18,111.19,31060.0,101.0
2025-07-25T08:38:20.382450,BTC-USDT,115178.5,115178.6,12365.0,11419.0
2025-07-25T08:38:20.675890,SOL-USDT,177.65,177.66,133.0,27.0
2025-07-25T08:38:20.715658,ETH-USDT,3646.39,3646.4,132610.0,36881.0
2025-07-25T08:38:21.060434,XRP-USDT,3.077,3.0771,33798.0,7144.0
2025-07-25T08:38:21.067989,LTC-USDT,111.21,111.24,115331.0,2608.0
2025-07-25T08:38:21.377865,BTC-USDT,115185.3,115189.1,11121.0,5.0
2025-07-25T08:38:21.668526,SOL-USDT,177.67,177.7,157.0,77.0
2025-07-25T08:38:21.802753,ETH-USDT,3646.6,3646.76,295555.0,4132.0
2025-07-25T08:38:22.050085,LTC-USDT,111.28,111.3,74696.0,130710.0
2025-07-25T08:38:22.080129,XRP-USDT,3.0778,3.0781,105738.0,14174.0
2025-07-25T08:38:22.348385,BTC-USDT,115193.5,115199.0,5.0,8448.0
2025-07-25T08:38:22.702968,SOL-USDT,177.72,177.73,169.0,310.0
2025-07-25T08:38:22.759725,ETH-USDT,3647.02,3647.03,96027.0,106384.0
2025-07-25T08:38:23.087283,XRP-USDT,3.0778,3.0781,15868.0,48655.0
2025-07-25T08:38:23.108414,LTC-USDT,111.29,111.3,62702.0,130710.0
2025-07-25T08:38:23.339061,BTC-USDT,115198.9,115199.0,10957.0,8448.0
2025-07-25T08:38:23.710083,SOL-USDT,177.66,177.67,375.0,559.0
2025-07-25T08:38:23.804347,ETH-USDT,3646.58,3646.6,143027.0,6916.0
2025-07-25T08:38:24.040385,XRP-USDT,3.0772,3.0773,71243.0,1325.0
2025-07-25T08:38:24.046436,LTC-USDT,111.25,111.3,287587.0,70776.0
2025-07-25T08:38:24.328720,BTC-USDT,115203.7,115203.8,11091.0,11285.0
2025-07-25T08:38:24.676882,SOL-USDT,177.66,177.67,375.0,309.0
2025-07-25T08:38:24.764504,ETH-USDT,3646.95,3646.96,236261.0,47445.0
2025-07-25T08:38:25.090273,XRP-USDT,3.0776,3.0777,22911.0,576.0
2025-07-25T08:38:25.145203,LTC-USDT,111.26,111.27,28366.0,6001.0
2025-07-25T08:38:25.315075,BTC-USDT,115203.7,115203.8,11153.0,647.0
2025-07-25T08:38:25.679113,SOL-USDT,177.66,177.67,190.0,443.0
2025-07-25T08:38:25.703106,ETH-USDT,3646.95,3646.96,112660.0,34009.0
2025-07-25T08:38:26.057313,LTC-USDT,111.26,111.27,25363.0,4637.0
2025-07-25T08:38:26.125268,XRP-USDT,3.0776,3.0778,15535.0,51114.0
2025-07-25T08:38:26.344545,BTC-USDT,115204.2,115209.0,11786.0,546.0
2025-07-25T08:38:26.698003,SOL-USDT,177.66,177.67,357.0,560.0
2025-07-25T08:38:26.727591,ETH-USDT,3646.95,3647.38,65268.0,191317.0
2025-07-25T08:38:27.049730,LTC-USDT,111.26,111.27,25363.0,4637.0
2025-07-25T08:38:27.052351,XRP-USDT,3.0777,3.0778,83316.0,7890.0
2025-07-25T08:38:27.340597,BTC-USDT,115216.9,115217.0,12539.0,5607.0
2025-07-25T08:38:27.692022,SOL-USDT,177.66,177.67,148.0,327.0
2025-07-25T08:38:27.772483,ETH-USDT,3647.26,3647.27,262693.0,156652.0
2025-07-25T08:38:28.085345,XRP-USDT,3.0776,3.0777,15535.0,14105.0
2025-07-25T08:38:28.111018,LTC-USDT,111.26,111.27,10817.0,28114.0
2025-07-25T08:38:28.315623,BTC-USDT,115216.9,115223.4,12779.0,3061.0
2025-07-25T08:38:28.675609,SOL-USDT,177.66,177.7,151.0,51.0
2025-07-25T08:38:28.724025,ETH-USDT,3647.26,3647.82,255474.0,137709.0
2025-07-25T08:38:29.063153,LTC-USDT,111.26,111.27,31065.0,1847.0
2025-07-25T08:38:29.083620,XRP-USDT,3.0781,3.0782,33093.0,19519.0
2025-07-25T08:38:29.314278,BTC-USDT,115229.0,115240.2,9802.0,15726.0
2025-07-25T08:38:29.673753,SOL-USDT,177.69,177.7,576.0,45.0
2025-07-25T08:38:29.703926,ETH-USDT,3647.92,3647.93,344871.0,9462.0
2025-07-25T08:38:30.060757,LTC-USDT,111.27,111.28,78790.0,8710.0
2025-07-25T08:38:30.080750,XRP-USDT,3.0781,3.0782,39787.0,19519.0
2025-07-25T08:38:30.328978,BTC-USDT,115239.4,115239.5,9196.0,8022.0
2025-07-25T08:38:30.682156,SOL-USDT,177.69,177.7,258.0,121.0
2025-07-25T08:38:30.795623,ETH-USDT,3647.92,3647.93,346871.0,109737.0
2025-07-25T08:38:31.079750,XRP-USDT,3.0778,3.0782,2079.0,101819.0
2025-07-25T08:38:31.103376,LTC-USDT,111.27,111.28,3648.0,32663.0
2025-07-25T08:38:31.313309,BTC-USDT,115239.4,115239.5,12739.0,12463.0
2025-07-25T08:38:31.640526,SOL-USDT,177.68,177.69,308.0,14.0
2025-07-25T08:38:31.765592,ETH-USDT,3647.49,3647.5,92766.0,6431.0
2025-07-25T08:38:32.081987,XRP-USDT,3.0782,3.0788,72157.0,14879.0
2025-07-25T08:38:32.107588,LTC-USDT,111.27,111.29,104670.0,177.0
2025-07-25T08:38:32.311280,BTC-USDT,115244.7,115254.7,8875.0,1292.0
2025-07-25T08:38:32.671682,SOL-USDT,177.73,177.74,132.0,299.0
2025-07-25T08:38:32.716626,ETH-USDT,3648.36,3648.51,73304.0,184975.0
2025-07-25T08:38:33.077081,LTC-USDT,111.29,111.3,55273.0,70776.0
2025-07-25T08:38:33.124232,XRP-USDT,3.0788,3.0789,56900.0,3710.0
2025-07-25T08:38:33.308721,BTC-USDT,115254.6,115259.1,1549.0,735.0
2025-07-25T08:38:33.672289,SOL-USDT,177.73,177.74,272.0,22.0
2025-07-25T08:38:33.708048,ETH-USDT,3648.85,3648.86,170859.0,355975.0
2025-07-25T08:38:34.084907,XRP-USDT,3.0788,3.0792,56900.0,3020.0
2025-07-25T08:38:34.092166,LTC-USDT,111.29,111.3,131496.0,139900.0
2025-07-25T08:38:34.321378,BTC-USDT,115259.0,115259.1,1506.0,4227.0
2025-07-25T08:38:34.701665,SOL-USDT,177.76,177.77,641.0,3.0
2025-07-25T08:38:34.715683,ETH-USDT,3648.85,3649.44,314930.0,1767.0
2025-07-25T08:38:35.060826,LTC-USDT,111.33,111.35,89876.0,6017.0
2025-07-25T08:38:35.082726,XRP-USDT,3.0798,3.0799,63932.0,36637.0
2025-07-25T08:38:35.348676,BTC-USDT,115267.7,115267.8,103.0,9208.0
2025-07-25T08:38:35.661084,SOL-USDT,177.76,177.77,229.0,67.0
2025-07-25T08:38:35.768684,ETH-USDT,3649.22,3649.43,261129.0,97573.0
2025-07-25T08:38:36.087044,XRP-USDT,3.0797,3.0798,35574.0,20450.0
2025-07-25T08:38:36.109595,LTC-USDT,111.35,111.37,79436.0,7945.0
2025-07-25T08:38:36.328663,BTC-USDT,115248.1,115267.8,18777.0,13565.0
2025-07-25T08:38:36.666562,SOL-USDT,177.75,177.77,239.0,203.0
2025-07-25T08:38:36.717161,ETH-USDT,3648.87,3649.43,151132.0,55652.0
2025-07-25T08:38:37.052234,XRP-USDT,3.0793,3.0794,68739.0,39216.0
2025-07-25T08:38:37.057029,LTC-USDT,111.35,111.36,39680.0,35619.0
2025-07-25T08:38:37.313210,BTC-USDT,115243.6,115265.4,2663.0,10830.0
2025-07-25T08:38:37.674644,SOL-USDT,177.77,177.8,488.0,215.0
2025-07-25T08:38:37.747125,ETH-USDT,3649.34,3650.05,72592.0,1881.0
2025-07-25T08:38:38.088254,LTC-USDT,111.38,111.39,46991.0,47389.0
2025-07-25T08:38:38.093500,XRP-USDT,3.0798,3.0799,26058.0,19845.0
2025-07-25T08:38:38.316242,BTC-USDT,115268.7,115269.3,11750.0,357.0
2025-07-25T08:38:38.675647,SOL-USDT,177.79,177.8,330.0,215.0
2025-07-25T08:38:38.717129,ETH-USDT,3649.99,3650.0,312451.0,50959.0
2025-07-25T08:38:39.053088,LTC-USDT,111.38,111.39,46991.0,4984.0
2025-07-25T08:38:39.092634,XRP-USDT,3.0798,3.0799,26058.0,19845.0
2025-07-25T08:38:39.375713,BTC-USDT,115269.2,115279.3,483.0,20036.0
2025-07-25T08:38:39.659327,SOL-USDT,177.8,177.82,399.0,136.0
2025-07-25T08:38:39.703408,ETH-USDT,3650.81,3650.82,24917.0,55052.0
2025-07-25T08:38:40.046665,LTC-USDT,111.39,111.41,28039.0,119102.0
2025-07-25T08:38:40.060201,XRP-USDT,3.0803,3.0804,79828.0,10536.0
2025-07-25T08:38:40.332996,BTC-USDT,115265.0,115275.2,15874.0,670.0
2025-07-25T08:38:40.655394,SOL-USDT,177.77,177.8,164.0,218.0
2025-07-25T08:38:40.718228,ETH-USDT,3650.25,3650.44,181569.0,227405.0
2025-07-25T08:38:41.056577,LTC-USDT,111.38,111.39,97806.0,2171.0
2025-07-25T08:38:41.061052,XRP-USDT,3.0798,3.0799,26815.0,50487.0
2025-07-25T08:38:41.323630,BTC-USDT,115261.9,115262.0,9600.0,11424.0
2025-07-25T08:38:41.700205,SOL-USDT,177.77,177.78,165.0,169.0
2025-07-25T08:38:41.806062,ETH-USDT,3650.25,3650.26,98047.0,172669.0
2025-07-25T08:38:42.050757,LTC-USDT,111.38,111.4,238005.0,23004.0
2025-07-25T08:38:42.121384,XRP-USDT,3.0797,3.08,18128.0,29500.0
2025-07-25T08:38:42.319887,BTC-USDT,115261.9,115262.0,11686.0,13642.0
2025-07-25T08:38:42.680253,SOL-USDT,177.7,177.71,282.0,116.0
2025-07-25T08:38:42.761907,ETH-USDT,3649.32,3649.33,168707.0,23142.0
2025-07-25T08:38:43.074190,XRP-USDT,3.0792,3.0793,26445.0,12474.0
2025-07-25T08:38:43.100986,LTC-USDT,111.36,111.37,61979.0,2027.0
2025-07-25T08:38:44.248052,BTC-USDT,115261.9,115262.0,9986.0,9634.0
2025-07-25T08:38:44.248061,SOL-USDT,177.7,177.76,282.0,48.0
2025-07-25T08:38:44.248069,ETH-USDT,3649.82,3650.26,2328.0,18400.0
2025-07-25T08:38:44.248077,LTC-USDT,111.37,111.39,82009.0,150678.0
2025-07-25T08:38:44.248087,XRP-USDT,3.0803,3.0806,59593.0,13887.0
2025-07-25T08:38:44.321988,BTC-USDT,115275.6,115281.9,9882.0,75.0
2025-07-25T08:38:44.685094,SOL-USDT,177.76,177.77,324.0,77.0
2025-07-25T08:38:44.779657,ETH-USDT,3650.38,3650.66,238106.0,62269.0
2025-07-25T08:38:45.086005,XRP-USDT,3.0803,3.0804,6235.0,8898.0
2025-07-25T08:38:45.117550,LTC-USDT,111.39,111.4,102359.0,355.0
2025-07-25T08:38:45.313108,BTC-USDT,115281.7,115281.8,12558.0,155.0
2025-07-25T08:38:45.707021,SOL-USDT,177.76,177.8,252.0,277.0
2025-07-25T08:38:45.725610,ETH-USDT,3650.65,3650.7,309356.0,16097.0
2025-07-25T08:38:46.092011,LTC-USDT,111.42,111.43,20863.0,10307.0
2025-07-25T08:38:46.123866,XRP-USDT,3.0808,3.0811,59595.0,14109.0
2025-07-25T08:38:46.320689,BTC-USDT,115297.4,115297.5,10316.0,10330.0
2025-07-25T08:38:46.670998,SOL-USDT,177.79,177.8,197.0,187.0
2025-07-25T08:38:46.781723,ETH-USDT,3650.97,3650.98,27177.0,3814.0
2025-07-25T08:38:47.096704,XRP-USDT,3.0808,3.0813,35637.0,16983.0
2025-07-25T08:38:47.109479,LTC-USDT,111.42,111.45,52436.0,9476.0
2025-07-25T08:38:47.296472,BTC-USDT,115297.4,115297.5,10557.0,78.0
2025-07-25T08:38:47.682891,SOL-USDT,177.79,177.8,270.0,200.0
2025-07-25T08:38:47.710952,ETH-USDT,3651.07,3651.08,154272.0,111945.0
2025-07-25T08:38:48.056548,LTC-USDT,111.43,111.44,39296.0,422.0
2025-07-25T08:38:48.063413,XRP-USDT,3.0809,3.081,3547.0,52927.0
2025-07-25T08:38:48.366315,BTC-USDT,115300.3,115308.1,5.0,10446.0
2025-07-25T08:38:48.661914,SOL-USDT,177.79,177.81,595.0,54.0
2025-07-25T08:38:48.787143,ETH-USDT,3651.42,3651.43,264032.0,1257.0
2025-07-25T08:38:49.094880,XRP-USDT,3.0807,3.081,7613.0,110269.0
2025-07-25T08:38:49.099700,LTC-USDT,111.43,111.45,46286.0,3671.0
2025-07-25T08:38:49.381735,BTC-USDT,115308.0,115308.1,12769.0,11531.0
2025-07-25T08:38:49.682700,SOL-USDT,177.8,177.81,21.0,268.0
2025-07-25T08:38:49.780722,ETH-USDT,3651.03,3651.04,138856.0,59662.0
2025-07-25T08:38:50.087937,LTC-USDT,111.42,111.43,29019.0,3245.0
2025-07-25T08:38:50.124503,XRP-USDT,3.0807,3.0808,4132.0,68579.0
2025-07-25T08:38:50.365504,BTC-USDT,115308.0,115308.1,8870.0,10877.0
2025-07-25T08:38:50.671552,SOL-USDT,177.8,177.81,563.0,268.0
2025-07-25T08:38:50.797720,ETH-USDT,3651.03,3651.04,110900.0,91639.0
2025-07-25T08:38:51.088982,XRP-USDT,3.0807,3.0808,21954.0,68579.0
2025-07-25T08:38:51.100867,LTC-USDT,111.42,111.43,29019.0,3245.0
2025-07-25T08:38:51.362864,BTC-USDT,115308.0,115308.1,8870.0,10877.0
2025-07-25T08:38:51.660198,SOL-USDT,177.8,177.81,563.0,268.0
2025-07-25T08:38:51.712109,ETH-USDT,3651.03,3651.04,137486.0,4564.0
2025-07-25T08:38:52.050084,LTC-USDT,111.43,111.44,80640.0,166.0
2025-07-25T08:38:52.117588,XRP-USDT,3.0807,3.0808,49187.0,27757.0
2025-07-25T08:38:52.321497,BTC-USDT,115308.0,115308.1,10402.0,10177.0
2025-07-25T08:38:52.732928,SOL-USDT,177.82,177.83,448.0,30.0
2025-07-25T08:38:52.757955,ETH-USDT,3651.42,3651.76,123951.0,14115.0
2025-07-25T08:38:53.062923,XRP-USDT,3.0809,3.081,108640.0,7136.0
2025-07-25T08:38:53.119070,LTC-USDT,111.44,111.46,4019.0,29332.0
2025-07-25T08:38:53.300560,BTC-USDT,115308.0,115308.1,11644.0,11340.0
2025-07-25T08:38:53.668994,SOL-USDT,177.83,177.84,481.0,271.0
2025-07-25T08:38:53.700706,ETH-USDT,3651.99,3652.0,303693.0,129709.0
2025-07-25T08:38:54.032735,XRP-USDT,3.0809,3.0813,84505.0,4937.0
2025-07-25T08:38:54.116203,LTC-USDT,111.45,111.46,61666.0,29332.0
2025-07-25T08:38:54.346484,BTC-USDT,115317.1,115317.3,384.0,3682.0
2025-07-25T08:38:54.681375,SOL-USDT,177.8,177.81,536.0,376.0
2025-07-25T08:38:54.798076,ETH-USDT,3652.08,3652.09,126991.0,165169.0
2025-07-25T08:38:55.067029,XRP-USDT,3.0809,3.081,1309.0,29715.0
2025-07-25T08:38:55.131050,LTC-USDT,111.45,111.46,69352.0,1221.0
2025-07-25T08:38:55.381347,BTC-USDT,115317.2,115317.3,9990.0,11787.0
2025-07-25T08:38:55.666253,SOL-USDT,177.8,177.81,394.0,376.0
2025-07-25T08:38:55.751036,ETH-USDT,3652.61,3652.62,176089.0,37731.0
2025-07-25T08:38:56.059222,XRP-USDT,3.0807,3.0808,44307.0,42675.0
2025-07-25T08:38:56.088464,LTC-USDT,111.45,111.46,69352.0,1221.0
2025-07-25T08:38:56.381418,BTC-USDT,115312.8,115317.3,11920.0,13757.0
2025-07-25T08:38:56.711858,SOL-USDT,177.8,177.81,126.0,376.0
2025-07-25T08:38:56.802319,ETH-USDT,3652.64,3652.65,66836.0,235523.0
2025-07-25T08:38:57.111845,LTC-USDT,111.43,111.46,210150.0,31622.0
2025-07-25T08:38:57.113999,XRP-USDT,3.0801,3.0808,14896.0,34622.0
2025-07-25T08:38:57.318679,BTC-USDT,115239.1,115299.9,17086.0,339.0
2025-07-25T08:38:57.693365,SOL-USDT,177.74,177.75,128.0,552.0
2025-07-25T08:38:57.819203,ETH-USDT,3651.86,3651.87,137764.0,132667.0
2025-07-25T08:38:58.047666,LTC-USDT,111.43,111.44,79250.0,72.0
2025-07-25T08:38:58.126343,XRP-USDT,3.0799,3.0802,84801.0,12665.0
2025-07-25T08:38:58.353758,BTC-USDT,115279.9,115280.0,10232.0,2808.0
2025-07-25T08:38:58.695519,SOL-USDT,177.74,177.75,317.0,78.0
2025-07-25T08:38:58.823145,ETH-USDT,3652.03,3652.42,112521.0,247807.0
2025-07-25T08:38:59.089400,XRP-USDT,3.0802,3.0807,7607.0,37259.0
2025-07-25T08:38:59.139843,LTC-USDT,111.43,111.44,5447.0,61089.0
2025-07-25T08:38:59.347220,BTC-USDT,115294.1,115294.2,12167.0,11645.0
2025-07-25T08:38:59.680657,SOL-USDT,177.74,177.75,317.0,47.0
2025-07-25T08:38:59.779712,ETH-USDT,3652.4,3652.41,134772.0,24051.0
2025-07-25T08:39:00.071282,XRP-USDT,3.0804,3.0808,49380.0,7208.0
2025-07-25T08:39:00.144149,LTC-USDT,111.44,111.46,87665.0,110569.0
2025-07-25T08:39:00.328469,BTC-USDT,115298.6,115298.8,9806.0,9806.0
2025-07-25T08:39:00.701190,SOL-USDT,177.72,177.77,280.0,564.0
2025-07-25T08:39:00.736712,ETH-USDT,3652.03,3652.04,102941.0,338674.0
2025-07-25T08:39:01.099956,LTC-USDT,111.41,111.43,69554.0,35477.0
2025-07-25T08:39:01.132693,XRP-USDT,3.08,3.0801,8463.0,64422.0
2025-07-25T08:39:01.351485,BTC-USDT,115294.1,115298.7,7817.0,12327.0
2025-07-25T08:39:01.681619,SOL-USDT,177.71,177.72,234.0,302.0
2025-07-25T08:39:01.783064,ETH-USDT,3651.7,3651.71,146144.0,86014.0
2025-07-25T08:39:02.066473,XRP-USDT,3.0797,3.0798,20966.0,76289.0
2025-07-25T08:39:02.104715,LTC-USDT,111.41,111.42,26077.0,46687.0
2025-07-25T08:39:02.327471,BTC-USDT,115294.1,115294.2,2414.0,13163.0
2025-07-25T08:39:02.677460,SOL-USDT,177.68,177.7,43.0,546.0
2025-07-25T08:39:02.717578,ETH-USDT,3651.52,3651.53,270312.0,291269.0
2025-07-25T08:39:03.064958,LTC-USDT,111.39,111.41,199.0,48880.0
2025-07-25T08:39:03.128398,XRP-USDT,3.0784,3.0792,17906.0,86850.0
2025-07-25T08:39:03.320833,BTC-USDT,115279.8,115286.9,12350.0,10697.0
2025-07-25T08:39:03.664546,SOL-USDT,177.62,177.63,237.0,191.0
2025-07-25T08:39:03.778725,ETH-USDT,3649.73,3649.74,235051.0,27383.0
2025-07-25T08:39:04.100589,LTC-USDT,111.36,111.37,48741.0,5326.0
2025-07-25T08:39:04.129535,XRP-USDT,3.0791,3.0792,62712.0,8252.0
2025-07-25T08:39:04.329908,BTC-USDT,115279.8,115288.9,11758.0,166.0
2025-07-25T08:39:04.659504,SOL-USDT,177.67,177.68,231.0,391.0
2025-07-25T08:39:04.781843,ETH-USDT,3650.83,3651.01,25475.0,159213.0
2025-07-25T08:39:05.068451,XRP-USDT,3.0795,3.0796,29438.0,2787.0
2025-07-25T08:39:05.092864,LTC-USDT,111.37,111.38,13315.0,37654.0
2025-07-25T08:39:05.321117,BTC-USDT,115294.0,115294.1,10831.0,8884.0
2025-07-25T08:39:05.671220,SOL-USDT,177.69,177.7,349.0,148.0
2025-07-25T08:39:05.871753,ETH-USDT,3651.0,3651.01,212431.0,64032.0
2025-07-25T08:39:06.043138,LTC-USDT,111.37,111.38,7853.0,37654.0
2025-07-25T08:39:06.104056,XRP-USDT,3.0795,3.0796,31987.0,10962.0
2025-07-25T08:39:06.347647,BTC-USDT,115294.0,115294.1,11982.0,10116.0
2025-07-25T08:39:06.687077,SOL-USDT,177.69,177.7,194.0,153.0
2025-07-25T08:39:06.801157,ETH-USDT,3651.0,3651.01,72164.0,84633.0
2025-07-25T08:39:07.031338,LTC-USDT,111.37,111.38,9226.0,35047.0
2025-07-25T08:39:07.064383,XRP-USDT,3.0795,3.0796,31987.0,24383.0
2025-07-25T08:39:07.381919,BTC-USDT,115294.0,115294.1,9977.0,6321.0
2025-07-25T08:39:07.705306,SOL-USDT,177.69,177.7,194.0,351.0
2025-07-25T08:39:07.708232,ETH-USDT,3651.0,3651.01,73878.0,65388.0
2025-07-25T08:39:08.098624,XRP-USDT,3.0795,3.0799,23991.0,6915.0
2025-07-25T08:39:08.104040,LTC-USDT,111.37,111.38,23838.0,35047.0
2025-07-25T08:39:08.387996,BTC-USDT,115294.0,115294.2,10214.0,2395.0
2025-07-25T08:39:08.683976,SOL-USDT,177.67,177.69,55.0,442.0
2025-07-25T08:39:08.714612,ETH-USDT,3651.07,3651.08,577.0,269880.0
2025-07-25T08:39:09.063066,LTC-USDT,111.37,111.38,28375.0,44029.0
2025-07-25T08:39:09.121106,XRP-USDT,3.0794,3.0795,23284.0,77431.0
2025-07-25T08:39:09.312939,BTC-USDT,115294.0,115294.1,9776.0,964.0
2025-07-25T08:39:09.669970,SOL-USDT,177.68,177.69,127.0,442.0
2025-07-25T08:39:09.765692,ETH-USDT,3651.07,3651.08,82094.0,262203.0
2025-07-25T08:39:10.095584,XRP-USDT,3.0794,3.0795,50518.0,16459.0
2025-07-25T08:39:10.112191,LTC-USDT,111.38,111.39,33674.0,27854.0
2025-07-25T08:39:10.313289,BTC-USDT,115294.0,115294.1,11740.0,960.0
2025-07-25T08:39:10.678979,SOL-USDT,177.68,177.69,275.0,182.0
2025-07-25T08:39:10.760509,ETH-USDT,3651.32,3651.33,223355.0,117555.0
2025-07-25T08:39:11.083101,XRP-USDT,3.0796,3.0797,40679.0,12770.0
2025-07-25T08:39:11.101050,LTC-USDT,111.38,111.39,55823.0,4752.0
2025-07-25T08:39:11.325938,BTC-USDT,115294.0,115294.1,11640.0,964.0
2025-07-25T08:39:11.662955,SOL-USDT,177.65,177.69,106.0,368.0
2025-07-25T08:39:11.805284,ETH-USDT,3650.71,3651.09,2064.0,293056.0
2025-07-25T08:39:12.083701,XRP-USDT,3.0792,3.0793,13549.0,89176.0
2025-07-25T08:39:12.099845,LTC-USDT,111.36,111.37,36792.0,4285.0
2025-07-25T08:39:12.300476,BTC-USDT,115279.8,115279.9,1420.0,9307.0
2025-07-25T08:39:12.681920,SOL-USDT,177.65,177.66,31.0,586.0
2025-07-25T08:39:12.788064,ETH-USDT,3650.7,3650.71,51968.0,281931.0
2025-07-25T08:39:13.053937,XRP-USDT,3.079,3.0791,8109.0,82240.0
2025-07-25T08:39:13.099411,LTC-USDT,111.36,111.37,36792.0,4285.0
2025-07-25T08:39:13.365768,BTC-USDT,115268.1,115279.9,6.0,4675.0
2025-07-25T08:39:13.682463,SOL-USDT,177.62,177.63,109.0,407.0
2025-07-25T08:39:13.766240,ETH-USDT,3650.29,3650.55,4798.0,29122.0
2025-07-25T08:39:14.101100,LTC-USDT,111.35,111.37,63091.0,42538.0
2025-07-25T08:39:14.123205,XRP-USDT,3.0786,3.079,8515.0,95440.0
2025-07-25T08:39:14.313872,BTC-USDT,115262.4,115262.5,971.0,9487.0
2025-07-25T08:39:14.703674,SOL-USDT,177.61,177.62,41.0,536.0
2025-07-25T08:39:14.720361,ETH-USDT,3649.73,3650.14,52417.0,279512.0
2025-07-25T08:39:15.055061,LTC-USDT,111.35,111.36,63091.0,29049.0
2025-07-25T08:39:15.086655,XRP-USDT,3.0786,3.0788,40735.0,14655.0
2025-07-25T08:39:15.307712,BTC-USDT,115262.4,115262.5,87.0,11474.0
2025-07-25T08:39:15.664384,SOL-USDT,177.59,177.6,163.0,560.0
2025-07-25T08:39:15.768317,ETH-USDT,3649.73,3649.74,49819.0,187880.0
2025-07-25T08:39:16.043029,XRP-USDT,3.0787,3.0788,30819.0,6955.0
2025-07-25T08:39:16.103213,LTC-USDT,111.35,111.36,90329.0,33106.0
2025-07-25T08:39:16.311239,BTC-USDT,115251.6,115251.8,10793.0,950.0
2025-07-25T08:39:16.682323,SOL-USDT,177.59,177.6,163.0,290.0
2025-07-25T08:39:16.805564,ETH-USDT,3649.73,3649.74,98049.0,113138.0
2025-07-25T08:39:17.056936,LTC-USDT,111.35,111.36,33388.0,33106.0
2025-07-25T08:39:17.080238,XRP-USDT,3.0787,3.0789,19440.0,18883.0
2025-07-25T08:39:17.314813,BTC-USDT,115251.6,115251.7,12257.0,10560.0
2025-07-25T08:39:17.668754,SOL-USDT,177.59,177.6,170.0,290.0
2025-07-25T08:39:17.715579,ETH-USDT,3649.47,3649.48,130279.0,170515.0
2025-07-25T08:39:18.100641,LTC-USDT,111.35,111.36,56357.0,47377.0
2025-07-25T08:39:18.126443,XRP-USDT,3.0787,3.0788,45583.0,9011.0
2025-07-25T08:39:18.301624,BTC-USDT,115251.6,115251.7,11107.0,6379.0
2025-07-25T08:39:18.675884,SOL-USDT,177.59,177.6,106.0,174.0
2025-07-25T08:39:18.762663,ETH-USDT,3649.08,3649.35,148466.0,26654.0
2025-07-25T08:39:19.068149,XRP-USDT,3.0786,3.0788,66090.0,90117.0
2025-07-25T08:39:19.096555,LTC-USDT,111.35,111.36,25864.0,11678.0
2025-07-25T08:39:19.336876,BTC-USDT,115251.6,115251.7,12256.0,11868.0
2025-07-25T08:39:19.662545,SOL-USDT,177.59,177.6,306.0,232.0
2025-07-25T08:39:19.806647,ETH-USDT,3649.08,3649.09,66509.0,282496.0
2025-07-25T08:39:20.082063,XRP-USDT,3.0787,3.0788,24218.0,14047.0
2025-07-25T08:39:20.119021,LTC-USDT,111.35,111.36,64181.0,316.0
2025-07-25T08:39:20.345548,BTC-USDT,115251.6,115251.7,11980.0,11957.0
2025-07-25T08:39:20.705538,SOL-USDT,177.58,177.6,13.0,412.0
2025-07-25T08:39:20.721273,ETH-USDT,3648.85,3648.94,4626.0,291257.0
2025-07-25T08:39:21.051742,XRP-USDT,3.0786,3.0787,67327.0,103670.0
2025-07-25T08:39:21.057922,LTC-USDT,111.32,111.35,4145.0,61981.0
2025-07-25T08:39:21.364910,BTC-USDT,115251.6,115251.7,12185.0,11960.0
2025-07-25T08:39:21.675426,SOL-USDT,177.57,177.58,9.0,511.0
2025-07-25T08:39:21.701599,ETH-USDT,3648.79,3648.8,202948.0,93331.0
2025-07-25T08:39:22.043959,LTC-USDT,111.32,111.33,4178.0,50451.0
2025-07-25T08:39:22.088255,XRP-USDT,3.0782,3.0787,17890.0,111917.0
2025-07-25T08:39:22.378394,BTC-USDT,115251.6,115251.7,10902.0,11937.0
2025-07-25T08:39:22.676176,SOL-USDT,177.53,177.58,363.0,97.0
2025-07-25T08:39:22.780759,ETH-USDT,3648.08,3648.39,27679.0,30207.0
2025-07-25T08:39:23.100429,LTC-USDT,111.31,111.32,10909.0,61155.0
2025-07-25T08:39:23.119163,XRP-USDT,3.0779,3.078,8601.0,109763.0
2025-07-25T08:39:23.380769,BTC-USDT,115250.7,115251.7,47.0,14237.0
2025-07-25T08:39:23.671638,SOL-USDT,177.53,177.54,363.0,269.0
2025-07-25T08:39:23.808927,ETH-USDT,3648.3,3648.9,277782.0,106834.0
2025-07-25T08:39:24.058475,LTC-USDT,111.31,111.32,49290.0,2721.0
2025-07-25T08:39:24.093758,XRP-USDT,3.0779,3.0784,92690.0,13630.0
2025-07-25T08:39:24.344648,BTC-USDT,115250.0,115250.1,10725.0,1190.0
2025-07-25T08:39:24.676123,SOL-USDT,177.56,177.57,21.0,385.0
2025-07-25T08:39:24.781083,ETH-USDT,3649.04,3649.05,259702.0,102528.0
2025-07-25T08:39:25.084842,XRP-USDT,3.078,3.0781,15582.0,71305.0
2025-07-25T08:39:25.109244,LTC-USDT,111.31,111.32,9982.0,34757.0
2025-07-25T08:39:25.364102,BTC-USDT,115250.0,115250.1,12387.0,12912.0
2025-07-25T08:39:25.699447,SOL-USDT,177.55,177.57,140.0,205.0
2025-07-25T08:39:25.705653,ETH-USDT,3649.04,3649.05,289547.0,135266.0
2025-07-25T08:39:26.021632,XRP-USDT,3.0778,3.078,18234.0,34306.0
2025-07-25T08:39:26.094200,LTC-USDT,111.31,111.32,9982.0,34757.0
2025-07-25T08:39:26.321153,BTC-USDT,115250.0,115250.1,12448.0,12786.0
2025-07-25T08:39:26.701334,SOL-USDT,177.55,177.56,150.0,150.0
2025-07-25T08:39:26.802212,ETH-USDT,3649.04,3649.05,291486.0,74812.0
2025-07-25T08:39:27.061146,XRP-USDT,3.0779,3.078,20819.0,56060.0
2025-07-25T08:39:27.122176,LTC-USDT,111.31,111.32,3596.0,37588.0
2025-07-25T08:39:27.298770,BTC-USDT,115250.0,115250.1,11785.0,11631.0
2025-07-25T08:39:27.713710,SOL-USDT,177.55,177.56,125.0,66.0
2025-07-25T08:39:27.798854,ETH-USDT,3649.04,3649.05,283778.0,76391.0
2025-07-25T08:39:28.070193,XRP-USDT,3.0778,3.0779,44038.0,110845.0
2025-07-25T08:39:28.109397,LTC-USDT,111.28,111.31,207827.0,82817.0
2025-07-25T08:39:28.340540,BTC-USDT,115232.4,115250.1,16122.0,12558.0
2025-07-25T08:39:28.709747,SOL-USDT,177.53,177.54,185.0,99.0
2025-07-25T08:39:28.783660,ETH-USDT,3649.04,3649.05,259702.0,140004.0
2025-07-25T08:39:29.067660,XRP-USDT,3.0778,3.0779,44038.0,110845.0
2025-07-25T08:39:29.127677,LTC-USDT,111.28,111.29,18617.0,52971.0
2025-07-25T08:39:29.331561,BTC-USDT,115233.6,115233.7,16266.0,11958.0
2025-07-25T08:39:29.666546,SOL-USDT,177.53,177.56,536.0,46.0
2025-07-25T08:39:29.747448,ETH-USDT,3649.82,3652.19,82.0,3000.0
2025-07-25T08:39:30.090301,LTC-USDT,111.34,111.35,81854.0,20440.0
2025-07-25T08:39:30.128286,XRP-USDT,3.0787,3.0788,78460.0,9691.0
2025-07-25T08:39:30.333944,BTC-USDT,115243.7,115245.0,30.0,8984.0
2025-07-25T08:39:30.669501,SOL-USDT,177.59,177.64,137.0,55.0
2025-07-25T08:39:30.788277,ETH-USDT,3651.37,3652.04,26681.0,29260.0
2025-07-25T08:39:31.100492,XRP-USDT,3.0788,3.0789,18197.0,35974.0
2025-07-25T08:39:31.100505,LTC-USDT,111.34,111.35,35030.0,43256.0
2025-07-25T08:39:31.301637,BTC-USDT,115244.9,115245.0,11264.0,1623.0
2025-07-25T08:39:31.666324,SOL-USDT,177.61,177.62,361.0,173.0
2025-07-25T08:39:31.701477,ETH-USDT,3651.37,3651.38,218516.0,21440.0
2025-07-25T08:39:32.045673,LTC-USDT,111.34,111.35,35030.0,6998.0
2025-07-25T08:39:32.129005,XRP-USDT,3.0787,3.0788,42338.0,19226.0
2025-07-25T08:39:32.321327,BTC-USDT,115247.1,115247.2,10199.0,5833.0
2025-07-25T08:39:32.705004,SOL-USDT,177.59,177.6,298.0,89.0
2025-07-25T08:39:32.718314,ETH-USDT,3651.37,3651.38,262333.0,110169.0
2025-07-25T08:39:33.051066,LTC-USDT,111.34,111.35,35030.0,4815.0
2025-07-25T08:39:33.061174,XRP-USDT,3.0785,3.0788,50515.0,72044.0
2025-07-25T08:39:33.310699,BTC-USDT,115247.1,115247.2,11720.0,11286.0
2025-07-25T08:39:33.724035,SOL-USDT,177.59,177.6,365.0,24.0
2025-07-25T08:39:33.749310,ETH-USDT,3651.36,3651.37,53028.0,344189.0
2025-07-25T08:39:34.099332,LTC-USDT,111.34,111.35,35030.0,4815.0
2025-07-25T08:39:34.105040,XRP-USDT,3.0785,3.0787,54860.0,66691.0
2025-07-25T08:39:34.352864,BTC-USDT,115247.1,115247.2,10449.0,9991.0
2025-07-25T08:39:34.670606,SOL-USDT,177.59,177.62,682.0,10.0
2025-07-25T08:39:34.802477,ETH-USDT,3651.36,3651.37,158049.0,342636.0
2025-07-25T08:39:35.125250,XRP-USDT,3.0786,3.0787,36231.0,87138.0
2025-07-25T08:39:35.136928,LTC-USDT,111.35,111.36,3692.0,35728.0
2025-07-25T08:39:35.340929,BTC-USDT,115247.1,115247.2,12545.0,6939.0
2025-07-25T08:39:35.657941,SOL-USDT,177.61,177.62,216.0,141.0
2025-07-25T08:39:35.703458,ETH-USDT,3651.36,3651.37,148019.0,74946.0
2025-07-25T08:39:36.092635,LTC-USDT,111.35,111.36,19596.0,76194.0
2025-07-25T08:39:36.120597,XRP-USDT,3.0785,3.0786,52238.0,101687.0
2025-07-25T08:39:36.314712,BTC-USDT,115247.1,115247.2,12532.0,12831.0
2025-07-25T08:39:36.713376,SOL-USDT,177.61,177.62,216.0,154.0
2025-07-25T08:39:36.772283,ETH-USDT,3651.37,3651.38,152227.0,88434.0
2025-07-25T08:39:37.023647,XRP-USDT,3.0783,3.0786,12593.0,90242.0
2025-07-25T08:39:37.134373,LTC-USDT,111.35,111.36,2308.0,76194.0
2025-07-25T08:39:37.313202,BTC-USDT,115247.1,115247.2,12305.0,12818.0
2025-07-25T08:39:37.674461,SOL-USDT,177.61,177.62,27.0,352.0
2025-07-25T08:39:37.749198,ETH-USDT,3650.98,3650.99,186242.0,251676.0
2025-07-25T08:39:38.093675,LTC-USDT,111.34,111.35,4387.0,49869.0
2025-07-25T08:39:38.131393,XRP-USDT,3.0781,3.0782,34163.0,66114.0
2025-07-25T08:39:38.310517,BTC-USDT,115247.1,115247.2,12016.0,11492.0
2025-07-25T08:39:38.661722,SOL-USDT,177.58,177.59,442.0,160.0
2025-07-25T08:39:38.777558,ETH-USDT,3650.98,3650.99,153279.0,41190.0
2025-07-25T08:39:39.064453,XRP-USDT,3.0781,3.0782,7156.0,66114.0
2025-07-25T08:39:39.097846,LTC-USDT,111.32,111.33,56066.0,4962.0
2025-07-25T08:39:39.314215,BTC-USDT,115247.1,115247.2,12185.0,12140.0
2025-07-25T08:39:39.662554,SOL-USDT,177.58,177.59,442.0,88.0
2025-07-25T08:39:39.774747,ETH-USDT,3651.13,3651.14,24561.0,106959.0
2025-07-25T08:39:40.094853,XRP-USDT,3.0781,3.0782,3997.0,66114.0
2025-07-25T08:39:40.099019,LTC-USDT,111.32,111.33,56066.0,4962.0
2025-07-25T08:39:40.327460,BTC-USDT,115247.1,115247.2,12065.0,12162.0
2025-07-25T08:39:40.667202,SOL-USDT,177.58,177.59,258.0,93.0
2025-07-25T08:39:40.806299,ETH-USDT,3651.13,3651.14,289163.0,107151.0
2025-07-25T08:39:41.025301,XRP-USDT,3.078,3.0781,95595.0,85654.0
2025-07-25T08:39:41.117748,LTC-USDT,111.32,111.33,80038.0,7225.0
2025-07-25T08:39:41.325346,BTC-USDT,115247.1,115247.2,12236.0,12425.0
2025-07-25T08:39:41.673945,SOL-USDT,177.58,177.59,420.0,110.0
2025-07-25T08:39:41.716616,ETH-USDT,3651.13,3651.58,316666.0,167578.0
2025-07-25T08:39:42.052014,LTC-USDT,111.32,111.33,80057.0,10549.0
2025-07-25T08:39:42.119628,XRP-USDT,3.078,3.0781,95595.0,17835.0
2025-07-25T08:39:42.344494,BTC-USDT,115247.1,115247.2,11072.0,8881.0
2025-07-25T08:39:42.701985,SOL-USDT,177.58,177.59,420.0,110.0
2025-07-25T08:39:42.721313,ETH-USDT,3651.88,3652.0,305715.0,8570.0
2025-07-25T08:39:43.056166,LTC-USDT,111.32,111.35,80057.0,5648.0
2025-07-25T08:39:43.143325,XRP-USDT,3.078,3.0783,11160.0,2647.0
2025-07-25T08:39:43.377766,BTC-USDT,115247.1,115247.2,11732.0,4198.0
2025-07-25T08:39:43.795516,SOL-USDT,177.63,177.64,652.0,9.0
2025-07-25T08:39:43.803384,ETH-USDT,3652.91,3652.92,331976.0,85532.0
2025-07-25T08:39:44.074227,LTC-USDT,111.36,111.37,127746.0,1758.0
2025-07-25T08:39:44.078695,XRP-USDT,3.0789,3.079,57206.0,16863.0
2025-07-25T08:39:45.042763,BTC-USDT,115247.1,115247.2,12821.0,4143.0
2025-07-25T08:39:45.042803,SOL-USDT,177.63,177.64,510.0,179.0
2025-07-25T08:39:45.042813,ETH-USDT,3652.99,3653.0,340123.0,103468.0
2025-07-25T08:39:45.042822,XRP-USDT,3.0789,3.0793,15980.0,101390.0
2025-07-25T08:39:45.046404,LTC-USDT,111.35,111.37,60133.0,27846.0
2025-07-25T08:39:45.325721,BTC-USDT,115247.1,115250.0,11665.0,461.0
2025-07-25T08:39:45.670117,SOL-USDT,177.63,177.64,373.0,20.0
2025-07-25T08:39:45.833766,ETH-USDT,3653.16,3653.18,291062.0,3071.0
2025-07-25T08:39:46.038310,LTC-USDT,111.35,111.36,60133.0,2135.0
2025-07-25T08:39:46.087563,XRP-USDT,3.0789,3.0792,75132.0,41347.0
2025-07-25T08:39:46.319009,BTC-USDT,115249.9,115250.0,16353.0,907.0
2025-07-25T08:39:46.715705,SOL-USDT,177.64,177.65,232.0,33.0
2025-07-25T08:39:46.717034,ETH-USDT,3653.17,3653.49,367440.0,75870.0
2025-07-25T08:39:47.096693,LTC-USDT,111.36,111.37,25798.0,83.0
2025-07-25T08:39:47.116064,XRP-USDT,3.0791,3.0792,51280.0,3433.0
2025-07-25T08:39:47.331384,BTC-USDT,115258.5,115258.6,10098.0,304.0
2025-07-25T08:39:47.674573,SOL-USDT,177.64,177.68,480.0,48.0
2025-07-25T08:39:47.710904,ETH-USDT,3653.48,3653.74,351789.0,316.0
2025-07-25T08:39:48.086080,XRP-USDT,3.0798,3.0807,13303.0,14123.0
2025-07-25T08:39:48.086094,LTC-USDT,111.39,111.41,8748.0,25268.0
2025-07-25T08:39:48.310653,BTC-USDT,115279.8,115296.5,10239.0,12568.0
2025-07-25T08:39:48.711972,SOL-USDT,177.71,177.74,533.0,46.0
2025-07-25T08:39:48.717500,ETH-USDT,3654.5,3654.9,32931.0,4826.0
2025-07-25T08:39:49.056252,LTC-USDT,111.4,111.42,48068.0,4923.0
2025-07-25T08:39:49.101019,XRP-USDT,3.0813,3.0814,83290.0,6729.0
2025-07-25T08:39:49.308880,BTC-USDT,115296.2,115303.1,9835.0,201.0
2025-07-25T08:39:49.670681,SOL-USDT,177.71,177.75,106.0,523.0
2025-07-25T08:39:49.750145,ETH-USDT,3654.62,3655.36,5147.0,140458.0
2025-07-25T08:39:50.092253,LTC-USDT,111.4,111.41,4849.0,61260.0
2025-07-25T08:39:50.118955,XRP-USDT,3.0809,3.081,60044.0,5581.0
2025-07-25T08:39:50.333301,BTC-USDT,115302.2,115309.9,12833.0,7290.0
2025-07-25T08:39:50.676181,SOL-USDT,177.71,177.72,137.0,194.0
2025-07-25T08:39:50.788527,ETH-USDT,3654.86,3654.9,1792.0,219154.0
2025-07-25T08:39:51.059925,XRP-USDT,3.0809,3.081,60044.0,33131.0
2025-07-25T08:39:51.112032,LTC-USDT,111.4,111.41,27183.0,1010.0
2025-07-25T08:39:51.382731,BTC-USDT,115309.7,115309.9,490.0,10633.0
2025-07-25T08:39:51.669063,SOL-USDT,177.7,177.71,175.0,507.0
2025-07-25T08:39:51.803950,ETH-USDT,3654.55,3654.56,98523.0,50905.0
2025-07-25T08:39:52.083881,XRP-USDT,3.0809,3.081,60044.0,49080.0
2025-07-25T08:39:52.122745,LTC-USDT,111.4,111.41,4042.0,22730.0
2025-07-25T08:39:52.319636,BTC-USDT,115309.7,115309.8,12699.0,106.0
2025-07-25T08:39:52.703694,SOL-USDT,177.7,177.71,19.0,507.0
2025-07-25T08:39:52.779939,ETH-USDT,3654.55,3654.56,79775.0,130599.0
2025-07-25T08:39:53.127267,XRP-USDT,3.0809,3.081,25084.0,28153.0
2025-07-25T08:39:53.128777,LTC-USDT,111.4,111.41,4042.0,22730.0
2025-07-25T08:39:53.311302,BTC-USDT,115309.7,115309.9,12710.0,10032.0
2025-07-25T08:39:53.669132,SOL-USDT,177.69,177.72,364.0,47.0
2025-07-25T08:39:53.750205,ETH-USDT,3654.55,3655.27,60101.0,13.0
2025-07-25T08:39:54.063829,XRP-USDT,3.0814,3.0816,81171.0,5694.0
2025-07-25T08:39:54.086995,LTC-USDT,111.41,111.42,103679.0,229.0
2025-07-25T08:39:54.364120,BTC-USDT,115328.9,115329.1,457.0,9456.0
2025-07-25T08:39:54.657716,SOL-USDT,177.72,177.73,113.0,256.0
2025-07-25T08:39:54.790305,ETH-USDT,3655.52,3655.53,122285.0,259548.0
2025-07-25T08:39:55.063852,XRP-USDT,3.0815,3.0816,85247.0,18636.0
2025-07-25T08:39:55.121491,LTC-USDT,111.41,111.42,103679.0,46895.0
2025-07-25T08:39:55.378211,BTC-USDT,115313.8,115329.0,13149.0,12849.0
2025-07-25T08:39:55.670485,SOL-USDT,177.69,177.7,249.0,197.0
2025-07-25T08:39:55.703114,ETH-USDT,3655.07,3655.08,160479.0,154261.0
2025-07-25T08:39:56.063878,XRP-USDT,3.0812,3.0816,12597.0,18643.0
2025-07-25T08:39:56.087461,LTC-USDT,111.41,111.42,17797.0,46895.0
2025-07-25T08:39:56.364209,BTC-USDT,115309.9,115314.4,1363.0,15277.0
2025-07-25T08:39:56.667141,SOL-USDT,177.69,177.7,154.0,167.0
2025-07-25T08:39:56.783615,ETH-USDT,3654.8,3655.08,14963.0,292649.0
2025-07-25T08:39:57.095280,XRP-USDT,3.0809,3.0811,16369.0,65094.0
2025-07-25T08:39:57.098897,LTC-USDT,111.41,111.42,19371.0,46895.0
2025-07-25T08:39:57.311217,BTC-USDT,115302.2,115310.0,16136.0,10829.0
2025-07-25T08:39:57.687874,SOL-USDT,177.69,177.7,164.0,127.0
2025-07-25T08:39:57.805023,ETH-USDT,3654.8,3654.81,134378.0,196430.0
2025-07-25T08:39:58.030293,XRP-USDT,3.0809,3.081,28883.0,12653.0
2025-07-25T08:39:58.060569,LTC-USDT,111.41,111.42,19371.0,46895.0
2025-07-25T08:39:58.341651,BTC-USDT,115298.7,115298.8,9919.0,11799.0
2025-07-25T08:39:58.769228,SOL-USDT,177.69,177.71,156.0,187.0
2025-07-25T08:39:58.788775,ETH-USDT,3654.8,3654.81,188903.0,68846.0
2025-07-25T08:39:59.121030,XRP-USDT,3.0812,3.0813,98796.0,6312.0
2025-07-25T08:39:59.121043,LTC-USDT,111.41,111.42,43031.0,1347.0
2025-07-25T08:39:59.321716,BTC-USDT,115309.3,115309.4,49.0,5.0
2025-07-25T08:39:59.666883,SOL-USDT,177.7,177.71,35.0,354.0
2025-07-25T08:39:59.818562,ETH-USDT,3654.12,3654.65,4911.0,25534.0
2025-07-25T08:40:00.078090,XRP-USDT,3.08,3.0804,164.0,16430.0
2025-07-25T08:40:00.101309,LTC-USDT,111.36,111.4,188470.0,23134.0
2025-07-25T08:40:00.343232,BTC-USDT,115274.6,115292.0,11462.0,11861.0
2025-07-25T08:40:00.711241,SOL-USDT,177.65,177.68,535.0,2.0
2025-07-25T08:40:00.837674,ETH-USDT,3653.77,3653.8,31238.0,21925.0
2025-07-25T08:40:01.069741,LTC-USDT,111.36,111.38,24191.0,74868.0
2025-07-25T08:40:01.096082,XRP-USDT,3.0802,3.0803,2446.0,47637.0
2025-07-25T08:40:01.350621,BTC-USDT,115291.4,115291.5,8717.0,9036.0
2025-07-25T08:40:01.693763,SOL-USDT,177.65,177.67,137.0,264.0
2025-07-25T08:40:01.752986,ETH-USDT,3653.43,3653.44,137995.0,30201.0
2025-07-25T08:40:02.085939,XRP-USDT,3.0799,3.08,50003.0,7028.0
2025-07-25T08:40:02.095189,LTC-USDT,111.37,111.38,30558.0,26563.0
2025-07-25T08:40:02.323289,BTC-USDT,115291.4,115291.5,8961.0,2863.0
2025-07-25T08:40:02.674079,SOL-USDT,177.63,177.66,289.0,354.0
2025-07-25T08:40:02.777387,ETH-USDT,3653.14,3653.15,97992.0,77403.0
2025-07-25T08:40:03.094722,XRP-USDT,3.0796,3.0797,61129.0,58746.0
2025-07-25T08:40:03.101007,LTC-USDT,111.36,111.37,1353.0,50703.0
2025-07-25T08:40:03.308563,BTC-USDT,115291.4,115291.5,10184.0,10186.0
2025-07-25T08:40:03.672408,SOL-USDT,177.63,177.64,9.0,271.0
2025-07-25T08:40:03.809952,ETH-USDT,3653.14,3653.15,97992.0,77403.0
2025-07-25T08:40:04.126897,XRP-USDT,3.0796,3.0797,50102.0,7531.0
2025-07-25T08:40:04.157814,LTC-USDT,111.36,111.37,53767.0,913.0
2025-07-25T08:40:04.327237,BTC-USDT,115291.4,115291.5,13068.0,11343.0
2025-07-25T08:40:04.761502,ETH-USDT,3653.45,3653.59,292005.0,216608.0
2025-07-25T08:40:04.761516,SOL-USDT,177.64,177.65,563.0,149.0
2025-07-25T08:40:05.084974,XRP-USDT,3.0796,3.0797,50102.0,1938.0
2025-07-25T08:40:05.094986,LTC-USDT,111.36,111.37,53767.0,913.0
2025-07-25T08:40:05.301548,BTC-USDT,115291.4,115291.5,13026.0,4191.0
2025-07-25T08:40:05.679251,SOL-USDT,177.64,177.65,450.0,153.0
2025-07-25T08:40:05.713751,ETH-USDT,3653.76,3653.77,262360.0,77268.0
2025-07-25T08:40:06.098048,LTC-USDT,111.38,111.39,54213.0,8255.0
2025-07-25T08:40:06.124822,XRP-USDT,3.0796,3.0798,101361.0,13848.0
2025-07-25T08:40:06.311834,BTC-USDT,115291.4,115291.5,12836.0,3960.0
2025-07-25T08:40:06.703051,SOL-USDT,177.64,177.65,273.0,446.0
2025-07-25T08:40:06.777626,ETH-USDT,3653.93,3653.94,46868.0,142764.0
2025-07-25T08:40:07.017231,XRP-USDT,3.0796,3.0797,77512.0,19137.0
2025-07-25T08:40:07.119890,LTC-USDT,111.39,111.4,41282.0,24537.0
2025-07-25T08:40:07.375649,BTC-USDT,115291.4,115291.5,11728.0,12362.0
2025-07-25T08:40:07.647843,SOL-USDT,177.64,177.65,107.0,446.0
2025-07-25T08:40:07.704602,ETH-USDT,3653.77,3653.78,139107.0,317810.0
2025-07-25T08:40:08.095387,LTC-USDT,111.39,111.41,47623.0,138138.0
2025-07-25T08:40:08.114503,XRP-USDT,3.0796,3.0797,77512.0,46135.0
2025-07-25T08:40:08.348699,BTC-USDT,115291.4,115291.5,12548.0,4824.0
2025-07-25T08:40:08.685173,SOL-USDT,177.64,177.65,182.0,105.0
2025-07-25T08:40:08.824185,ETH-USDT,3653.77,3653.94,302410.0,181529.0
2025-07-25T08:40:09.126537,LTC-USDT,111.41,111.42,126908.0,8708.0
2025-07-25T08:40:09.126551,XRP-USDT,3.08,3.0802,17506.0,44799.0
2025-07-25T08:40:09.378867,BTC-USDT,115291.4,115291.5,16100.0,14256.0
2025-07-25T08:40:09.676027,SOL-USDT,177.64,177.65,30.0,421.0
2025-07-25T08:40:09.718995,ETH-USDT,3653.93,3653.94,65959.0,104298.0
2025-07-25T08:40:10.083381,XRP-USDT,3.0797,3.0801,88784.0,11062.0
2025-07-25T08:40:10.111460,LTC-USDT,111.41,111.42,56544.0,6150.0
2025-07-25T08:40:10.327766,BTC-USDT,115291.4,115291.5,16458.0,14044.0
2025-07-25T08:40:10.676318,SOL-USDT,177.64,177.65,180.0,194.0
2025-07-25T08:40:10.794074,ETH-USDT,3653.93,3653.94,129878.0,178832.0
2025-07-25T08:40:11.038913,XRP-USDT,3.0796,3.0801,17346.0,111802.0
2025-07-25T08:40:11.110834,LTC-USDT,111.42,111.43,595.0,33333.0
2025-07-25T08:40:11.409472,BTC-USDT,115284.1,115291.0,513.0,5.0
2025-07-25T08:40:11.671378,SOL-USDT,177.64,177.65,17.0,390.0
2025-07-25T08:40:11.803433,ETH-USDT,3653.01,3653.52,266107.0,1761.0
2025-07-25T08:40:12.080407,XRP-USDT,3.0789,3.0796,18006.0,77509.0
2025-07-25T08:40:12.106056,LTC-USDT,111.38,111.41,56630.0,8341.0
2025-07-25T08:40:12.313602,BTC-USDT,115262.5,115271.0,17252.0,13359.0
2025-07-25T08:40:12.676584,SOL-USDT,177.59,177.6,328.0,9.0
2025-07-25T08:40:12.782510,ETH-USDT,3653.15,3653.16,141102.0,309233.0
2025-07-25T08:40:13.100439,LTC-USDT,111.38,111.39,13622.0,20475.0
2025-07-25T08:40:13.117632,XRP-USDT,3.0792,3.0793,101361.0,31719.0
2025-07-25T08:40:13.322100,BTC-USDT,115262.5,115262.6,16711.0,14621.0
2025-07-25T08:40:13.675394,SOL-USDT,177.59,177.6,166.0,13.0
2025-07-25T08:40:13.713095,ETH-USDT,3653.15,3653.16,115106.0,312272.0
2025-07-25T08:40:14.068219,LTC-USDT,111.38,111.39,13622.0,20475.0
2025-07-25T08:40:14.077385,XRP-USDT,3.0792,3.0793,101361.0,10064.0
2025-07-25T08:40:14.316037,BTC-USDT,115262.5,115262.6,15728.0,11753.0
2025-07-25T08:40:14.669881,SOL-USDT,177.63,177.65,363.0,147.0
2025-07-25T08:40:14.783718,ETH-USDT,3653.65,3653.66,302205.0,21990.0
2025-07-25T08:40:15.074477,XRP-USDT,3.0797,3.0798,46085.0,13650.0
2025-07-25T08:40:15.120446,LTC-USDT,111.38,111.39,45252.0,3069.0
2025-07-25T08:40:15.327180,BTC-USDT,115262.5,115262.6,15844.0,16211.0
2025-07-25T08:40:15.663905,SOL-USDT,177.64,177.65,213.0,373.0
2025-07-25T08:40:15.803201,ETH-USDT,3653.65,3653.66,300291.0,116392.0
2025-07-25T08:40:16.048154,LTC-USDT,111.38,111.39,39063.0,4078.0
2025-07-25T08:40:16.080885,XRP-USDT,3.0797,3.0798,30715.0,39104.0
2025-07-25T08:40:16.314088,BTC-USDT,115262.5,115262.6,15507.0,16387.0
2025-07-25T08:40:16.701178,SOL-USDT,177.66,177.68,631.0,136.0
2025-07-25T08:40:16.757522,ETH-USDT,3653.99,3654.0,372181.0,31399.0
2025-07-25T08:40:17.064107,XRP-USDT,3.08,3.0801,40811.0,33897.0
2025-07-25T08:40:17.100175,LTC-USDT,111.4,111.41,63927.0,164.0
2025-07-25T08:40:17.309680,BTC-USDT,115262.5,115262.6,6630.0,6671.0
2025-07-25T08:40:17.679959,SOL-USDT,177.67,177.68,345.0,136.0
2025-07-25T08:40:17.712369,ETH-USDT,3654.41,3654.42,292682.0,3842.0
2025-07-25T08:40:18.076113,XRP-USDT,3.0801,3.0805,14328.0,5207.0
2025-07-25T08:40:18.083017,LTC-USDT,111.41,111.43,120238.0,770.0
2025-07-25T08:40:18.300027,BTC-USDT,115262.5,115262.6,15574.0,11300.0
2025-07-25T08:40:18.671551,SOL-USDT,177.71,177.72,163.0,466.0
2025-07-25T08:40:18.790889,ETH-USDT,3655.39,3655.55,360901.0,110579.0
2025-07-25T08:40:19.080409,XRP-USDT,3.0801,3.0805,8243.0,84450.0
2025-07-25T08:40:19.147692,LTC-USDT,111.43,111.44,4573.0,44432.0
2025-07-25T08:40:19.322968,BTC-USDT,115262.5,115262.6,10774.0,6498.0
2025-07-25T08:40:19.663528,SOL-USDT,177.69,177.71,111.0,207.0
2025-07-25T08:40:19.803300,ETH-USDT,3655.39,3655.4,173387.0,96120.0
2025-07-25T08:40:20.041852,LTC-USDT,111.43,111.44,39167.0,4064.0
2025-07-25T08:40:20.077730,XRP-USDT,3.0801,3.0805,96783.0,16179.0
2025-07-25T08:40:20.311279,BTC-USDT,115262.5,115262.6,14886.0,13983.0
2025-07-25T08:40:20.656826,SOL-USDT,177.67,177.71,45.0,282.0
2025-07-25T08:40:20.703910,ETH-USDT,3655.4,3655.62,22774.0,237399.0
2025-07-25T08:40:21.053608,LTC-USDT,111.39,111.44,50836.0,105.0
2025-07-25T08:40:21.080987,XRP-USDT,3.0796,3.08,422.0,112669.0
2025-07-25T08:40:21.312170,BTC-USDT,115262.5,115262.6,656.0,13916.0
2025-07-25T08:40:21.670639,SOL-USDT,177.67,177.68,6.0,480.0
2025-07-25T08:40:21.746138,ETH-USDT,3655.03,3655.21,28052.0,7761.0
2025-07-25T08:40:22.043949,XRP-USDT,3.0793,3.0794,61483.0,8758.0
2025-07-25T08:40:22.098858,LTC-USDT,111.38,111.39,19722.0,30052.0
2025-07-25T08:40:22.322313,BTC-USDT,115252.2,115252.4,14758.0,15236.0
2025-07-25T08:40:22.676368,SOL-USDT,177.67,177.68,151.0,223.0
2025-07-25T08:40:22.782833,ETH-USDT,3655.79,3655.8,27984.0,30592.0
2025-07-25T08:40:23.114875,LTC-USDT,111.38,111.39,19722.0,11620.0
2025-07-25T08:40:23.116352,XRP-USDT,3.0797,3.0798,41945.0,32484.0
2025-07-25T08:40:23.314082,BTC-USDT,115252.2,115252.3,14800.0,17112.0
2025-07-25T08:40:23.670173,SOL-USDT,177.67,177.68,122.0,114.0
2025-07-25T08:40:23.805817,ETH-USDT,3655.79,3657.07,300192.0,23916.0
2025-07-25T08:40:24.059134,LTC-USDT,111.4,111.41,181676.0,205.0
2025-07-25T08:40:24.117262,XRP-USDT,3.0797,3.0802,84430.0,2952.0
2025-07-25T08:40:24.307821,BTC-USDT,115252.2,115252.3,16018.0,14457.0
2025-07-25T08:40:24.669947,SOL-USDT,177.7,177.71,455.0,295.0
2025-07-25T08:40:24.781835,ETH-USDT,3656.83,3656.84,34535.0,136130.0
2025-07-25T08:40:25.106517,XRP-USDT,3.0802,3.0805,10607.0,108353.0
2025-07-25T08:40:25.134057,LTC-USDT,111.4,111.41,60185.0,190.0
2025-07-25T08:40:25.343315,BTC-USDT,115252.2,115252.3,6996.0,4603.0
2025-07-25T08:40:25.670889,SOL-USDT,177.7,177.71,146.0,393.0
2025-07-25T08:40:25.718855,ETH-USDT,3656.81,3656.82,146218.0,86537.0
2025-07-25T08:40:26.048055,LTC-USDT,111.41,111.42,42130.0,6367.0
2025-07-25T08:40:26.089600,XRP-USDT,3.08,3.0801,29800.0,1403.0
2025-07-25T08:40:26.402638,BTC-USDT,115250.6,115250.7,14689.0,10205.0
2025-07-25T08:40:26.664959,SOL-USDT,177.69,177.7,266.0,170.0
2025-07-25T08:40:26.804627,ETH-USDT,3656.81,3656.82,269853.0,38691.0
2025-07-25T08:40:27.060260,XRP-USDT,3.0802,3.0803,8039.0,62802.0
2025-07-25T08:40:27.124237,LTC-USDT,111.41,111.42,1571.0,57233.0
2025-07-25T08:40:27.395264,BTC-USDT,115250.6,115250.7,10066.0,10205.0
2025-07-25T08:40:27.686097,SOL-USDT,177.68,177.69,209.0,619.0
2025-07-25T08:40:27.714028,ETH-USDT,3656.6,3656.82,51983.0,332463.0
2025-07-25T08:40:28.049521,LTC-USDT,111.39,111.41,57537.0,663.0
2025-07-25T08:40:28.062663,XRP-USDT,3.0802,3.0803,14477.0,62802.0
2025-07-25T08:40:28.367246,BTC-USDT,115250.6,115250.7,8224.0,15447.0
2025-07-25T08:40:28.692359,SOL-USDT,177.67,177.68,47.0,517.0
2025-07-25T08:40:28.808699,ETH-USDT,3655.8,3655.81,56465.0,246699.0
2025-07-25T08:40:29.060698,LTC-USDT,111.38,111.4,142898.0,13270.0
2025-07-25T08:40:29.082728,XRP-USDT,3.0799,3.0801,18715.0,71380.0
2025-07-25T08:40:29.374711,BTC-USDT,115247.2,115250.2,8641.0,5.0
2025-07-25T08:40:29.705415,SOL-USDT,177.65,177.66,35.0,470.0
2025-07-25T08:40:29.718411,ETH-USDT,3655.44,3655.66,31972.0,280168.0
2025-07-25T08:40:30.048386,LTC-USDT,111.39,111.4,513.0,28510.0
2025-07-25T08:40:30.124578,XRP-USDT,3.0798,3.0802,77603.0,18057.0
2025-07-25T08:40:30.343578,BTC-USDT,115245.1,115245.2,217.0,213.0
2025-07-25T08:40:30.680021,SOL-USDT,177.64,177.65,1.0,644.0
2025-07-25T08:40:30.762536,ETH-USDT,3655.2,3655.21,110199.0,272242.0
2025-07-25T08:40:31.051070,XRP-USDT,3.0797,3.0802,39809.0,42740.0
2025-07-25T08:40:31.114907,LTC-USDT,111.37,111.4,14525.0,55096.0
2025-07-25T08:40:31.308343,BTC-USDT,115237.3,115245.1,6214.0,16549.0
2025-07-25T08:40:31.715088,SOL-USDT,177.56,177.59,207.0,611.0
2025-07-25T08:40:31.813898,ETH-USDT,3654.0,3654.21,84712.0,144673.0
2025-07-25T08:40:32.038219,LTC-USDT,111.37,111.38,14525.0,31767.0
2025-07-25T08:40:32.080914,XRP-USDT,3.0794,3.0795,11596.0,19395.0
2025-07-25T08:40:32.315226,BTC-USDT,115228.1,115228.2,161.0,16120.0
2025-07-25T08:40:32.674112,SOL-USDT,177.56,177.57,113.0,283.0
2025-07-25T08:40:32.814301,ETH-USDT,3654.0,3654.01,137166.0,138844.0
2025-07-25T08:40:33.060099,LTC-USDT,111.37,111.38,14525.0,31767.0
2025-07-25T08:40:33.120046,XRP-USDT,3.0794,3.0795,27904.0,41125.0
2025-07-25T08:40:33.327092,BTC-USDT,115228.1,115228.2,30.0,4376.0
2025-07-25T08:40:33.678599,SOL-USDT,177.54,177.56,35.0,569.0
2025-07-25T08:40:33.707390,ETH-USDT,3653.64,3654.0,32676.0,145687.0
2025-07-25T08:40:34.086954,XRP-USDT,3.0788,3.0791,13729.0,108869.0
2025-07-25T08:40:34.099960,LTC-USDT,111.32,111.33,40196.0,52947.0
2025-07-25T08:40:34.315420,BTC-USDT,115216.6,115220.3,8524.0,10519.0
2025-07-25T08:40:34.679975,SOL-USDT,177.54,177.55,361.0,550.0
2025-07-25T08:40:34.734227,ETH-USDT,3653.64,3653.65,147658.0,40129.0
2025-07-25T08:40:35.046128,LTC-USDT,111.32,111.33,40196.0,24873.0
2025-07-25T08:40:35.055601,XRP-USDT,3.0788,3.0791,39100.0,35867.0
2025-07-25T08:40:35.321582,BTC-USDT,115216.6,115216.7,10204.0,9972.0
2025-07-25T08:40:35.669157,SOL-USDT,177.54,177.55,361.0,232.0
2025-07-25T08:40:35.748811,ETH-USDT,3653.98,3653.99,218049.0,78744.0
2025-07-25T08:40:36.084826,XRP-USDT,3.079,3.0791,29191.0,61499.0
2025-07-25T08:40:36.096837,LTC-USDT,111.31,111.33,273737.0,30565.0
2025-07-25T08:40:36.313361,BTC-USDT,115222.2,115222.3,13678.0,11586.0
2025-07-25T08:40:36.665185,SOL-USDT,177.51,177.52,358.0,249.0
2025-07-25T08:40:36.701955,ETH-USDT,3653.64,3653.65,176471.0,312241.0
2025-07-25T08:40:37.054582,LTC-USDT,111.29,111.3,4600.0,58060.0
2025-07-25T08:40:37.083675,XRP-USDT,3.0789,3.079,13447.0,113329.0
2025-07-25T08:40:37.328537,BTC-USDT,115222.2,115222.3,13622.0,11498.0
2025-07-25T08:40:37.664814,SOL-USDT,177.51,177.52,358.0,119.0
2025-07-25T08:40:37.703545,ETH-USDT,3653.64,3653.65,175978.0,313214.0
2025-07-25T08:40:38.082881,XRP-USDT,3.0784,3.079,1316.0,92176.0
2025-07-25T08:40:38.109305,LTC-USDT,111.26,111.3,149546.0,43045.0
2025-07-25T08:40:38.316309,BTC-USDT,115222.2,115222.3,897.0,11314.0
2025-07-25T08:40:38.681441,SOL-USDT,177.5,177.51,56.0,649.0
2025-07-25T08:40:38.815940,ETH-USDT,3652.39,3652.4,77101.0,366620.0
2025-07-25T08:40:39.053601,XRP-USDT,3.0781,3.0785,17288.0,18564.0
2025-07-25T08:40:39.069127,LTC-USDT,111.26,111.27,34134.0,20326.0
2025-07-25T08:40:39.312157,BTC-USDT,115216.6,115216.7,9602.0,1162.0
2025-07-25T08:40:39.702090,SOL-USDT,177.48,177.5,203.0,177.0
2025-07-25T08:40:39.766616,ETH-USDT,3652.39,3652.4,144972.0,261500.0
2025-07-25T08:40:40.096872,XRP-USDT,3.0776,3.078,7140.0,14198.0
2025-07-25T08:40:40.130254,LTC-USDT,111.26,111.27,12875.0,101128.0
2025-07-25T08:40:40.326713,BTC-USDT,115213.3,115213.4,30.0,493.0
2025-07-25T08:40:40.676207,SOL-USDT,177.48,177.49,342.0,120.0
2025-07-25T08:40:40.712437,ETH-USDT,3651.9,3651.91,87941.0,22712.0
2025-07-25T08:40:41.051570,LTC-USDT,111.26,111.27,12875.0,101128.0
2025-07-25T08:40:41.059218,XRP-USDT,3.0778,3.0781,61086.0,17300.0
2025-07-25T08:40:41.310492,BTC-USDT,115213.3,115213.4,382.0,10185.0
2025-07-25T08:40:41.676064,SOL-USDT,177.48,177.5,289.0,306.0
2025-07-25T08:40:41.782382,ETH-USDT,3652.31,3652.32,249495.0,61616.0
2025-07-25T08:40:42.082448,XRP-USDT,3.078,3.0781,10791.0,73652.0
2025-07-25T08:40:42.087580,LTC-USDT,111.26,111.27,11148.0,66785.0
2025-07-25T08:40:42.325636,BTC-USDT,115213.3,115213.4,382.0,12398.0
2025-07-25T08:40:42.690766,SOL-USDT,177.49,177.5,5.0,306.0
2025-07-25T08:40:42.735196,ETH-USDT,3652.31,3652.32,97632.0,135059.0
2025-07-25T08:40:43.096631,LTC-USDT,111.23,111.25,9031.0,33488.0
2025-07-25T08:40:43.118365,XRP-USDT,3.0776,3.0781,16120.0,73652.0
2025-07-25T08:40:43.307201,BTC-USDT,115200.0,115212.9,7609.0,5.0
2025-07-25T08:40:43.713472,SOL-USDT,177.46,177.47,250.0,119.0
2025-07-25T08:40:43.758663,ETH-USDT,3651.72,3651.73,177000.0,72219.0
2025-07-25T08:40:44.085605,LTC-USDT,111.24,111.25,77568.0,76.0
2025-07-25T08:40:44.098696,XRP-USDT,3.0778,3.0779,69268.0,13595.0
2025-07-25T08:40:44.320045,BTC-USDT,115200.1,115200.2,475.0,11094.0
2025-07-25T08:40:44.699596,SOL-USDT,177.46,177.48,121.0,5.0
2025-07-25T08:40:44.716037,ETH-USDT,3652.17,3652.2,262191.0,2053.0
2025-07-25T08:40:45.916081,XRP-USDT,3.0779,3.0781,113568.0,3728.0
2025-07-25T08:40:45.916087,LTC-USDT,111.25,111.26,207.0,36463.0
2025-07-25T08:40:45.916092,BTC-USDT,115200.1,115200.2,475.0,2884.0
2025-07-25T08:40:45.916097,SOL-USDT,177.46,177.48,53.0,624.0
2025-07-25T08:40:45.916102,ETH-USDT,3652.09,3652.32,20438.0,237515.0
2025-07-25T08:40:46.087061,XRP-USDT,3.0778,3.0781,35011.0,97875.0
2025-07-25T08:40:46.104612,LTC-USDT,111.24,111.25,2668.0,17267.0
2025-07-25T08:40:46.318396,BTC-USDT,115200.1,115200.2,475.0,9733.0
2025-07-25T08:40:46.675913,SOL-USDT,177.42,177.43,518.0,8.0
2025-07-25T08:40:46.711701,ETH-USDT,3651.79,3651.8,251945.0,6774.0
2025-07-25T08:40:47.053249,XRP-USDT,3.0778,3.0779,68144.0,62585.0
2025-07-25T08:40:47.106856,LTC-USDT,111.24,111.25,44666.0,808.0
2025-07-25T08:40:47.410878,BTC-USDT,115200.1,115200.2,475.0,9733.0
2025-07-25T08:40:47.703623,SOL-USDT,177.42,177.44,52.0,677.0
2025-07-25T08:40:47.775596,ETH-USDT,3651.97,3652.08,107705.0,267727.0
2025-07-25T08:40:48.087307,XRP-USDT,3.0775,3.0776,37810.0,2724.0
2025-07-25T08:40:48.131675,LTC-USDT,111.24,111.25,39551.0,629.0
2025-07-25T08:40:48.401003,BTC-USDT,115200.1,115200.2,475.0,10987.0
2025-07-25T08:40:48.659255,SOL-USDT,177.42,177.43,199.0,151.0
2025-07-25T08:40:48.700823,ETH-USDT,3651.9,3651.91,121057.0,92623.0
2025-07-25T08:40:49.041050,LTC-USDT,111.24,111.25,23618.0,21745.0
2025-07-25T08:40:49.112069,XRP-USDT,3.0778,3.0779,12559.0,37134.0
2025-07-25T08:40:49.313046,BTC-USDT,115200.1,115200.2,475.0,14321.0
2025-07-25T08:40:49.691308,SOL-USDT,177.42,177.43,89.0,304.0
2025-07-25T08:40:49.718935,ETH-USDT,3651.72,3651.73,71753.0,252786.0
2025-07-25T08:40:50.049969,LTC-USDT,111.24,111.25,3389.0,48438.0
2025-07-25T08:40:50.086951,XRP-USDT,3.0772,3.0776,16869.0,53653.0
2025-07-25T08:40:50.315600,BTC-USDT,115200.1,115200.2,475.0,14108.0
2025-07-25T08:40:50.657385,SOL-USDT,177.42,177.43,31.0,304.0
2025-07-25T08:40:50.718024,ETH-USDT,3651.72,3651.73,19529.0,259263.0
2025-07-25T08:40:51.047369,LTC-USDT,111.23,111.24,62708.0,2329.0
2025-07-25T08:40:51.055856,XRP-USDT,3.0772,3.0773,93728.0,13174.0
2025-07-25T08:40:51.309849,BTC-USDT,115200.1,115200.2,570.0,2998.0
2025-07-25T08:40:51.666168,SOL-USDT,177.41,177.43,17.0,561.0
2025-07-25T08:40:51.703293,ETH-USDT,3651.0,3651.63,2564.0,267310.0
2025-07-25T08:40:52.112251,LTC-USDT,111.22,111.23,91664.0,7233.0
2025-07-25T08:40:52.137138,XRP-USDT,3.0769,3.0771,86662.0,16083.0
2025-07-25T08:40:52.400232,BTC-USDT,115197.4,115197.5,10079.0,10932.0
2025-07-25T08:40:52.658367,SOL-USDT,177.39,177.42,15.0,604.0
2025-07-25T08:40:52.703975,ETH-USDT,3650.63,3651.18,166562.0,299781.0
2025-07-25T08:40:53.057950,LTC-USDT,111.24,111.25,487.0,82063.0
2025-07-25T08:40:53.109627,XRP-USDT,3.0766,3.077,26940.0,16142.0
2025-07-25T08:40:53.356467,BTC-USDT,115190.4,115193.6,6523.0,2281.0
2025-07-25T08:40:53.672835,SOL-USDT,177.36,177.37,546.0,299.0
2025-07-25T08:40:53.719431,ETH-USDT,3650.34,3650.44,148568.0,360991.0
2025-07-25T08:40:54.065715,LTC-USDT,111.22,111.24,36195.0,16911.0
2025-07-25T08:40:54.084971,XRP-USDT,3.0762,3.0767,14895.0,76590.0
2025-07-25T08:40:54.345982,BTC-USDT,115190.5,115190.6,519.0,9113.0
2025-07-25T08:40:54.660629,SOL-USDT,177.36,177.37,546.0,299.0
2025-07-25T08:40:54.741753,ETH-USDT,3649.71,3650.08,53804.0,131340.0
2025-07-25T08:40:55.027880,XRP-USDT,3.076,3.0761,26455.0,95455.0
2025-07-25T08:40:55.066008,LTC-USDT,111.22,111.23,562.0,47047.0
2025-07-25T08:40:55.328343,BTC-USDT,115186.6,115186.8,2760.0,447.0
2025-07-25T08:40:55.667755,SOL-USDT,177.34,177.35,244.0,203.0
2025-07-25T08:40:55.776214,ETH-USDT,3649.67,3649.71,4378.0,253355.0
2025-07-25T08:40:56.085408,XRP-USDT,3.0759,3.076,42135.0,85254.0
2025-07-25T08:40:56.105335,LTC-USDT,111.21,111.22,1936.0,23266.0
2025-07-25T08:40:56.299826,BTC-USDT,115186.7,115186.8,519.0,11646.0
2025-07-25T08:40:56.676148,SOL-USDT,177.34,177.35,244.0,203.0
2025-07-25T08:40:56.804916,ETH-USDT,3649.67,3649.68,122130.0,169139.0
2025-07-25T08:40:57.067300,LTC-USDT,111.21,111.23,116940.0,5816.0
2025-07-25T08:40:57.098110,XRP-USDT,3.076,3.0763,102770.0,14059.0
2025-07-25T08:40:57.337821,BTC-USDT,115186.7,115195.5,10409.0,8822.0
2025-07-25T08:40:57.682840,SOL-USDT,177.36,177.37,8.0,282.0
2025-07-25T08:40:57.780833,ETH-USDT,3649.83,3650.0,82546.0,1809.0
2025-07-25T08:40:58.104494,XRP-USDT,3.0763,3.0764,29673.0,82098.0
2025-07-25T08:40:58.104511,LTC-USDT,111.21,111.22,1319.0,41367.0
2025-07-25T08:40:58.393354,BTC-USDT,115194.9,115195.0,11371.0,5.0
2025-07-25T08:40:58.692057,SOL-USDT,177.35,177.36,10.0,514.0
2025-07-25T08:40:58.805974,ETH-USDT,3649.67,3649.85,2371.0,22291.0
2025-07-25T08:40:59.073484,LTC-USDT,111.19,111.21,3581.0,37715.0
2025-07-25T08:40:59.082081,XRP-USDT,3.0759,3.0762,104340.0,92556.0
2025-07-25T08:40:59.331386,BTC-USDT,115172.1,115181.2,48.0,945.0
2025-07-25T08:40:59.680765,SOL-USDT,177.34,177.35,311.0,251.0
2025-07-25T08:40:59.784766,ETH-USDT,3649.07,3649.68,156657.0,222604.0
2025-07-25T08:41:00.086165,XRP-USDT,3.0759,3.076,30315.0,14863.0
2025-07-25T08:41:00.103891,LTC-USDT,111.18,111.2,14980.0,42637.0
2025-07-25T08:41:00.347818,BTC-USDT,115177.0,115177.1,11923.0,4152.0
2025-07-25T08:41:00.689534,SOL-USDT,177.32,177.35,317.0,78.0
2025-07-25T08:41:00.740893,ETH-USDT,3648.68,3649.4,10131.0,283628.0
2025-07-25T08:41:01.080778,LTC-USDT,111.14,111.15,50252.0,18048.0
2025-07-25T08:41:01.110717,XRP-USDT,3.0756,3.0758,3201.0,14506.0
2025-07-25T08:41:01.353531,BTC-USDT,115135.2,115155.4,147.0,5.0
2025-07-25T08:41:01.710064,SOL-USDT,177.33,177.36,507.0,3.0
2025-07-25T08:41:01.716577,ETH-USDT,3648.35,3648.59,233357.0,1878.0
2025-07-25T08:41:02.128101,XRP-USDT,3.0758,3.0759,14317.0,111480.0
2025-07-25T08:41:02.167065,LTC-USDT,111.16,111.18,26441.0,155819.0
2025-07-25T08:41:02.316630,BTC-USDT,115145.5,115145.6,10568.0,9583.0
2025-07-25T08:41:02.683386,SOL-USDT,177.32,177.33,218.0,529.0
2025-07-25T08:41:02.833116,ETH-USDT,3648.46,3648.47,5152.0,109143.0
2025-07-25T08:41:03.055219,LTC-USDT,111.15,111.16,7063.0,68115.0
2025-07-25T08:41:03.122100,XRP-USDT,3.0756,3.0757,18111.0,85758.0
2025-07-25T08:41:03.377017,BTC-USDT,115145.5,115145.6,10877.0,6592.0
2025-07-25T08:41:03.674675,SOL-USDT,177.31,177.34,9.0,51.0
2025-07-25T08:41:03.701683,ETH-USDT,3648.97,3649.06,26870.0,294681.0
2025-07-25T08:41:04.044966,LTC-USDT,111.15,111.16,8321.0,22964.0
2025-07-25T08:41:04.090995,XRP-USDT,3.0762,3.0763,15258.0,49702.0
2025-07-25T08:41:04.342429,BTC-USDT,115157.6,115165.7,11322.0,11811.0
2025-07-25T08:41:04.686184,SOL-USDT,177.32,177.33,519.0,8.0
2025-07-25T08:41:04.743705,ETH-USDT,3648.82,3648.83,198045.0,124205.0
2025-07-25T08:41:05.090428,LTC-USDT,111.15,111.16,29885.0,1688.0
2025-07-25T08:41:05.121848,XRP-USDT,3.0765,3.0766,8431.0,86261.0
2025-07-25T08:41:05.378230,BTC-USDT,115165.6,115165.7,12358.0,12998.0
2025-07-25T08:41:05.714033,SOL-USDT,177.39,177.42,244.0,57.0
2025-07-25T08:41:05.775251,ETH-USDT,3649.81,3650.29,278939.0,21522.0
2025-07-25T08:41:06.086923,XRP-USDT,3.0773,3.0774,12219.0,41044.0
2025-07-25T08:41:06.111494,LTC-USDT,111.2,111.21,82180.0,40297.0
2025-07-25T08:41:06.357193,BTC-USDT,115182.7,115182.8,10987.0,11026.0
2025-07-25T08:41:06.739612,SOL-USDT,177.38,177.4,196.0,617.0
2025-07-25T08:41:06.836675,ETH-USDT,3649.4,3649.71,2170.0,29579.0
2025-07-25T08:41:07.057665,XRP-USDT,3.0766,3.077,1609.0,74545.0
2025-07-25T08:41:07.060592,LTC-USDT,111.18,111.19,316.0,66690.0
2025-07-25T08:41:07.376856,BTC-USDT,115171.9,115172.1,703.0,397.0
2025-07-25T08:41:07.677213,SOL-USDT,177.38,177.39,196.0,538.0
2025-07-25T08:41:07.807735,ETH-USDT,3649.41,3649.68,356554.0,97605.0
2025-07-25T08:41:08.083763,XRP-USDT,3.0767,3.0769,13726.0,55929.0
2025-07-25T08:41:08.100765,LTC-USDT,111.18,111.19,48152.0,38277.0
2025-07-25T08:41:08.355699,BTC-USDT,115156.4,115172.1,389.0,11012.0
2025-07-25T08:41:08.669678,SOL-USDT,177.34,177.37,199.0,1.0
2025-07-25T08:41:08.712225,ETH-USDT,3648.83,3649.43,112691.0,18474.0
2025-07-25T08:41:09.043097,LTC-USDT,111.16,111.17,263.0,98321.0
2025-07-25T08:41:09.086268,XRP-USDT,3.076,3.0761,851.0,72406.0
2025-07-25T08:41:09.395898,BTC-USDT,115150.7,115150.8,30.0,387.0
2025-07-25T08:41:09.704177,SOL-USDT,177.32,177.35,500.0,343.0
2025-07-25T08:41:09.718809,ETH-USDT,3648.83,3648.84,112691.0,4851.0
2025-07-25T08:41:10.090376,XRP-USDT,3.0756,3.0759,6901.0,85578.0
2025-07-25T08:41:10.098832,LTC-USDT,111.15,111.17,237400.0,98321.0
2025-07-25T08:41:10.364981,BTC-USDT,115150.7,115150.8,602.0,11408.0
2025-07-25T08:41:10.719050,ETH-USDT,3648.83,3649.07,24509.0,168047.0
2025-07-25T08:41:10.754498,SOL-USDT,177.29,177.33,46.0,625.0
2025-07-25T08:41:11.060096,LTC-USDT,111.13,111.15,15661.0,24498.0
2025-07-25T08:41:11.128061,XRP-USDT,3.0754,3.0755,12253.0,104494.0
2025-07-25T08:41:11.381067,BTC-USDT,115150.7,115150.8,602.0,11490.0
2025-07-25T08:41:11.681256,SOL-USDT,177.28,177.31,501.0,102.0
2025-07-25T08:41:11.760765,ETH-USDT,3648.86,3649.07,302861.0,102220.0
2025-07-25T08:41:12.105815,LTC-USDT,111.12,111.13,54879.0,3151.0
2025-07-25T08:41:12.125728,XRP-USDT,3.0754,3.0755,12253.0,104494.0
2025-07-25T08:41:12.332200,BTC-USDT,115150.7,115150.8,499.0,10206.0
2025-07-25T08:41:12.685260,SOL-USDT,177.28,177.29,25.0,337.0
2025-07-25T08:41:12.805414,ETH-USDT,3649.06,3649.07,72791.0,131303.0
2025-07-25T08:41:13.055599,XRP-USDT,3.0748,3.0752,12.0,105837.0
2025-07-25T08:41:13.106355,LTC-USDT,111.12,111.13,587.0,59775.0
2025-07-25T08:41:13.377724,BTC-USDT,115138.6,115139.0,82.0,10667.0
2025-07-25T08:41:13.699810,SOL-USDT,177.22,177.23,27.0,572.0
2025-07-25T08:41:13.759623,ETH-USDT,3647.92,3648.23,36581.0,337078.0
2025-07-25T08:41:14.096538,LTC-USDT,111.1,111.11,17565.0,23288.0
2025-07-25T08:41:14.122960,XRP-USDT,3.0748,3.0749,12.0,81856.0
2025-07-25T08:41:14.345195,BTC-USDT,115138.2,115144.0,9754.0,2776.0
2025-07-25T08:41:14.700857,SOL-USDT,177.22,177.25,363.0,113.0
2025-07-25T08:41:14.717185,ETH-USDT,3648.21,3648.54,250006.0,4046.0
2025-07-25T08:41:15.121017,XRP-USDT,3.0748,3.0749,12.0,5256.0
2025-07-25T08:41:15.130995,LTC-USDT,111.1,111.11,51550.0,4620.0
2025-07-25T08:41:15.338444,BTC-USDT,115150.9,115151.0,2486.0,8721.0
2025-07-25T08:41:15.701270,SOL-USDT,177.23,177.25,47.0,306.0
2025-07-25T08:41:15.810010,ETH-USDT,3648.53,3648.54,313002.0,101397.0
2025-07-25T08:41:16.040452,LTC-USDT,111.1,111.11,4653.0,23928.0
2025-07-25T08:41:16.086041,XRP-USDT,3.0748,3.0749,12.0,90284.0
2025-07-25T08:41:16.318688,BTC-USDT,115140.9,115141.0,124.0,474.0
2025-07-25T08:41:16.689308,SOL-USDT,177.2,177.21,152.0,433.0
2025-07-25T08:41:16.814709,ETH-USDT,3648.21,3648.22,150152.0,313335.0
2025-07-25T08:41:17.123491,XRP-USDT,3.0748,3.0749,12.0,45361.0
2025-07-25T08:41:17.140990,LTC-USDT,111.1,111.11,8643.0,61626.0
2025-07-25T08:41:17.395241,BTC-USDT,115140.9,115141.0,602.0,11312.0
2025-07-25T08:41:17.660898,SOL-USDT,177.2,177.21,22.0,469.0
2025-07-25T08:41:17.769903,ETH-USDT,3648.47,3648.48,140617.0,119125.0
2025-07-25T08:41:18.033861,XRP-USDT,3.0748,3.0749,12.0,28858.0
2025-07-25T08:41:18.099002,LTC-USDT,111.1,111.11,8643.0,61626.0
2025-07-25T08:41:18.314349,BTC-USDT,115133.3,115137.8,2130.0,5.0
2025-07-25T08:41:18.666973,SOL-USDT,177.18,177.19,409.0,244.0
2025-07-25T08:41:18.786257,ETH-USDT,3648.21,3648.22,145411.0,130252.0
2025-07-25T08:41:19.073811,XRP-USDT,3.0748,3.0749,12.0,108589.0
2025-07-25T08:41:19.105164,LTC-USDT,111.1,111.11,6567.0,55561.0
2025-07-25T08:41:19.377162,BTC-USDT,115128.7,115133.5,11178.0,14197.0
2025-07-25T08:41:19.659211,SOL-USDT,177.18,177.19,409.0,207.0
2025-07-25T08:41:19.829388,ETH-USDT,3648.21,3648.44,302166.0,86967.0
2025-07-25T08:41:20.052889,LTC-USDT,111.1,111.11,12178.0,55561.0
2025-07-25T08:41:20.078204,XRP-USDT,3.0748,3.0749,12.0,78984.0
2025-07-25T08:41:20.346808,BTC-USDT,115128.8,115128.9,653.0,11807.0
2025-07-25T08:41:20.687049,SOL-USDT,177.2,177.21,611.0,274.0
2025-07-25T08:41:20.752927,ETH-USDT,3648.43,3648.44,14739.0,117771.0
2025-07-25T08:41:21.023898,XRP-USDT,3.0748,3.0749,12.0,93554.0
2025-07-25T08:41:21.121621,LTC-USDT,111.1,111.11,12178.0,55561.0
2025-07-25T08:41:21.389965,BTC-USDT,115128.8,115128.9,602.0,12016.0
2025-07-25T08:41:21.662395,SOL-USDT,177.2,177.21,359.0,102.0
2025-07-25T08:41:21.730619,ETH-USDT,3648.21,3648.22,194685.0,341765.0
2025-07-25T08:41:22.060573,LTC-USDT,111.1,111.11,9958.0,44489.0
2025-07-25T08:41:22.082385,XRP-USDT,3.0748,3.0749,12.0,95427.0
2025-07-25T08:41:22.345707,BTC-USDT,115128.8,115128.9,653.0,12116.0
2025-07-25T08:41:22.678759,SOL-USDT,177.2,177.21,359.0,26.0
2025-07-25T08:41:22.720839,ETH-USDT,3648.21,3648.46,106458.0,87994.0
2025-07-25T08:41:23.080531,XRP-USDT,3.0748,3.0749,12.0,68921.0
2025-07-25T08:41:23.099457,LTC-USDT,111.11,111.13,79027.0,169414.0
2025-07-25T08:41:23.374082,BTC-USDT,115132.2,115132.3,12015.0,10676.0
2025-07-25T08:41:23.669897,SOL-USDT,177.2,177.21,359.0,118.0
2025-07-25T08:41:23.801595,ETH-USDT,3648.31,3648.32,77336.0,25718.0
2025-07-25T08:41:24.042218,LTC-USDT,111.12,111.13,3978.0,58569.0
2025-07-25T08:41:24.124963,XRP-USDT,3.0748,3.0749,12.0,29920.0
2025-07-25T08:41:24.344171,BTC-USDT,115132.2,115132.3,4140.0,2958.0
2025-07-25T08:41:24.668498,SOL-USDT,177.2,177.21,217.0,308.0
2025-07-25T08:41:24.725772,ETH-USDT,3648.31,3648.32,102775.0,97689.0
2025-07-25T08:41:25.051712,LTC-USDT,111.12,111.13,5299.0,71034.0
2025-07-25T08:41:25.083963,XRP-USDT,3.0748,3.0749,12.0,99863.0
2025-07-25T08:41:25.304670,BTC-USDT,115132.2,115132.3,5314.0,10191.0
2025-07-25T08:41:25.658057,SOL-USDT,177.2,177.21,63.0,308.0
2025-07-25T08:41:25.762169,ETH-USDT,3648.31,3648.32,132108.0,100934.0
2025-07-25T08:41:26.088499,XRP-USDT,3.0748,3.0749,12.0,88339.0
2025-07-25T08:41:26.096271,LTC-USDT,111.12,111.13,5299.0,71034.0
2025-07-25T08:41:26.314850,BTC-USDT,115130.8,115130.9,392.0,12578.0
2025-07-25T08:41:26.719857,SOL-USDT,177.18,177.21,44.0,681.0
2025-07-25T08:41:26.799861,ETH-USDT,3648.21,3648.22,102681.0,292466.0
2025-07-25T08:41:27.119012,LTC-USDT,111.1,111.12,4049.0,44991.0
2025-07-25T08:41:27.126520,XRP-USDT,3.0748,3.0749,12.0,75903.0
2025-07-25T08:41:27.315002,BTC-USDT,115126.0,115126.1,160.0,4.0
2025-07-25T08:41:27.685778,SOL-USDT,177.15,177.18,50.0,579.0
2025-07-25T08:41:27.703978,ETH-USDT,3648.16,3648.17,141000.0,324823.0
2025-07-25T08:41:28.045805,LTC-USDT,111.1,111.11,4049.0,70879.0
2025-07-25T08:41:28.086054,XRP-USDT,3.0748,3.0749,12.0,90333.0
2025-07-25T08:41:28.330635,BTC-USDT,115122.9,115123.0,248.0,11367.0
2025-07-25T08:41:28.703375,SOL-USDT,177.15,177.16,53.0,310.0
2025-07-25T08:41:28.821678,ETH-USDT,3648.16,3648.17,108915.0,293553.0
2025-07-25T08:41:29.071388,LTC-USDT,111.08,111.11,78.0,67449.0
2025-07-25T08:41:29.116934,XRP-USDT,3.073,3.0731,16918.0,112554.0
2025-07-25T08:41:29.315900,BTC-USDT,115122.9,115123.0,243.0,10182.0
2025-07-25T08:41:29.675372,SOL-USDT,177.15,177.16,576.0,138.0
2025-07-25T08:41:29.718879,ETH-USDT,3648.16,3648.17,203479.0,331835.0
2025-07-25T08:41:30.107523,LTC-USDT,111.08,111.09,61927.0,8200.0
2025-07-25T08:41:30.131358,XRP-USDT,3.0728,3.0729,57017.0,26251.0
2025-07-25T08:41:30.312734,BTC-USDT,115122.9,115123.0,243.0,12060.0
2025-07-25T08:41:30.664986,SOL-USDT,177.15,177.16,576.0,172.0
2025-07-25T08:41:30.787870,ETH-USDT,3648.16,3648.17,74907.0,93391.0
2025-07-25T08:41:31.102943,LTC-USDT,111.08,111.09,61927.0,14401.0
2025-07-25T08:41:31.120474,XRP-USDT,3.0727,3.0729,85150.0,34139.0
2025-07-25T08:41:31.314461,BTC-USDT,115122.9,115123.0,294.0,8010.0
2025-07-25T08:41:31.669992,SOL-USDT,177.16,177.17,56.0,286.0
2025-07-25T08:41:31.806041,ETH-USDT,3648.45,3648.54,5247.0,64707.0
2025-07-25T08:41:32.048402,LTC-USDT,111.08,111.09,1754.0,33648.0
2025-07-25T08:41:32.072202,XRP-USDT,3.0727,3.0728,41633.0,60980.0
2025-07-25T08:41:32.299429,BTC-USDT,115122.9,115123.0,294.0,12289.0
2025-07-25T08:41:32.670062,SOL-USDT,177.12,177.13,213.0,350.0
2025-07-25T08:41:32.705220,ETH-USDT,3648.16,3648.17,155019.0,301134.0
2025-07-25T08:41:33.054817,LTC-USDT,111.08,111.09,1754.0,68203.0
2025-07-25T08:41:33.096508,XRP-USDT,3.0727,3.0728,25635.0,84587.0
2025-07-25T08:41:33.325192,BTC-USDT,115122.9,115123.0,243.0,2524.0
2025-07-25T08:41:33.672225,SOL-USDT,177.16,177.17,457.0,136.0
2025-07-25T08:41:33.717588,ETH-USDT,3648.16,3648.17,158032.0,159900.0
2025-07-25T08:41:34.017989,XRP-USDT,3.0724,3.0728,56402.0,10077.0
2025-07-25T08:41:34.042726,LTC-USDT,111.08,111.09,1139.0,68203.0
2025-07-25T08:41:34.314107,BTC-USDT,115122.9,115123.0,243.0,8890.0
2025-07-25T08:41:34.688248,SOL-USDT,177.15,177.17,497.0,131.0
2025-07-25T08:41:34.728150,ETH-USDT,3648.16,3648.17,163295.0,163209.0
2025-07-25T08:41:35.053690,LTC-USDT,111.08,111.09,43400.0,68203.0
2025-07-25T08:41:35.133847,XRP-USDT,3.0724,3.0725,25161.0,67221.0
2025-07-25T08:41:35.313710,BTC-USDT,115122.9,115123.0,199.0,8887.0
2025-07-25T08:41:35.675173,SOL-USDT,177.15,177.16,497.0,570.0
2025-07-25T08:41:35.751850,ETH-USDT,3646.54,3648.01,91345.0,239270.0
2025-07-25T08:41:36.078245,XRP-USDT,3.0721,3.0723,3065.0,112359.0
2025-07-25T08:41:36.101704,LTC-USDT,111.05,111.06,19645.0,63399.0
