timestamp,symbol,bid,ask,bid_vol,ask_vol
2025-07-25T08:16:27.295168,A-USDT,0.5419,0.5671,4.0,4.0
2025-07-25T08:16:27.295222,AAVE-USDT,286.99,287.34,166.0,1.0
2025-07-25T08:16:27.295256,ADA-USDT,0.799,0.7993,56.0,668.0
2025-07-25T08:16:27.394627,ADA-USDT,0.799,0.7993,44.0,668.0
2025-07-25T08:16:27.440527,ADA-USDT,0.799,0.7993,56.0,668.0
2025-07-25T08:16:27.505575,ADA-USDT,0.7991,0.7993,12.0,668.0
2025-07-25T08:16:27.518359,ADA-USDT,0.799,0.7993,56.0,668.0
2025-07-25T08:16:27.627494,AAVE-USDT,286.96,287.34,587.0,1.0
2025-07-25T08:16:27.632694,AAVE-USDT,287.15,287.34,166.0,1.0
2025-07-25T08:16:27.695007,ADA-USDT,0.7991,0.7993,12.0,668.0
2025-07-25T08:16:27.700626,ADA-USDT,0.799,0.7993,56.0,668.0
2025-07-25T08:16:29.093060,ADA-USDT,0.7991,0.7993,12.0,668.0
2025-07-25T08:16:29.165084,ADA-USDT,0.7991,0.7993,12.0,646.0
2025-07-25T08:16:29.451486,ADA-USDT,0.7991,0.7996,12.0,1092.0
2025-07-25T08:16:29.474293,ADA-USDT,0.7992,0.7996,22.0,1092.0
2025-07-25T08:16:29.477518,ADA-USDT,0.7992,0.7996,34.0,1092.0
2025-07-25T08:16:29.516024,ADA-USDT,0.7993,0.7996,12.0,1092.0
2025-07-25T08:16:29.517636,ADA-USDT,0.7993,0.7996,12.0,1080.0
2025-07-25T08:16:29.526637,ADA-USDT,0.7993,0.7997,12.0,152.0
2025-07-25T08:16:29.559728,ADA-USDT,0.7993,0.7995,12.0,667.0
2025-07-25T08:16:29.648699,ADA-USDT,0.7993,0.7995,12.0,645.0
2025-07-25T08:16:29.682159,ADA-USDT,0.7992,0.7995,12.0,645.0
2025-07-25T08:16:29.689665,ADA-USDT,0.7991,0.7995,12.0,645.0
2025-07-25T08:16:29.863054,ADA-USDT,0.7991,0.7995,34.0,645.0
2025-07-25T08:16:29.872007,ADA-USDT,0.7992,0.7995,12.0,645.0
2025-07-25T08:16:29.950446,ADA-USDT,0.7992,0.7995,34.0,645.0
2025-07-25T08:16:29.955269,ADA-USDT,0.7993,0.7995,12.0,645.0
2025-07-25T08:16:30.162452,ADA-USDT,0.7992,0.7995,12.0,645.0
2025-07-25T08:16:30.171893,ADA-USDT,0.7991,0.7995,12.0,645.0
2025-07-25T08:16:30.295593,ADA-USDT,0.7993,0.7995,22.0,645.0
2025-07-25T08:16:30.317419,ADA-USDT,0.7993,0.7995,34.0,645.0
2025-07-25T08:16:30.403490,ADA-USDT,0.7994,0.7995,12.0,645.0
2025-07-25T08:16:30.566163,ADA-USDT,0.7993,0.7995,12.0,645.0
2025-07-25T08:16:30.568014,ADA-USDT,0.7991,0.7995,12.0,645.0
2025-07-25T08:16:30.586304,ADA-USDT,0.799,0.7995,12.0,645.0
2025-07-25T08:16:30.590761,ADA-USDT,0.7986,0.7995,12.0,645.0
2025-07-25T08:16:30.612217,ADA-USDT,0.7994,0.7995,22.0,645.0
2025-07-25T08:16:30.634734,ADA-USDT,0.7994,0.7998,22.0,465.0
2025-07-25T08:16:30.669887,ADA-USDT,0.7994,0.7998,22.0,443.0
2025-07-25T08:16:30.675347,ADA-USDT,0.7994,0.7999,22.0,131.0
2025-07-25T08:16:30.681751,ADA-USDT,0.7994,0.7999,22.0,15.0
2025-07-25T08:16:30.712993,ADA-USDT,0.7995,0.7999,12.0,15.0
2025-07-25T08:16:30.734124,ADA-USDT,0.7995,0.7997,12.0,667.0
2025-07-25T08:16:30.801947,ADA-USDT,0.7994,0.7997,22.0,667.0
2025-07-25T08:16:30.801988,ADA-USDT,0.7994,0.7997,34.0,667.0
2025-07-25T08:16:30.935944,AAVE-USDT,287.15,287.4,166.0,1.0
2025-07-25T08:16:31.028496,ADA-USDT,0.7994,0.7997,22.0,667.0
2025-07-25T08:16:31.028534,ADA-USDT,0.7994,0.7997,44.0,667.0
2025-07-25T08:16:31.345319,ADA-USDT,0.7994,0.7999,44.0,15.0
2025-07-25T08:16:31.359263,ADA-USDT,0.7994,0.7999,56.0,15.0
2025-07-25T08:16:31.374361,ADA-USDT,0.7995,0.7999,12.0,15.0
2025-07-25T08:16:31.445861,ADA-USDT,0.7995,0.7997,12.0,667.0
2025-07-25T08:16:31.449108,ADA-USDT,0.7994,0.7997,56.0,667.0
2025-07-25T08:16:31.478177,ADA-USDT,0.7994,0.7997,34.0,667.0
2025-07-25T08:16:31.503859,ADA-USDT,0.7994,0.7997,56.0,667.0
2025-07-25T08:16:31.757042,ADA-USDT,0.7995,0.7997,12.0,667.0
2025-07-25T08:16:31.917724,ADA-USDT,0.7994,0.7997,56.0,667.0
2025-07-25T08:16:31.953410,A-USDT,0.5419,0.5672,4.0,4.0
2025-07-25T08:16:31.979674,A-USDT,0.542,0.5672,4.0,4.0
2025-07-25T08:16:32.017206,ADA-USDT,0.7994,0.7997,44.0,667.0
2025-07-25T08:16:32.144625,ADA-USDT,0.7994,0.7997,56.0,667.0
2025-07-25T08:16:32.363714,AAVE-USDT,287.15,287.41,166.0,1.0
2025-07-25T08:16:32.428178,ADA-USDT,0.7994,0.7997,44.0,667.0
2025-07-25T08:16:32.462285,ADA-USDT,0.7994,0.7997,22.0,667.0
2025-07-25T08:16:32.623869,ADA-USDT,0.7994,0.7996,22.0,28.0
2025-07-25T08:16:32.626982,ADA-USDT,0.7994,0.7996,22.0,200.0
2025-07-25T08:16:32.633654,ADA-USDT,0.7994,0.7996,22.0,212.0
2025-07-25T08:16:32.704230,ADA-USDT,0.7994,0.7996,13.0,212.0
2025-07-25T08:16:32.769034,ADA-USDT,0.7987,0.7996,10.0,212.0
2025-07-25T08:16:32.771755,ADA-USDT,0.7988,0.7996,12.0,212.0
2025-07-25T08:16:32.795449,ADA-USDT,0.7988,0.7994,12.0,667.0
2025-07-25T08:16:32.871231,ADA-USDT,0.7991,0.7994,22.0,667.0
2025-07-25T08:16:32.877038,ADA-USDT,0.7991,0.7994,34.0,667.0
2025-07-25T08:16:32.948344,ADA-USDT,0.7992,0.7994,12.0,667.0
2025-07-25T08:16:33.077152,ADA-USDT,0.7991,0.7994,12.0,667.0
2025-07-25T08:16:33.077201,ADA-USDT,0.7991,0.7994,12.0,645.0
2025-07-25T08:16:33.080350,ADA-USDT,0.7988,0.7994,12.0,645.0
2025-07-25T08:16:33.240886,ADA-USDT,0.7992,0.7994,22.0,645.0
2025-07-25T08:16:33.255136,ADA-USDT,0.7993,0.7994,22.0,645.0
2025-07-25T08:16:33.338337,ADA-USDT,0.7992,0.7994,22.0,645.0
2025-07-25T08:16:33.371900,AAVE-USDT,286.96,287.41,587.0,1.0
2025-07-25T08:16:33.441916,ADA-USDT,0.7988,0.7994,12.0,645.0
2025-07-25T08:16:33.452186,ADA-USDT,0.7988,0.7993,12.0,166.0
2025-07-25T08:16:33.452235,A-USDT,0.5419,0.5672,4.0,4.0
2025-07-25T08:16:33.452284,ADA-USDT,0.7988,0.7993,12.0,194.0
2025-07-25T08:16:33.464893,A-USDT,0.5419,0.5671,4.0,4.0
2025-07-25T08:16:33.498350,AAVE-USDT,286.96,287.31,587.0,1.0
2025-07-25T08:16:33.573063,ADA-USDT,0.7989,0.7993,22.0,194.0
2025-07-25T08:16:33.577806,AAVE-USDT,287.04,287.31,166.0,1.0
2025-07-25T08:16:33.768808,ADA-USDT,0.7989,0.7994,22.0,645.0
2025-07-25T08:16:33.789378,ADA-USDT,0.7989,0.7994,34.0,645.0
2025-07-25T08:16:33.794678,ADA-USDT,0.7989,0.7993,34.0,166.0
2025-07-25T08:16:33.796215,ADA-USDT,0.7989,0.7993,34.0,194.0
2025-07-25T08:16:33.830135,ADA-USDT,0.7992,0.7993,22.0,194.0
2025-07-25T08:16:33.837358,ADA-USDT,0.7992,0.7994,22.0,645.0
2025-07-25T08:16:34.032674,ADA-USDT,0.7989,0.7994,12.0,645.0
2025-07-25T08:16:34.038716,ADA-USDT,0.7989,0.7993,12.0,166.0
2025-07-25T08:16:34.039064,ADA-USDT,0.7989,0.7993,12.0,194.0
2025-07-25T08:16:34.039469,ADA-USDT,0.7988,0.7993,12.0,194.0
2025-07-25T08:16:34.061621,ADA-USDT,0.7991,0.7993,22.0,194.0
2025-07-25T08:16:34.564699,ADA-USDT,0.7991,0.7994,22.0,645.0
2025-07-25T08:16:34.565902,ADA-USDT,0.7991,0.7994,34.0,645.0
2025-07-25T08:16:34.576343,ADA-USDT,0.7992,0.7994,12.0,645.0
2025-07-25T08:16:34.583773,ADA-USDT,0.7991,0.7994,34.0,645.0
2025-07-25T08:16:34.611407,ADA-USDT,0.7991,0.7999,34.0,15.0
2025-07-25T08:16:34.682001,ADA-USDT,0.7992,0.7999,12.0,15.0
2025-07-25T08:16:34.687014,ADA-USDT,0.7991,0.7999,34.0,15.0
2025-07-25T08:16:34.692319,ADA-USDT,0.7992,0.7999,12.0,15.0
2025-07-25T08:16:34.709251,ADA-USDT,0.7992,0.7994,12.0,667.0
2025-07-25T08:16:34.715990,ADA-USDT,0.7991,0.7994,34.0,667.0
2025-07-25T08:16:34.862545,ADA-USDT,0.7992,0.7994,12.0,667.0
2025-07-25T08:16:34.902599,ADA-USDT,0.7991,0.7994,34.0,667.0
2025-07-25T08:16:34.922703,AAVE-USDT,287.04,287.23,166.0,1.0
2025-07-25T08:16:35.045530,ADA-USDT,0.7991,0.7994,56.0,667.0
2025-07-25T08:16:35.060542,ADA-USDT,0.7992,0.7994,12.0,667.0
2025-07-25T08:16:35.655402,ADA-USDT,0.7992,0.7999,12.0,15.0
2025-07-25T08:16:35.690040,ADA-USDT,0.7992,0.8,12.0,664.0
2025-07-25T08:16:35.697994,A-USDT,0.5417,0.5671,4.0,4.0
2025-07-25T08:16:35.723230,A-USDT,0.5417,0.567,4.0,4.0
2025-07-25T08:16:35.837240,ADA-USDT,0.7992,0.7997,12.0,667.0
2025-07-25T08:16:35.861407,ADA-USDT,0.7991,0.7997,34.0,667.0
2025-07-25T08:16:35.862661,ADA-USDT,0.7992,0.7997,22.0,667.0
2025-07-25T08:16:35.925494,ADA-USDT,0.7992,0.7997,34.0,667.0
2025-07-25T08:16:35.962613,ADA-USDT,0.7993,0.7997,12.0,667.0
2025-07-25T08:16:36.021270,ADA-USDT,0.7993,0.7997,34.0,667.0
2025-07-25T08:16:36.035946,AAVE-USDT,286.96,287.23,587.0,1.0
2025-07-25T08:16:36.055127,AAVE-USDT,287.2,287.23,166.0,1.0
2025-07-25T08:16:36.130150,ADA-USDT,0.7994,0.7997,12.0,667.0
2025-07-25T08:16:36.138389,AAVE-USDT,287.2,287.38,166.0,1.0
2025-07-25T08:16:36.287693,ADA-USDT,0.7993,0.7997,12.0,667.0
2025-07-25T08:16:36.294820,ADA-USDT,0.7992,0.7997,12.0,667.0
2025-07-25T08:16:36.372335,ADA-USDT,0.7992,0.7997,34.0,667.0
2025-07-25T08:16:36.375506,ADA-USDT,0.7993,0.7997,22.0,667.0
2025-07-25T08:16:36.377306,ADA-USDT,0.7993,0.7997,34.0,667.0
2025-07-25T08:16:36.439760,ADA-USDT,0.7994,0.7997,12.0,667.0
2025-07-25T08:16:36.595517,ADA-USDT,0.7993,0.7997,12.0,667.0
2025-07-25T08:16:36.600189,ADA-USDT,0.7992,0.7997,12.0,667.0
2025-07-25T08:16:36.870405,ADA-USDT,0.7992,0.7997,34.0,667.0
2025-07-25T08:16:36.870481,ADA-USDT,0.7993,0.7997,22.0,667.0
2025-07-25T08:16:36.878351,ADA-USDT,0.7993,0.7997,34.0,667.0
2025-07-25T08:16:36.878494,ADA-USDT,0.7994,0.7997,12.0,667.0
2025-07-25T08:16:36.968014,ADA-USDT,0.7994,0.8,12.0,664.0
2025-07-25T08:16:37.091852,ADA-USDT,0.7994,0.7998,12.0,667.0
2025-07-25T08:16:37.104020,ADA-USDT,0.7994,0.7998,34.0,667.0
2025-07-25T08:16:37.107488,ADA-USDT,0.7995,0.7998,12.0,667.0
2025-07-25T08:16:37.297533,ADA-USDT,0.7997,0.7998,22.0,667.0
2025-07-25T08:16:37.573040,AAVE-USDT,287.2,287.48,166.0,1.0
2025-07-25T08:16:37.907918,A-USDT,0.5421,0.567,4.0,4.0
2025-07-25T08:16:37.915559,A-USDT,0.5421,0.5674,4.0,4.0
2025-07-25T08:16:38.519178,ADA-USDT,0.7997,0.7998,33.0,667.0
2025-07-25T08:16:38.519212,ADA-USDT,0.7997,0.8002,33.0,406.0
2025-07-25T08:16:38.519244,ADA-USDT,0.7998,0.8002,11.0,406.0
2025-07-25T08:16:38.519277,ADA-USDT,0.7998,0.8002,11.0,384.0
2025-07-25T08:16:38.586863,ADA-USDT,0.7998,0.8,11.0,667.0
2025-07-25T08:16:38.592284,ADA-USDT,0.7997,0.8,33.0,667.0
2025-07-25T08:16:38.608898,ADA-USDT,0.7998,0.8,11.0,667.0
2025-07-25T08:16:39.064026,AAVE-USDT,287.2,287.52,166.0,1.0
2025-07-25T08:16:39.368732,ADA-USDT,0.7997,0.8,33.0,667.0
2025-07-25T08:16:39.398954,ADA-USDT,0.7997,0.8,22.0,667.0
2025-07-25T08:16:39.429488,ADA-USDT,0.7997,0.8,33.0,667.0
2025-07-25T08:16:39.445832,A-USDT,0.5422,0.5674,4.0,4.0
2025-07-25T08:16:39.464615,ADA-USDT,0.7998,0.8,11.0,667.0
2025-07-25T08:16:39.529740,ADA-USDT,0.7998,0.8,33.0,667.0
2025-07-25T08:16:39.604340,ADA-USDT,0.7999,0.8,11.0,667.0
2025-07-25T08:16:39.965218,ADA-USDT,0.7998,0.8,33.0,667.0
2025-07-25T08:16:40.147720,ADA-USDT,0.7998,0.8,22.0,667.0
2025-07-25T08:16:40.198130,ADA-USDT,0.7998,0.8,33.0,667.0
2025-07-25T08:16:40.264719,ADA-USDT,0.7998,0.8,22.0,667.0
2025-07-25T08:16:40.423099,ADA-USDT,0.7998,0.8,33.0,667.0
2025-07-25T08:16:40.423148,AAVE-USDT,287.2,287.49,166.0,1.0
2025-07-25T08:16:40.826855,ADA-USDT,0.7998,0.8,22.0,667.0
2025-07-25T08:16:41.544607,ADA-USDT,0.7998,0.8001,22.0,11.0
2025-07-25T08:16:41.578384,AAVE-USDT,287.2,287.48,166.0,1.0
2025-07-25T08:16:41.644754,ADA-USDT,0.7998,0.7999,22.0,667.0
2025-07-25T08:16:42.043737,ADA-USDT,0.7998,0.7999,33.0,667.0
2025-07-25T08:16:42.120540,ADA-USDT,0.7998,0.7999,33.0,645.0
2025-07-25T08:16:42.166814,ADA-USDT,0.7998,0.8002,33.0,297.0
2025-07-25T08:16:42.174396,ADA-USDT,0.7999,0.8002,11.0,297.0
2025-07-25T08:16:42.223770,ADA-USDT,0.7999,0.8003,11.0,1127.0
2025-07-25T08:16:42.224667,ADA-USDT,0.7999,0.8003,11.0,1115.0
2025-07-25T08:16:42.266535,ADA-USDT,0.7999,0.8001,11.0,666.0
2025-07-25T08:16:42.615938,ADA-USDT,0.7998,0.8001,33.0,666.0
2025-07-25T08:16:42.765635,ADA-USDT,0.7999,0.8001,11.0,666.0
2025-07-25T08:16:42.770587,AAVE-USDT,287.2,287.45,166.0,1.0
2025-07-25T08:16:42.892337,ADA-USDT,0.7999,0.8001,11.0,644.0
2025-07-25T08:16:44.075807,AAVE-USDT,287.2,287.47,166.0,1.0
2025-07-25T08:16:44.244094,ADA-USDT,0.7999,0.8003,11.0,1115.0
2025-07-25T08:16:44.339464,ADA-USDT,0.7999,0.8003,11.0,978.0
2025-07-25T08:16:44.406225,ADA-USDT,0.7999,0.8003,11.0,956.0
2025-07-25T08:16:44.523031,ADA-USDT,0.7999,0.8002,11.0,666.0
2025-07-25T08:16:44.614900,ADA-USDT,0.7999,0.8002,33.0,666.0
2025-07-25T08:16:44.618248,ADA-USDT,0.8,0.8002,11.0,666.0
2025-07-25T08:16:44.885896,ADA-USDT,0.8,0.8002,11.0,644.0
2025-07-25T08:16:45.404938,AAVE-USDT,287.2,287.45,166.0,1.0
2025-07-25T08:16:45.568583,ADA-USDT,0.8,0.8003,11.0,956.0
2025-07-25T08:16:45.575009,ADA-USDT,0.8,0.8003,11.0,1622.0
2025-07-25T08:16:46.869971,ADA-USDT,0.8,0.8003,11.0,1600.0
2025-07-25T08:16:47.046884,ADA-USDT,0.8,0.8003,11.0,934.0
2025-07-25T08:16:47.115200,AAVE-USDT,287.2,287.47,166.0,1.0
2025-07-25T08:16:47.147268,ADA-USDT,0.8,0.8003,11.0,1600.0
2025-07-25T08:16:47.170412,ADA-USDT,0.8,0.8003,11.0,666.0
2025-07-25T08:16:47.187825,ADA-USDT,0.8,0.8003,11.0,587.0
2025-07-25T08:16:47.191172,ADA-USDT,0.8,0.8007,11.0,1360.0
2025-07-25T08:16:47.191581,ADA-USDT,0.8,0.8007,11.0,141.0
2025-07-25T08:16:47.210227,ADA-USDT,0.8,0.8007,11.0,12.0
2025-07-25T08:16:47.218473,ADA-USDT,0.8,0.8008,11.0,11.0
2025-07-25T08:16:47.241976,A-USDT,0.5422,0.5675,4.0,4.0
2025-07-25T08:16:47.326667,ADA-USDT,0.8,0.8005,11.0,666.0
2025-07-25T08:16:47.397537,ADA-USDT,0.8,0.8005,11.0,644.0
2025-07-25T08:16:47.667251,ADA-USDT,0.8,0.8009,11.0,11.0
2025-07-25T08:16:47.823877,ADA-USDT,0.8,0.8006,11.0,666.0
2025-07-25T08:16:48.571470,ADA-USDT,0.8,0.8006,11.0,644.0
2025-07-25T08:16:48.849625,ADA-USDT,0.8,0.801,11.0,489.0
2025-07-25T08:16:48.855615,ADA-USDT,0.8,0.801,11.0,478.0
2025-07-25T08:16:48.982659,ADA-USDT,0.8,0.8008,11.0,666.0
2025-07-25T08:16:49.147173,ADA-USDT,0.8,0.8008,11.0,644.0
2025-07-25T08:16:49.150073,ADA-USDT,0.8,0.8008,21.0,644.0
2025-07-25T08:16:49.156948,ADA-USDT,0.8001,0.8008,12.0,644.0
2025-07-25T08:16:49.208262,ADA-USDT,0.8001,0.8011,12.0,12.0
2025-07-25T08:16:49.217939,ADA-USDT,0.8001,0.8012,12.0,335.0
2025-07-25T08:16:49.308523,A-USDT,0.5422,0.5677,4.0,4.0
2025-07-25T08:16:49.337177,ADA-USDT,0.8001,0.801,12.0,666.0
2025-07-25T08:16:49.348094,A-USDT,0.5424,0.5677,4.0,4.0
2025-07-25T08:16:49.396050,AAVE-USDT,286.96,287.47,587.0,1.0
2025-07-25T08:16:49.403063,AAVE-USDT,287.38,287.47,166.0,1.0
2025-07-25T08:16:49.585897,ADA-USDT,0.8001,0.801,22.0,666.0
2025-07-25T08:16:49.593205,ADA-USDT,0.8002,0.801,12.0,666.0
2025-07-25T08:16:49.747965,ADA-USDT,0.8002,0.8011,12.0,12.0
2025-07-25T08:16:49.750201,ADA-USDT,0.8002,0.8012,12.0,335.0
2025-07-25T08:16:49.765032,ADA-USDT,0.8002,0.8012,12.0,324.0
2025-07-25T08:16:49.879041,AAVE-USDT,287.38,287.57,166.0,1.0
2025-07-25T08:16:49.920860,ADA-USDT,0.8002,0.8011,12.0,666.0
2025-07-25T08:16:50.960799,ADA-USDT,0.8002,0.8012,12.0,336.0
2025-07-25T08:16:51.138255,ADA-USDT,0.8002,0.8011,12.0,666.0
2025-07-25T08:16:51.240637,AAVE-USDT,287.38,287.62,166.0,1.0
2025-07-25T08:16:51.600491,A-USDT,0.5426,0.5677,4.0,4.0
2025-07-25T08:16:51.601272,A-USDT,0.5426,0.5679,4.0,4.0
2025-07-25T08:16:52.527362,ADA-USDT,0.8002,0.8013,12.0,1080.0
2025-07-25T08:16:52.528378,AAVE-USDT,287.38,287.61,166.0,1.0
2025-07-25T08:16:52.539522,ADA-USDT,0.8002,0.8013,12.0,1058.0
2025-07-25T08:16:52.607542,ADA-USDT,0.8002,0.8014,12.0,11.0
2025-07-25T08:16:52.626375,ADA-USDT,0.8002,0.8012,12.0,666.0
2025-07-25T08:16:52.843928,ADA-USDT,0.8002,0.8014,12.0,11.0
2025-07-25T08:16:52.945717,ADA-USDT,0.8002,0.8013,12.0,666.0
2025-07-25T08:16:53.829960,AAVE-USDT,287.38,287.67,166.0,1.0
2025-07-25T08:16:54.528297,ADA-USDT,0.8002,0.8013,22.0,666.0
2025-07-25T08:16:54.534132,ADA-USDT,0.8003,0.8013,12.0,666.0
2025-07-25T08:16:54.539646,ADA-USDT,0.8003,0.8013,22.0,666.0
2025-07-25T08:16:54.544338,ADA-USDT,0.8004,0.8013,12.0,666.0
2025-07-25T08:16:54.608573,ADA-USDT,0.8009,0.8013,22.0,666.0
2025-07-25T08:16:54.612461,ADA-USDT,0.801,0.8013,12.0,666.0
2025-07-25T08:16:54.788170,ADA-USDT,0.8012,0.8013,22.0,666.0
2025-07-25T08:16:56.260891,ADA-USDT,0.8012,0.8014,22.0,12.0
2025-07-25T08:16:56.266577,ADA-USDT,0.8012,0.8015,22.0,939.0
2025-07-25T08:16:56.363108,ADA-USDT,0.8012,0.8013,22.0,665.0
2025-07-25T08:16:56.594948,ADA-USDT,0.8012,0.8013,34.0,665.0
2025-07-25T08:16:56.643832,ADA-USDT,0.8012,0.8015,34.0,928.0
2025-07-25T08:16:56.653217,ADA-USDT,0.8012,0.8015,34.0,906.0
2025-07-25T08:16:56.655216,ADA-USDT,0.8012,0.8016,34.0,2352.0
2025-07-25T08:16:56.671344,ADA-USDT,0.8012,0.8016,34.0,11.0
2025-07-25T08:16:56.673051,ADA-USDT,0.8012,0.8015,34.0,28.0
2025-07-25T08:16:56.673088,ADA-USDT,0.8012,0.8015,34.0,566.0
2025-07-25T08:16:56.675807,ADA-USDT,0.8012,0.8016,34.0,11.0
2025-07-25T08:16:56.676685,ADA-USDT,0.8012,0.8016,22.0,11.0
2025-07-25T08:16:56.724163,ADA-USDT,0.8012,0.8016,34.0,11.0
2025-07-25T08:16:56.813119,ADA-USDT,0.8012,0.8015,34.0,665.0
2025-07-25T08:16:56.818604,ADA-USDT,0.8012,0.8015,22.0,665.0
2025-07-25T08:16:56.847388,ADA-USDT,0.8012,0.8015,34.0,665.0
2025-07-25T08:16:57.087224,ADA-USDT,0.8012,0.8015,22.0,665.0
2025-07-25T08:16:57.323477,ADA-USDT,0.8012,0.8015,34.0,665.0
2025-07-25T08:16:57.340348,ADA-USDT,0.8013,0.8015,12.0,665.0
2025-07-25T08:16:57.376714,ADA-USDT,0.8013,0.8018,12.0,12.0
2025-07-25T08:16:57.488908,ADA-USDT,0.8013,0.8019,12.0,139.0
2025-07-25T08:16:57.513088,ADA-USDT,0.8013,0.8019,12.0,12.0
2025-07-25T08:16:57.515025,ADA-USDT,0.8013,0.8015,12.0,665.0
2025-07-25T08:16:57.588128,AAVE-USDT,287.38,287.76,166.0,1.0
2025-07-25T08:16:57.646297,ADA-USDT,0.8013,0.8019,12.0,12.0
2025-07-25T08:16:57.748636,ADA-USDT,0.8013,0.8016,12.0,665.0
2025-07-25T08:16:57.982970,A-USDT,0.5604,0.5679,1553.0,4.0
2025-07-25T08:16:58.191500,A-USDT,0.5426,0.5679,4.0,4.0
2025-07-25T08:16:58.984597,ADA-USDT,0.8012,0.8016,34.0,665.0
2025-07-25T08:16:59.095557,ADA-USDT,0.8012,0.8016,56.0,665.0
2025-07-25T08:16:59.125532,A-USDT,0.5428,0.5679,4.0,4.0
2025-07-25T08:16:59.229842,A-USDT,0.5428,0.5681,4.0,4.0
2025-07-25T08:16:59.368812,ADA-USDT,0.8012,0.8016,44.0,665.0
2025-07-25T08:16:59.375054,ADA-USDT,0.8012,0.8015,44.0,28.0
2025-07-25T08:16:59.375126,ADA-USDT,0.8012,0.8015,44.0,188.0
2025-07-25T08:16:59.501599,ADA-USDT,0.8012,0.8015,55.0,188.0
2025-07-25T08:16:59.544467,ADA-USDT,0.8012,0.8015,33.0,188.0
2025-07-25T08:16:59.544505,ADA-USDT,0.8012,0.8016,33.0,665.0
2025-07-25T08:16:59.545329,ADA-USDT,0.8013,0.8016,11.0,665.0
2025-07-25T08:16:59.745179,ADA-USDT,0.8013,0.8019,11.0,12.0
2025-07-25T08:16:59.844126,ADA-USDT,0.8013,0.8016,11.0,665.0
2025-07-25T08:17:00.190571,AAVE-USDT,287.38,287.73,166.0,1.0
2025-07-25T08:17:00.191660,ADA-USDT,0.8012,0.8016,33.0,665.0
2025-07-25T08:17:00.348598,ADA-USDT,0.8012,0.8016,55.0,665.0
2025-07-25T08:17:00.564258,ADA-USDT,0.8012,0.8016,44.0,665.0
2025-07-25T08:17:00.583546,ADA-USDT,0.8012,0.8015,44.0,28.0
2025-07-25T08:17:00.583585,ADA-USDT,0.8012,0.8015,44.0,200.0
2025-07-25T08:17:00.942169,ADA-USDT,0.8012,0.8016,44.0,665.0
2025-07-25T08:17:00.963579,ADA-USDT,0.8012,0.8016,55.0,665.0
2025-07-25T08:17:00.987981,A-USDT,0.5428,0.568,4.0,4.0
2025-07-25T08:17:01.000012,A-USDT,0.5427,0.568,4.0,4.0
2025-07-25T08:17:01.016212,ADA-USDT,0.8013,0.8016,11.0,665.0
2025-07-25T08:17:01.139387,ADA-USDT,0.8012,0.8016,33.0,665.0
2025-07-25T08:17:01.172873,ADA-USDT,0.8012,0.8016,22.0,665.0
2025-07-25T08:17:01.223902,ADA-USDT,0.8012,0.8016,33.0,665.0
2025-07-25T08:17:01.300503,ADA-USDT,0.8012,0.8016,55.0,665.0
2025-07-25T08:17:01.471068,ADA-USDT,0.8013,0.8016,11.0,665.0
2025-07-25T08:17:01.486629,AAVE-USDT,287.38,287.66,166.0,1.0
2025-07-25T08:17:01.698281,ADA-USDT,0.8013,0.8016,11.0,643.0
2025-07-25T08:17:01.780362,ADA-USDT,0.8013,0.8016,33.0,643.0
2025-07-25T08:17:01.786113,ADA-USDT,0.8014,0.8016,11.0,643.0
2025-07-25T08:17:01.943553,ADA-USDT,0.8014,0.8019,11.0,12.0
2025-07-25T08:17:01.987246,ADA-USDT,0.8013,0.8019,11.0,12.0
2025-07-25T08:17:02.047016,ADA-USDT,0.8013,0.8018,11.0,665.0
2025-07-25T08:17:02.229236,ADA-USDT,0.8013,0.8018,33.0,665.0
2025-07-25T08:17:02.238594,ADA-USDT,0.8014,0.8018,11.0,665.0
2025-07-25T08:17:02.264053,ADA-USDT,0.8014,0.8018,33.0,665.0
2025-07-25T08:17:02.264106,ADA-USDT,0.8015,0.8018,11.0,665.0
2025-07-25T08:17:02.467459,ADA-USDT,0.8014,0.8018,11.0,665.0
2025-07-25T08:17:02.472893,ADA-USDT,0.8013,0.8018,11.0,665.0
2025-07-25T08:17:02.707043,ADA-USDT,0.8013,0.8018,33.0,665.0
2025-07-25T08:17:02.713732,ADA-USDT,0.8014,0.8018,11.0,665.0
2025-07-25T08:17:02.734988,ADA-USDT,0.8014,0.8018,33.0,665.0
2025-07-25T08:17:02.878400,ADA-USDT,0.8014,0.8017,33.0,28.0
2025-07-25T08:17:02.879752,ADA-USDT,0.8014,0.8017,33.0,118.0
2025-07-25T08:17:02.905699,AAVE-USDT,287.38,287.74,166.0,1.0
2025-07-25T08:17:02.943810,ADA-USDT,0.8014,0.8018,33.0,665.0
2025-07-25T08:17:03.039153,ADA-USDT,0.8014,0.8018,22.0,665.0
2025-07-25T08:17:03.064155,ADA-USDT,0.8014,0.8017,22.0,28.0
2025-07-25T08:17:03.064193,ADA-USDT,0.8014,0.8017,22.0,180.0
2025-07-25T08:17:03.064222,ADA-USDT,0.8014,0.8017,22.0,191.0
2025-07-25T08:17:03.092613,A-USDT,0.5428,0.568,4.0,4.0
2025-07-25T08:17:03.142250,A-USDT,0.5428,0.5681,4.0,4.0
2025-07-25T08:17:03.187557,ADA-USDT,0.8013,0.8017,11.0,191.0
2025-07-25T08:17:03.192000,ADA-USDT,0.8013,0.8017,11.0,180.0
2025-07-25T08:17:03.215202,ADA-USDT,0.8013,0.8017,33.0,180.0
2025-07-25T08:17:03.249174,ADA-USDT,0.8014,0.8017,11.0,180.0
2025-07-25T08:17:03.292844,ADA-USDT,0.8014,0.8018,11.0,665.0
2025-07-25T08:17:03.307997,ADA-USDT,0.8013,0.8018,33.0,665.0
2025-07-25T08:17:03.311923,ADA-USDT,0.8013,0.8017,33.0,172.0
2025-07-25T08:17:03.312213,ADA-USDT,0.8013,0.8017,33.0,200.0
2025-07-25T08:17:04.102663,ADA-USDT,0.8014,0.8017,11.0,200.0
2025-07-25T08:17:04.121439,ADA-USDT,0.8014,0.8018,11.0,665.0
2025-07-25T08:17:04.170125,AAVE-USDT,287.38,287.73,166.0,1.0
2025-07-25T08:17:04.187803,ADA-USDT,0.8013,0.8018,11.0,665.0
2025-07-25T08:17:04.188224,ADA-USDT,0.8014,0.8018,22.0,665.0
2025-07-25T08:17:04.210081,ADA-USDT,0.8014,0.8017,22.0,172.0
2025-07-25T08:17:04.210129,ADA-USDT,0.8014,0.8017,22.0,200.0
2025-07-25T08:17:04.261985,ADA-USDT,0.8014,0.8019,22.0,12.0
2025-07-25T08:17:04.270025,ADA-USDT,0.8014,0.8015,22.0,665.0
2025-07-25T08:17:04.294583,ADA-USDT,0.8014,0.8015,9.0,665.0
2025-07-25T08:17:04.296584,ADA-USDT,0.8012,0.8015,22.0,665.0
2025-07-25T08:17:04.502981,ADA-USDT,0.8012,0.8014,22.0,28.0
2025-07-25T08:17:04.503017,ADA-USDT,0.8012,0.8014,22.0,200.0
2025-07-25T08:17:04.507492,ADA-USDT,0.8012,0.8014,22.0,211.0
2025-07-25T08:17:04.527457,ADA-USDT,0.8005,0.8014,10.0,211.0
2025-07-25T08:17:04.532870,ADA-USDT,0.8006,0.8014,11.0,211.0
2025-07-25T08:17:04.552534,ADA-USDT,0.8006,0.8014,11.0,11.0
2025-07-25T08:17:04.554638,ADA-USDT,0.8006,0.8012,11.0,665.0
2025-07-25T08:17:04.702284,ADA-USDT,0.8008,0.8012,22.0,665.0
2025-07-25T08:17:04.719971,ADA-USDT,0.8008,0.8012,33.0,665.0
2025-07-25T08:17:04.725503,ADA-USDT,0.8008,0.8011,33.0,28.0
2025-07-25T08:17:04.726853,ADA-USDT,0.8008,0.8011,33.0,200.0
2025-07-25T08:17:04.731335,ADA-USDT,0.8008,0.8011,22.0,200.0
2025-07-25T08:17:04.857105,ADA-USDT,0.8008,0.8011,33.0,200.0
2025-07-25T08:17:04.904770,ADA-USDT,0.8008,0.8011,11.0,200.0
2025-07-25T08:17:05.007201,ADA-USDT,0.801,0.8011,22.0,200.0
2025-07-25T08:17:05.013240,ADA-USDT,0.801,0.8012,22.0,665.0
2025-07-25T08:17:05.344876,ADA-USDT,0.801,0.8019,22.0,12.0
2025-07-25T08:17:05.394863,ADA-USDT,0.801,0.8019,33.0,12.0
2025-07-25T08:17:05.402162,ADA-USDT,0.801,0.8019,22.0,12.0
2025-07-25T08:17:05.445528,ADA-USDT,0.801,0.8011,22.0,665.0
2025-07-25T08:17:05.565371,AAVE-USDT,287.38,287.71,166.0,1.0
2025-07-25T08:17:06.691665,ADA-USDT,0.8006,0.8011,11.0,665.0
2025-07-25T08:17:06.794257,ADA-USDT,0.8007,0.8011,22.0,665.0
2025-07-25T08:17:06.800080,ADA-USDT,0.8007,0.8011,33.0,665.0
2025-07-25T08:17:06.824459,A-USDT,0.5428,0.568,4.0,4.0
2025-07-25T08:17:06.902607,AAVE-USDT,287.38,287.68,166.0,1.0
2025-07-25T08:17:06.943771,ADA-USDT,0.8007,0.8011,55.0,665.0
2025-07-25T08:17:07.088505,ADA-USDT,0.8007,0.8011,44.0,665.0
2025-07-25T08:17:07.148428,ADA-USDT,0.8007,0.8011,22.0,665.0
2025-07-25T08:17:07.152919,ADA-USDT,0.8007,0.801,22.0,117.0
2025-07-25T08:17:07.152978,ADA-USDT,0.8007,0.801,22.0,145.0
2025-07-25T08:17:07.160886,ADA-USDT,0.8007,0.801,22.0,156.0
2025-07-25T08:17:07.163962,ADA-USDT,0.8009,0.801,22.0,156.0
2025-07-25T08:17:07.169459,ADA-USDT,0.8009,0.801,22.0,11.0
2025-07-25T08:17:07.218520,ADA-USDT,0.8009,0.8011,22.0,665.0
2025-07-25T08:17:07.646986,ADA-USDT,0.8009,0.8019,22.0,22.0
2025-07-25T08:17:07.678847,ADA-USDT,0.8009,0.8019,33.0,22.0
2025-07-25T08:17:07.748098,ADA-USDT,0.8009,0.8012,33.0,664.0
2025-07-25T08:17:07.755100,ADA-USDT,0.8009,0.8012,22.0,664.0
2025-07-25T08:17:07.895591,ADA-USDT,0.8009,0.8012,33.0,664.0
2025-07-25T08:17:08.089629,ADA-USDT,0.801,0.8012,11.0,664.0
2025-07-25T08:17:08.090576,ADA-USDT,0.801,0.8012,11.0,642.0
2025-07-25T08:17:08.447009,ADA-USDT,0.801,0.8019,11.0,22.0
2025-07-25T08:17:08.546037,ADA-USDT,0.801,0.8014,11.0,664.0
2025-07-25T08:17:08.562351,ADA-USDT,0.801,0.8014,11.0,642.0
2025-07-25T08:17:08.842098,A-USDT,0.5427,0.568,4.0,4.0
2025-07-25T08:17:08.843734,ADA-USDT,0.801,0.8019,11.0,22.0
2025-07-25T08:17:08.949523,ADA-USDT,0.801,0.8014,11.0,664.0
2025-07-25T08:17:09.017403,ADA-USDT,0.801,0.8014,33.0,664.0
2025-07-25T08:17:09.025942,ADA-USDT,0.8011,0.8014,11.0,664.0
2025-07-25T08:17:09.220197,ADA-USDT,0.801,0.8014,11.0,664.0
2025-07-25T08:17:09.336206,AAVE-USDT,287.31,287.68,587.0,1.0
2025-07-25T08:17:09.340695,AAVE-USDT,287.53,287.68,166.0,1.0
2025-07-25T08:17:09.495347,ADA-USDT,0.801,0.8014,33.0,664.0
2025-07-25T08:17:09.501921,ADA-USDT,0.8011,0.8014,11.0,664.0
2025-07-25T08:17:09.574930,AAVE-USDT,287.53,287.71,166.0,1.0
2025-07-25T08:17:09.699813,ADA-USDT,0.801,0.8014,11.0,664.0
2025-07-25T08:17:09.968139,ADA-USDT,0.801,0.8014,33.0,664.0
2025-07-25T08:17:09.974025,ADA-USDT,0.8011,0.8014,11.0,664.0
2025-07-25T08:17:10.014359,ADA-USDT,0.8011,0.8019,11.0,22.0
2025-07-25T08:17:10.177034,ADA-USDT,0.801,0.8019,11.0,22.0
2025-07-25T08:17:10.198779,ADA-USDT,0.8011,0.8019,22.0,22.0
2025-07-25T08:17:10.254933,ADA-USDT,0.8011,0.8017,22.0,664.0
2025-07-25T08:17:10.328021,ADA-USDT,0.8012,0.8017,11.0,664.0
2025-07-25T08:17:10.449225,ADA-USDT,0.8012,0.8016,11.0,28.0
2025-07-25T08:17:10.449264,ADA-USDT,0.8012,0.8016,11.0,109.0
2025-07-25T08:17:10.625696,ADA-USDT,0.8012,0.8017,11.0,664.0
2025-07-25T08:17:10.625733,ADA-USDT,0.8012,0.8016,11.0,11.0
2025-07-25T08:17:10.823186,A-USDT,0.5429,0.568,4.0,4.0
2025-07-25T08:17:10.861759,A-USDT,0.5429,0.5682,4.0,4.0
2025-07-25T08:17:10.875329,ADA-USDT,0.8012,0.8017,11.0,664.0
2025-07-25T08:17:11.154512,ADA-USDT,0.801,0.8017,33.0,664.0
2025-07-25T08:17:11.160298,ADA-USDT,0.801,0.8016,33.0,28.0
2025-07-25T08:17:11.161030,ADA-USDT,0.801,0.8016,33.0,199.0
2025-07-25T08:17:11.166146,ADA-USDT,0.801,0.8016,33.0,210.0
2025-07-25T08:17:11.169651,ADA-USDT,0.8011,0.8016,11.0,210.0
2025-07-25T08:17:11.247326,ADA-USDT,0.801,0.8016,33.0,210.0
2025-07-25T08:17:11.304655,ADA-USDT,0.801,0.8016,22.0,210.0
2025-07-25T08:17:11.336612,ADA-USDT,0.801,0.8016,33.0,210.0
2025-07-25T08:17:11.352350,ADA-USDT,0.8011,0.8016,11.0,210.0
2025-07-25T08:17:11.395964,AAVE-USDT,287.53,287.74,166.0,1.0
2025-07-25T08:17:11.542919,ADA-USDT,0.8011,0.8016,11.0,199.0
2025-07-25T08:17:11.560084,ADA-USDT,0.8011,0.8017,11.0,664.0
2025-07-25T08:17:11.663935,ADA-USDT,0.801,0.8017,11.0,664.0
2025-07-25T08:17:11.931957,ADA-USDT,0.8011,0.8017,22.0,664.0
2025-07-25T08:17:11.933127,ADA-USDT,0.8012,0.8017,22.0,664.0
2025-07-25T08:17:11.937433,ADA-USDT,0.8012,0.8017,33.0,664.0
2025-07-25T08:17:12.145958,ADA-USDT,0.8013,0.8017,11.0,664.0
2025-07-25T08:17:12.173869,ADA-USDT,0.8012,0.8017,33.0,664.0
2025-07-25T08:17:12.189474,ADA-USDT,0.8013,0.8017,11.0,664.0
2025-07-25T08:17:12.336183,ADA-USDT,0.8012,0.8017,33.0,664.0
2025-07-25T08:17:12.343004,ADA-USDT,0.8012,0.8016,33.0,133.0
2025-07-25T08:17:12.345943,ADA-USDT,0.8012,0.8016,33.0,161.0
2025-07-25T08:17:12.350076,ADA-USDT,0.8012,0.8016,33.0,172.0
2025-07-25T08:17:12.422109,ADA-USDT,0.8012,0.8016,55.0,172.0
2025-07-25T08:17:12.539643,ADA-USDT,0.8012,0.8016,55.0,11.0
2025-07-25T08:17:12.541999,ADA-USDT,0.8013,0.8016,11.0,11.0
2025-07-25T08:17:12.543351,ADA-USDT,0.8013,0.8017,11.0,664.0
2025-07-25T08:17:12.698875,ADA-USDT,0.8012,0.8017,11.0,664.0
2025-07-25T08:17:12.705261,ADA-USDT,0.801,0.8017,11.0,664.0
2025-07-25T08:17:12.792117,A-USDT,0.5428,0.5682,4.0,4.0
2025-07-25T08:17:12.804206,A-USDT,0.5428,0.5681,4.0,4.0
2025-07-25T08:17:12.855240,AAVE-USDT,287.53,287.71,166.0,1.0
2025-07-25T08:17:12.898063,ADA-USDT,0.8012,0.8017,22.0,664.0
2025-07-25T08:17:12.904017,ADA-USDT,0.8012,0.8017,33.0,664.0
2025-07-25T08:17:12.906944,ADA-USDT,0.8012,0.8017,55.0,664.0
2025-07-25T08:17:12.914834,ADA-USDT,0.8013,0.8017,11.0,664.0
2025-07-25T08:17:13.030861,ADA-USDT,0.8013,0.8019,11.0,22.0
2025-07-25T08:17:13.030900,ADA-USDT,0.8013,0.8019,11.0,12.0
2025-07-25T08:17:13.125232,ADA-USDT,0.8013,0.8018,11.0,664.0
2025-07-25T08:17:13.377969,ADA-USDT,0.8012,0.8018,55.0,664.0
2025-07-25T08:17:13.648943,ADA-USDT,0.8012,0.8018,44.0,664.0
2025-07-25T08:17:13.651621,ADA-USDT,0.8012,0.8017,44.0,171.0
2025-07-25T08:17:13.651661,ADA-USDT,0.8012,0.8017,44.0,199.0
2025-07-25T08:17:13.810713,ADA-USDT,0.8012,0.8017,32.0,199.0
2025-07-25T08:17:13.818117,ADA-USDT,0.8012,0.8017,28.0,199.0
2025-07-25T08:17:13.818166,ADA-USDT,0.8012,0.8017,18.0,199.0
2025-07-25T08:17:13.818195,ADA-USDT,0.8012,0.8017,16.0,199.0
2025-07-25T08:17:13.818242,ADA-USDT,0.8012,0.8017,11.0,199.0
2025-07-25T08:17:13.818264,ADA-USDT,0.8009,0.8017,22.0,199.0
2025-07-25T08:17:13.920479,ADA-USDT,0.8009,0.8019,22.0,12.0
2025-07-25T08:17:13.922901,ADA-USDT,0.8009,0.8014,22.0,664.0
2025-07-25T08:17:13.932004,ADA-USDT,0.8009,0.8013,22.0,28.0
2025-07-25T08:17:13.932046,ADA-USDT,0.8009,0.8013,22.0,145.0
2025-07-25T08:17:13.933076,ADA-USDT,0.8009,0.8013,22.0,156.0
2025-07-25T08:17:14.316586,AAVE-USDT,287.53,287.72,166.0,1.0
2025-07-25T08:17:15.019366,ADA-USDT,0.8005,0.8013,10.0,156.0
2025-07-25T08:17:15.037109,ADA-USDT,0.8004,0.8013,12.0,156.0
2025-07-25T08:17:15.052652,ADA-USDT,0.8007,0.8013,22.0,156.0
2025-07-25T08:17:15.059161,ADA-USDT,0.8007,0.8013,22.0,11.0
2025-07-25T08:17:15.059451,ADA-USDT,0.8007,0.801,22.0,664.0
2025-07-25T08:17:15.064939,ADA-USDT,0.8007,0.8009,22.0,171.0
2025-07-25T08:17:15.067186,ADA-USDT,0.8007,0.8009,22.0,199.0
2025-07-25T08:17:15.076624,ADA-USDT,0.8002,0.8009,10.0,199.0
2025-07-25T08:17:15.083482,ADA-USDT,0.8002,0.8009,21.0,199.0
2025-07-25T08:17:15.127915,ADA-USDT,0.8005,0.8009,22.0,199.0
2025-07-25T08:17:15.331525,ADA-USDT,0.8002,0.8009,21.0,199.0
2025-07-25T08:17:15.347826,ADA-USDT,0.8003,0.8009,11.0,199.0
2025-07-25T08:17:15.361123,ADA-USDT,0.8003,0.8009,33.0,199.0
2025-07-25T08:17:15.453500,AAVE-USDT,287.53,287.65,166.0,1.0
2025-07-25T08:17:15.488240,ADA-USDT,0.8005,0.8009,22.0,199.0
2025-07-25T08:17:16.344452,ADA-USDT,0.8002,0.8009,21.0,199.0
2025-07-25T08:17:16.344544,ADA-USDT,0.8002,0.8009,10.0,199.0
2025-07-25T08:17:16.499196,ADA-USDT,0.8002,0.801,10.0,11.0
2025-07-25T08:17:16.499243,ADA-USDT,0.8002,0.8006,10.0,664.0
2025-07-25T08:17:16.561965,ADA-USDT,0.8001,0.8006,22.0,664.0
2025-07-25T08:17:16.566147,ADA-USDT,0.8001,0.8006,10.0,664.0
2025-07-25T08:17:16.575966,ADA-USDT,0.8003,0.8006,22.0,664.0
2025-07-25T08:17:16.578060,ADA-USDT,0.8003,0.8005,22.0,77.0
2025-07-25T08:17:16.580167,ADA-USDT,0.8003,0.8005,22.0,105.0
2025-07-25T08:17:16.583494,ADA-USDT,0.8003,0.8005,22.0,116.0
2025-07-25T08:17:16.632870,ADA-USDT,0.8003,0.8005,22.0,197.0
2025-07-25T08:17:16.651524,ADA-USDT,0.8001,0.8005,22.0,197.0
2025-07-25T08:17:16.802516,ADA-USDT,0.8001,0.8005,44.0,197.0
2025-07-25T08:17:16.809420,ADA-USDT,0.8001,0.8005,22.0,197.0
2025-07-25T08:17:16.886858,AAVE-USDT,287.53,287.77,166.0,1.0
2025-07-25T08:17:17.005077,ADA-USDT,0.7998,0.8005,11.0,197.0
2025-07-25T08:17:17.089206,ADA-USDT,0.7998,0.8005,33.0,197.0
2025-07-25T08:17:17.149089,ADA-USDT,0.7998,0.8005,33.0,11.0
2025-07-25T08:17:17.149748,ADA-USDT,0.7998,0.8002,33.0,664.0
2025-07-25T08:17:17.155410,ADA-USDT,0.7999,0.8002,11.0,664.0
2025-07-25T08:17:17.155470,ADA-USDT,0.7998,0.8002,33.0,664.0
2025-07-25T08:17:17.293447,ADA-USDT,0.8,0.8002,22.0,664.0
2025-07-25T08:17:18.396512,ADA-USDT,0.8,0.8002,1.0,664.0
2025-07-25T08:17:18.496419,ADA-USDT,0.7997,0.8002,10.0,664.0
2025-07-25T08:17:18.502574,ADA-USDT,0.7997,0.8001,10.0,28.0
2025-07-25T08:17:18.502612,ADA-USDT,0.7997,0.8001,10.0,154.0
2025-07-25T08:17:18.506943,ADA-USDT,0.7997,0.8001,10.0,165.0
2025-07-25T08:17:18.521517,ADA-USDT,0.7998,0.8001,22.0,165.0
2025-07-25T08:17:18.826939,A-USDT,0.5428,0.568,4.0,4.0
2025-07-25T08:17:18.860361,A-USDT,0.5427,0.568,4.0,4.0
2025-07-25T08:17:19.216492,AAVE-USDT,287.53,287.81,166.0,1.0
2025-07-25T08:17:19.351086,ADA-USDT,0.7998,0.8001,22.0,11.0
2025-07-25T08:17:19.359023,ADA-USDT,0.7998,0.8005,22.0,11.0
2025-07-25T08:17:19.363995,ADA-USDT,0.7998,0.8005,33.0,11.0
2025-07-25T08:17:19.364040,ADA-USDT,0.7999,0.8005,11.0,11.0
2025-07-25T08:17:19.367098,ADA-USDT,0.7998,0.8005,33.0,11.0
2025-07-25T08:17:19.410919,ADA-USDT,0.7999,0.8005,11.0,11.0
2025-07-25T08:17:19.425553,ADA-USDT,0.7998,0.8005,33.0,11.0
2025-07-25T08:17:19.425602,ADA-USDT,0.7999,0.8005,11.0,11.0
2025-07-25T08:17:19.526734,ADA-USDT,0.7999,0.8003,11.0,664.0
2025-07-25T08:17:19.532959,ADA-USDT,0.7998,0.8003,33.0,664.0
2025-07-25T08:17:19.586045,ADA-USDT,0.7999,0.8003,22.0,664.0
2025-07-25T08:17:19.642288,ADA-USDT,0.7999,0.8003,44.0,664.0
2025-07-25T08:17:20.160769,ADA-USDT,0.7999,0.8005,44.0,11.0
2025-07-25T08:17:20.166905,ADA-USDT,0.7999,0.8005,55.0,11.0
2025-07-25T08:17:20.193465,ADA-USDT,0.8,0.8005,11.0,11.0
2025-07-25T08:17:20.250932,ADA-USDT,0.8,0.8009,11.0,10.0
2025-07-25T08:17:20.256470,ADA-USDT,0.8,0.8009,11.0,21.0
2025-07-25T08:17:20.336268,ADA-USDT,0.8,0.8005,11.0,664.0
2025-07-25T08:17:20.568445,AAVE-USDT,287.53,287.89,166.0,1.0
2025-07-25T08:17:20.568465,ADA-USDT,0.8,0.8005,33.0,664.0
2025-07-25T08:17:20.573168,ADA-USDT,0.8001,0.8005,11.0,664.0
2025-07-25T08:17:20.711979,ADA-USDT,0.8,0.8005,33.0,664.0
2025-07-25T08:17:20.734295,ADA-USDT,0.8001,0.8005,11.0,664.0
2025-07-25T08:17:20.787533,ADA-USDT,0.8001,0.8009,11.0,21.0
2025-07-25T08:17:20.886122,ADA-USDT,0.8001,0.8007,11.0,665.0
2025-07-25T08:17:20.958429,ADA-USDT,0.8001,0.8007,11.0,643.0
2025-07-25T08:17:21.530670,ADA-USDT,0.8001,0.8006,11.0,28.0
2025-07-25T08:17:21.530706,ADA-USDT,0.8001,0.8006,11.0,193.0
2025-07-25T08:17:21.532240,ADA-USDT,0.8,0.8006,11.0,193.0
2025-07-25T08:17:21.568718,ADA-USDT,0.8,0.8007,11.0,643.0
2025-07-25T08:17:21.568759,ADA-USDT,0.8,0.8007,33.0,643.0
2025-07-25T08:17:21.574039,ADA-USDT,0.8001,0.8007,11.0,643.0
2025-07-25T08:17:21.586228,ADA-USDT,0.8001,0.8009,11.0,21.0
2025-07-25T08:17:21.713334,ADA-USDT,0.8001,0.8008,11.0,665.0
2025-07-25T08:17:21.718002,ADA-USDT,0.8001,0.8007,11.0,28.0
2025-07-25T08:17:21.718038,ADA-USDT,0.8001,0.8007,11.0,84.0
2025-07-25T08:17:21.722923,ADA-USDT,0.8001,0.8007,11.0,95.0
2025-07-25T08:17:21.739866,ADA-USDT,0.8001,0.8007,11.0,11.0
2025-07-25T08:17:21.925635,ADA-USDT,0.8001,0.8007,11.0,39.0
2025-07-25T08:17:21.925929,ADA-USDT,0.8001,0.8007,11.0,115.0
2025-07-25T08:17:22.053301,AAVE-USDT,287.53,287.79,166.0,1.0
2025-07-25T08:17:22.396128,A-USDT,0.5428,0.568,4.0,4.0
2025-07-25T08:17:22.399671,A-USDT,0.5428,0.5681,4.0,4.0
2025-07-25T08:17:22.630871,ADA-USDT,0.8,0.8007,33.0,115.0
2025-07-25T08:17:22.637146,ADA-USDT,0.8,0.8007,33.0,198.0
2025-07-25T08:17:22.738059,ADA-USDT,0.8001,0.8007,11.0,198.0
2025-07-25T08:17:23.102307,ADA-USDT,0.8,0.8007,33.0,198.0
2025-07-25T08:17:23.124857,AAVE-USDT,287.53,287.84,166.0,1.0
2025-07-25T08:17:23.151601,ADA-USDT,0.8001,0.8007,11.0,198.0
2025-07-25T08:17:24.019950,ADA-USDT,0.8001,0.8007,11.0,11.0
2025-07-25T08:17:24.400869,ADA-USDT,0.8001,0.8007,11.0,183.0
2025-07-25T08:17:24.400933,ADA-USDT,0.8001,0.8007,11.0,211.0
2025-07-25T08:17:24.419303,AAVE-USDT,287.53,287.82,166.0,1.0
2025-07-25T08:17:25.319354,ADA-USDT,0.8,0.8007,33.0,211.0
2025-07-25T08:17:25.688131,ADA-USDT,0.8001,0.8007,11.0,211.0
2025-07-25T08:17:25.731750,AAVE-USDT,287.53,287.79,166.0,1.0
2025-07-25T08:17:25.753538,ADA-USDT,0.8,0.8007,33.0,211.0
2025-07-25T08:17:25.802033,ADA-USDT,0.8,0.8007,22.0,211.0
2025-07-25T08:17:26.947580,ADA-USDT,0.8,0.8007,33.0,211.0
2025-07-25T08:17:26.998996,AAVE-USDT,287.53,287.8,166.0,1.0
2025-07-25T08:17:27.184945,ADA-USDT,0.8001,0.8007,11.0,211.0
2025-07-25T08:17:27.235165,ADA-USDT,0.8001,0.8007,11.0,11.0
2025-07-25T08:17:27.243987,ADA-USDT,0.8001,0.8009,11.0,11.0
2025-07-25T08:17:27.330897,ADA-USDT,0.8001,0.8005,11.0,665.0
2025-07-25T08:17:27.361040,ADA-USDT,0.8,0.8005,11.0,665.0
2025-07-25T08:17:27.361084,ADA-USDT,0.7999,0.8005,11.0,665.0
2025-07-25T08:17:27.410876,ADA-USDT,0.8,0.8005,22.0,665.0
2025-07-25T08:17:27.410941,ADA-USDT,0.8,0.8009,22.0,11.0
2025-07-25T08:17:27.503603,ADA-USDT,0.8,0.8006,22.0,665.0
2025-07-25T08:17:27.512314,ADA-USDT,0.8,0.8006,33.0,665.0
2025-07-25T08:17:27.579469,ADA-USDT,0.8,0.8006,55.0,665.0
2025-07-25T08:17:27.590350,ADA-USDT,0.8001,0.8006,11.0,665.0
2025-07-25T08:17:27.847385,ADA-USDT,0.8,0.8006,11.0,665.0
2025-07-25T08:17:27.858032,ADA-USDT,0.8,0.8009,11.0,11.0
2025-07-25T08:17:27.858104,ADA-USDT,0.7999,0.8009,11.0,11.0
2025-07-25T08:17:27.924165,ADA-USDT,0.8,0.8009,22.0,11.0
2025-07-25T08:17:27.950571,ADA-USDT,0.8,0.8007,22.0,665.0
2025-07-25T08:17:28.075367,ADA-USDT,0.8001,0.8007,22.0,665.0
2025-07-25T08:17:28.075404,ADA-USDT,0.8001,0.8006,22.0,28.0
2025-07-25T08:17:28.075433,ADA-USDT,0.8001,0.8006,22.0,140.0
2025-07-25T08:17:28.081640,ADA-USDT,0.8001,0.8006,22.0,152.0
2025-07-25T08:17:28.265906,ADA-USDT,0.7999,0.8006,11.0,152.0
2025-07-25T08:17:28.394905,AAVE-USDT,287.53,287.87,166.0,1.0
2025-07-25T08:17:28.426712,ADA-USDT,0.7999,0.8006,33.0,152.0
2025-07-25T08:17:28.477673,ADA-USDT,0.8,0.8006,12.0,152.0
2025-07-25T08:17:28.581639,ADA-USDT,0.8,0.8006,12.0,12.0
2025-07-25T08:17:28.592850,ADA-USDT,0.8,0.8009,12.0,11.0
2025-07-25T08:17:28.643439,ADA-USDT,0.7999,0.8009,11.0,11.0
2025-07-25T08:17:28.677029,ADA-USDT,0.7999,0.8005,11.0,665.0
2025-07-25T08:17:28.700773,ADA-USDT,0.7999,0.8005,33.0,665.0
2025-07-25T08:17:28.703691,ADA-USDT,0.8,0.8005,12.0,665.0
2025-07-25T08:17:28.795491,ADA-USDT,0.8,0.8005,34.0,665.0
2025-07-25T08:17:28.803089,ADA-USDT,0.8001,0.8005,12.0,665.0
2025-07-25T08:17:29.412883,ADA-USDT,0.8001,0.8009,12.0,11.0
2025-07-25T08:17:29.447858,ADA-USDT,0.8001,0.801,12.0,317.0
2025-07-25T08:17:29.495833,ADA-USDT,0.8,0.801,34.0,317.0
2025-07-25T08:17:29.508527,ADA-USDT,0.8001,0.801,12.0,317.0
2025-07-25T08:17:29.524613,ADA-USDT,0.8,0.801,34.0,317.0
2025-07-25T08:17:29.592612,ADA-USDT,0.8,0.8007,34.0,665.0
2025-07-25T08:17:29.598440,ADA-USDT,0.8,0.8006,34.0,28.0
2025-07-25T08:17:29.598479,ADA-USDT,0.8,0.8006,34.0,200.0
2025-07-25T08:17:29.604356,ADA-USDT,0.8,0.8006,34.0,212.0
2025-07-25T08:17:29.665067,ADA-USDT,0.8001,0.8006,12.0,212.0
2025-07-25T08:17:29.746984,AAVE-USDT,287.53,287.93,166.0,1.0
2025-07-25T08:17:29.856198,ADA-USDT,0.8001,0.8006,12.0,12.0
2025-07-25T08:17:29.901224,ADA-USDT,0.8001,0.8006,12.0,40.0
2025-07-25T08:17:29.901494,ADA-USDT,0.8001,0.8006,12.0,212.0
2025-07-25T08:17:30.174925,ADA-USDT,0.8001,0.8006,34.0,212.0
2025-07-25T08:17:30.584872,A-USDT,0.5431,0.5681,4.0,4.0
2025-07-25T08:17:30.599044,A-USDT,0.5431,0.5684,4.0,4.0
2025-07-25T08:17:30.671719,ADA-USDT,0.8001,0.8006,34.0,12.0
2025-07-25T08:17:30.674987,ADA-USDT,0.8002,0.8006,12.0,12.0
2025-07-25T08:17:30.993342,ADA-USDT,0.8001,0.8006,34.0,12.0
2025-07-25T08:17:31.040223,ADA-USDT,0.8002,0.8006,22.0,12.0
2025-07-25T08:17:31.066940,ADA-USDT,0.8002,0.8006,34.0,12.0
2025-07-25T08:17:31.186641,AAVE-USDT,287.53,287.95,166.0,1.0
2025-07-25T08:17:31.556262,ADA-USDT,0.8002,0.8006,22.0,12.0
2025-07-25T08:17:31.679696,ADA-USDT,0.8002,0.8006,22.0,40.0
2025-07-25T08:17:31.679734,ADA-USDT,0.8002,0.8006,22.0,212.0
2025-07-25T08:17:31.996475,ADA-USDT,0.7999,0.8006,11.0,212.0
2025-07-25T08:17:32.157535,ADA-USDT,0.8,0.8006,22.0,212.0
2025-07-25T08:17:32.166730,ADA-USDT,0.8,0.8006,34.0,212.0
2025-07-25T08:17:32.208438,ADA-USDT,0.8001,0.8006,12.0,212.0
2025-07-25T08:17:32.253324,AAVE-USDT,287.31,287.95,587.0,1.0
2025-07-25T08:17:32.259432,AAVE-USDT,287.72,287.95,166.0,1.0
2025-07-25T08:17:32.368317,ADA-USDT,0.8,0.8006,12.0,212.0
2025-07-25T08:17:32.374859,ADA-USDT,0.7999,0.8006,11.0,212.0
2025-07-25T08:17:32.530403,ADA-USDT,0.8001,0.8006,22.0,212.0
2025-07-25T08:17:32.536490,ADA-USDT,0.8001,0.8006,34.0,212.0
2025-07-25T08:17:32.636696,ADA-USDT,0.8001,0.8006,56.0,212.0
2025-07-25T08:17:32.729819,AAVE-USDT,287.72,287.98,166.0,1.0
2025-07-25T08:17:33.348022,ADA-USDT,0.8001,0.8006,44.0,212.0
2025-07-25T08:17:33.737028,ADA-USDT,0.8001,0.8006,22.0,212.0
2025-07-25T08:17:33.841457,ADA-USDT,0.7998,0.8006,33.0,212.0
2025-07-25T08:17:33.865636,ADA-USDT,0.8,0.8006,22.0,212.0
2025-07-25T08:17:33.962816,ADA-USDT,0.8,0.8006,34.0,212.0
2025-07-25T08:17:34.014520,ADA-USDT,0.8,0.8006,56.0,212.0
2025-07-25T08:17:34.144342,ADA-USDT,0.8001,0.8006,12.0,212.0
2025-07-25T08:17:34.149158,ADA-USDT,0.8,0.8006,56.0,212.0
2025-07-25T08:17:34.429719,ADA-USDT,0.8,0.8006,44.0,212.0
2025-07-25T08:17:34.491097,ADA-USDT,0.8,0.8006,56.0,212.0
2025-07-25T08:17:34.579473,ADA-USDT,0.8001,0.8006,12.0,212.0
2025-07-25T08:17:34.635615,ADA-USDT,0.8,0.8006,56.0,212.0
2025-07-25T08:17:35.259980,AAVE-USDT,287.72,288.0,166.0,1.0
2025-07-25T08:17:35.505506,ADA-USDT,0.8001,0.8006,12.0,212.0
2025-07-25T08:17:35.835771,ADA-USDT,0.8,0.8006,34.0,212.0
2025-07-25T08:17:35.855327,ADA-USDT,0.8001,0.8006,22.0,212.0
2025-07-25T08:17:36.053140,ADA-USDT,0.8,0.8006,34.0,212.0
2025-07-25T08:17:36.077591,ADA-USDT,0.8,0.8006,56.0,212.0
2025-07-25T08:17:36.326070,A-USDT,0.5431,0.5685,4.0,4.0
2025-07-25T08:17:36.374589,A-USDT,0.5432,0.5685,4.0,4.0
2025-07-25T08:17:36.496769,AAVE-USDT,287.72,288.04,166.0,1.0
2025-07-25T08:17:36.806172,ADA-USDT,0.8001,0.8006,12.0,212.0
2025-07-25T08:17:37.031399,ADA-USDT,0.8,0.8006,34.0,212.0
2025-07-25T08:17:37.035176,ADA-USDT,0.8,0.8006,22.0,212.0
2025-07-25T08:17:37.054355,ADA-USDT,0.8,0.8006,34.0,212.0
2025-07-25T08:17:37.103098,ADA-USDT,0.8,0.8006,22.0,212.0
2025-07-25T08:17:37.298278,ADA-USDT,0.8,0.8006,44.0,212.0
2025-07-25T08:17:37.481562,ADA-USDT,0.8,0.8006,22.0,212.0
2025-07-25T08:17:37.500950,ADA-USDT,0.7998,0.8006,33.0,212.0
2025-07-25T08:17:37.517253,ADA-USDT,0.7999,0.8006,12.0,212.0
2025-07-25T08:17:37.527932,ADA-USDT,0.7999,0.8006,34.0,212.0
2025-07-25T08:17:37.763275,ADA-USDT,0.7999,0.8006,56.0,212.0
2025-07-25T08:17:37.897154,ADA-USDT,0.8,0.8006,12.0,212.0
2025-07-25T08:17:38.074750,ADA-USDT,0.7999,0.8006,12.0,212.0
2025-07-25T08:17:38.243312,ADA-USDT,0.8001,0.8006,22.0,212.0
2025-07-25T08:17:38.313521,ADA-USDT,0.8001,0.8006,22.0,12.0
2025-07-25T08:17:38.319016,ADA-USDT,0.8001,0.8008,22.0,12.0
2025-07-25T08:17:38.326850,ADA-USDT,0.8001,0.8008,34.0,12.0
2025-07-25T08:17:38.409287,ADA-USDT,0.8001,0.8005,34.0,665.0
2025-07-25T08:17:38.414588,ADA-USDT,0.8001,0.8005,22.0,665.0
2025-07-25T08:17:38.444565,ADA-USDT,0.8,0.8005,22.0,665.0
2025-07-25T08:17:38.449228,ADA-USDT,0.8,0.8005,34.0,665.0
2025-07-25T08:17:38.462192,ADA-USDT,0.8001,0.8005,12.0,665.0
2025-07-25T08:17:38.626108,ADA-USDT,0.8,0.8005,12.0,665.0
2025-07-25T08:17:38.626540,ADA-USDT,0.7999,0.8005,12.0,665.0
2025-07-25T08:17:38.746607,ADA-USDT,0.8,0.8005,22.0,665.0
2025-07-25T08:17:38.777947,ADA-USDT,0.8001,0.8005,12.0,665.0
2025-07-25T08:17:38.946515,ADA-USDT,0.8001,0.8008,12.0,12.0
2025-07-25T08:17:39.023278,ADA-USDT,0.8001,0.8008,34.0,12.0
2025-07-25T08:17:39.023319,ADA-USDT,0.8002,0.8008,12.0,12.0
2025-07-25T08:17:39.053529,ADA-USDT,0.8002,0.8006,12.0,665.0
2025-07-25T08:17:39.223886,ADA-USDT,0.8002,0.8006,34.0,665.0
2025-07-25T08:17:39.228652,ADA-USDT,0.8003,0.8006,12.0,665.0
2025-07-25T08:17:39.302403,ADA-USDT,0.8004,0.8006,22.0,665.0
2025-07-25T08:17:39.476457,AAVE-USDT,287.72,288.05,166.0,1.0
2025-07-25T08:17:39.960829,A-USDT,0.5434,0.5685,4.0,4.0
2025-07-25T08:17:39.963481,A-USDT,0.5434,0.5687,4.0,4.0
2025-07-25T08:17:40.347969,ADA-USDT,0.8005,0.8006,12.0,665.0
2025-07-25T08:17:40.359668,ADA-USDT,0.8005,0.8006,12.0,631.0
2025-07-25T08:17:40.370210,ADA-USDT,0.8005,0.801,12.0,317.0
2025-07-25T08:17:40.371412,ADA-USDT,0.8005,0.801,12.0,610.0
2025-07-25T08:17:40.371449,ADA-USDT,0.8005,0.801,12.0,293.0
2025-07-25T08:17:40.382495,AAVE-USDT,287.65,288.05,586.0,1.0
2025-07-25T08:17:40.409075,AAVE-USDT,287.89,288.05,165.0,1.0
2025-07-25T08:17:40.450526,ADA-USDT,0.8005,0.801,12.0,321.0
2025-07-25T08:17:40.508136,ADA-USDT,0.8005,0.801,34.0,321.0
2025-07-25T08:17:40.597189,AAVE-USDT,287.89,288.09,165.0,1.0
2025-07-25T08:17:40.620292,ADA-USDT,0.8005,0.8009,34.0,665.0
2025-07-25T08:17:40.946925,ADA-USDT,0.8005,0.8009,56.0,665.0
2025-07-25T08:17:41.124897,ADA-USDT,0.8005,0.8009,44.0,665.0
2025-07-25T08:17:41.183321,ADA-USDT,0.8005,0.8009,56.0,665.0
2025-07-25T08:17:41.786244,ADA-USDT,0.8005,0.8009,44.0,665.0
2025-07-25T08:17:41.920900,AAVE-USDT,287.89,288.18,165.0,1.0
2025-07-25T08:17:41.972895,ADA-USDT,0.8005,0.8009,56.0,665.0
2025-07-25T08:17:42.227809,A-USDT,0.5435,0.5687,4.0,4.0
2025-07-25T08:17:42.273033,A-USDT,0.5435,0.5688,4.0,4.0
2025-07-25T08:17:42.323751,ADA-USDT,0.8005,0.8009,44.0,665.0
2025-07-25T08:17:42.353705,ADA-USDT,0.8005,0.8009,56.0,665.0
2025-07-25T08:17:42.380677,ADA-USDT,0.8006,0.8009,12.0,665.0
2025-07-25T08:17:42.578578,ADA-USDT,0.8005,0.8009,34.0,665.0
2025-07-25T08:17:42.740680,ADA-USDT,0.8005,0.8009,56.0,665.0
2025-07-25T08:17:43.383586,AAVE-USDT,287.89,288.2,165.0,1.0
2025-07-25T08:17:44.396839,ADA-USDT,0.8005,0.8009,44.0,665.0
2025-07-25T08:17:44.535541,AAVE-USDT,287.89,288.18,165.0,1.0
2025-07-25T08:17:44.704869,ADA-USDT,0.8005,0.8009,22.0,665.0
2025-07-25T08:17:44.709509,ADA-USDT,0.8005,0.8008,22.0,172.0
2025-07-25T08:17:44.709756,ADA-USDT,0.8005,0.8008,22.0,200.0
2025-07-25T08:17:44.945300,ADA-USDT,0.8004,0.8008,22.0,200.0
2025-07-25T08:17:45.367993,ADA-USDT,0.8004,0.8009,22.0,12.0
2025-07-25T08:17:45.368983,ADA-USDT,0.8004,0.8006,22.0,665.0
2025-07-25T08:17:45.731559,ADA-USDT,0.8004,0.8006,44.0,665.0
2025-07-25T08:17:45.745251,ADA-USDT,0.8004,0.8006,56.0,665.0
2025-07-25T08:17:45.745292,ADA-USDT,0.8005,0.8006,12.0,665.0
2025-07-25T08:17:45.783406,ADA-USDT,0.8005,0.8009,12.0,12.0
2025-07-25T08:17:45.807497,ADA-USDT,0.8005,0.801,12.0,257.0
2025-07-25T08:17:45.871508,AAVE-USDT,287.89,288.12,165.0,1.0
2025-07-25T08:17:45.914627,ADA-USDT,0.8005,0.801,12.0,12.0
2025-07-25T08:17:45.997031,ADA-USDT,0.8005,0.8011,12.0,1069.0
2025-07-25T08:17:45.997069,ADA-USDT,0.8005,0.8011,34.0,1069.0
2025-07-25T08:17:46.007507,ADA-USDT,0.8005,0.801,34.0,12.0
2025-07-25T08:17:46.011078,ADA-USDT,0.8005,0.8011,34.0,1059.0
2025-07-25T08:17:46.019381,ADA-USDT,0.8006,0.8011,12.0,1059.0
2025-07-25T08:17:46.048379,ADA-USDT,0.8005,0.8011,34.0,1059.0
2025-07-25T08:17:46.079597,ADA-USDT,0.8005,0.801,34.0,664.0
2025-07-25T08:17:46.085004,ADA-USDT,0.8005,0.801,22.0,664.0
2025-07-25T08:17:46.211595,ADA-USDT,0.8006,0.801,22.0,664.0
2025-07-25T08:17:46.215479,ADA-USDT,0.8006,0.801,22.0,692.0
2025-07-25T08:17:46.215930,ADA-USDT,0.8006,0.801,22.0,982.0
2025-07-25T08:17:46.337955,ADA-USDT,0.8006,0.801,34.0,982.0
2025-07-25T08:17:46.345860,ADA-USDT,0.8006,0.801,34.0,664.0
2025-07-25T08:17:47.207006,ADA-USDT,0.8006,0.801,22.0,664.0
2025-07-25T08:17:47.807676,ADA-USDT,0.8006,0.801,33.0,664.0
2025-07-25T08:17:47.886357,ADA-USDT,0.8007,0.801,11.0,664.0
2025-07-25T08:17:48.007499,AAVE-USDT,287.89,288.17,165.0,1.0
2025-07-25T08:17:48.046096,ADA-USDT,0.8006,0.801,11.0,664.0
2025-07-25T08:17:48.199758,ADA-USDT,0.8007,0.801,22.0,664.0
2025-07-25T08:17:48.204452,ADA-USDT,0.8007,0.801,33.0,664.0
2025-07-25T08:17:48.214556,ADA-USDT,0.8008,0.801,11.0,664.0
2025-07-25T08:17:48.276957,ADA-USDT,0.8007,0.801,33.0,664.0
2025-07-25T08:17:48.300973,ADA-USDT,0.8007,0.801,22.0,664.0
2025-07-25T08:17:48.528436,ADA-USDT,0.8007,0.801,33.0,664.0
2025-07-25T08:17:48.965158,ADA-USDT,0.8008,0.801,11.0,664.0
2025-07-25T08:17:48.970622,ADA-USDT,0.8007,0.801,33.0,664.0
2025-07-25T08:17:49.295107,AAVE-USDT,287.89,288.19,165.0,1.0
2025-07-25T08:17:49.986630,ADA-USDT,0.8007,0.801,22.0,664.0
2025-07-25T08:17:50.400006,ADA-USDT,0.8004,0.801,34.0,664.0
2025-07-25T08:17:50.422588,ADA-USDT,0.8004,0.8009,34.0,28.0
2025-07-25T08:17:50.422629,ADA-USDT,0.8004,0.8009,34.0,199.0
2025-07-25T08:17:50.422653,ADA-USDT,0.8004,0.8009,34.0,210.0
2025-07-25T08:17:50.431320,ADA-USDT,0.8006,0.8009,22.0,210.0
2025-07-25T08:17:50.476964,AAVE-USDT,287.89,288.18,165.0,1.0
2025-07-25T08:17:50.630641,ADA-USDT,0.8004,0.8009,12.0,210.0
2025-07-25T08:17:50.630678,ADA-USDT,0.8001,0.8009,12.0,210.0
2025-07-25T08:17:50.650778,ADA-USDT,0.8005,0.8009,22.0,210.0
2025-07-25T08:17:50.750337,ADA-USDT,0.8005,0.8009,44.0,210.0
2025-07-25T08:17:50.807614,ADA-USDT,0.8006,0.8009,22.0,210.0
2025-07-25T08:17:50.980929,ADA-USDT,0.8006,0.8009,22.0,11.0
2025-07-25T08:17:51.584401,AAVE-USDT,287.89,288.11,165.0,1.0
2025-07-25T08:17:51.743914,A-USDT,0.5434,0.5688,4.0,4.0
2025-07-25T08:17:51.756332,A-USDT,0.5434,0.5687,4.0,4.0
2025-07-25T08:17:52.734868,AAVE-USDT,287.89,288.1,165.0,1.0
2025-07-25T08:17:53.197158,ADA-USDT,0.8006,0.801,22.0,664.0
2025-07-25T08:17:53.215532,ADA-USDT,0.8006,0.801,33.0,664.0
2025-07-25T08:17:53.632442,ADA-USDT,0.8006,0.801,55.0,664.0
2025-07-25T08:17:53.804832,ADA-USDT,0.8007,0.801,11.0,664.0
2025-07-25T08:17:54.104919,ADA-USDT,0.8007,0.801,33.0,664.0
2025-07-25T08:17:54.178506,ADA-USDT,0.8007,0.801,22.0,664.0
2025-07-25T08:17:54.785409,ADA-USDT,0.8007,0.801,33.0,664.0
2025-07-25T08:17:55.359138,ADA-USDT,0.8007,0.801,22.0,664.0
2025-07-25T08:17:55.943528,ADA-USDT,0.8007,0.801,33.0,664.0
2025-07-25T08:17:56.185476,ADA-USDT,0.8007,0.801,22.0,664.0
2025-07-25T08:17:56.321852,A-USDT,0.5433,0.5687,4.0,4.0
2025-07-25T08:17:56.756861,ADA-USDT,0.8007,0.801,33.0,664.0
2025-07-25T08:17:56.767572,ADA-USDT,0.8007,0.8011,33.0,11.0
2025-07-25T08:17:56.816369,ADA-USDT,0.8007,0.8011,11.0,11.0
2025-07-25T08:17:56.865460,ADA-USDT,0.8007,0.8009,11.0,664.0
2025-07-25T08:17:56.867990,ADA-USDT,0.8006,0.8009,22.0,664.0
2025-07-25T08:17:56.876455,ADA-USDT,0.8006,0.8009,33.0,664.0
2025-07-25T08:17:57.159510,ADA-USDT,0.8007,0.8009,22.0,664.0
2025-07-25T08:17:57.870124,ADA-USDT,0.8006,0.8009,22.0,664.0
2025-07-25T08:17:57.900450,ADA-USDT,0.8006,0.8009,44.0,664.0
2025-07-25T08:17:57.971705,A-USDT,0.5615,0.5687,1552.0,4.0
2025-07-25T08:17:58.100010,ADA-USDT,0.8006,0.8009,22.0,664.0
2025-07-25T08:17:58.127194,AAVE-USDT,287.89,288.11,165.0,1.0
2025-07-25T08:17:58.212649,A-USDT,0.5433,0.5687,4.0,4.0
2025-07-25T08:17:58.382474,A-USDT,0.5434,0.5687,4.0,4.0
2025-07-25T08:17:58.537041,ADA-USDT,0.8006,0.8008,22.0,171.0
2025-07-25T08:17:58.537063,ADA-USDT,0.8006,0.8008,22.0,199.0
2025-07-25T08:17:58.537089,ADA-USDT,0.8002,0.8008,10.0,199.0
2025-07-25T08:17:58.561956,ADA-USDT,0.8002,0.8008,22.0,199.0
2025-07-25T08:17:58.561985,ADA-USDT,0.8002,0.8008,10.0,199.0
2025-07-25T08:17:58.641051,ADA-USDT,0.8005,0.8008,22.0,199.0
2025-07-25T08:17:58.684959,ADA-USDT,0.8005,0.8011,22.0,11.0
2025-07-25T08:17:58.685106,ADA-USDT,0.8005,0.8006,22.0,664.0
2025-07-25T08:17:58.856181,ADA-USDT,0.8002,0.8006,10.0,664.0
2025-07-25T08:17:58.858296,ADA-USDT,0.8002,0.8006,22.0,664.0
2025-07-25T08:17:58.860253,ADA-USDT,0.8002,0.8006,10.0,664.0
2025-07-25T08:17:58.883341,ADA-USDT,0.8003,0.8006,22.0,664.0
2025-07-25T08:17:59.059481,ADA-USDT,0.8003,0.8006,44.0,664.0
2025-07-25T08:17:59.133458,AAVE-USDT,287.65,288.11,586.0,1.0
2025-07-25T08:17:59.301546,AAVE-USDT,287.79,288.11,165.0,1.0
2025-07-25T08:17:59.335338,ADA-USDT,0.8003,0.8006,22.0,664.0
2025-07-25T08:17:59.406588,ADA-USDT,0.8003,0.8006,34.0,664.0
2025-07-25T08:17:59.406658,ADA-USDT,0.8004,0.8006,12.0,664.0
2025-07-25T08:17:59.416847,ADA-USDT,0.8003,0.8006,34.0,664.0
2025-07-25T08:17:59.421473,ADA-USDT,0.8004,0.8006,12.0,664.0
2025-07-25T08:17:59.428459,ADA-USDT,0.8003,0.8006,34.0,664.0
2025-07-25T08:17:59.460636,ADA-USDT,0.8003,0.8011,34.0,11.0
2025-07-25T08:17:59.474073,AAVE-USDT,287.79,288.03,165.0,1.0
2025-07-25T08:17:59.474131,ADA-USDT,0.8004,0.8011,12.0,11.0
2025-07-25T08:17:59.533559,ADA-USDT,0.8003,0.8011,34.0,11.0
2025-07-25T08:17:59.558406,ADA-USDT,0.8003,0.8007,34.0,664.0
2025-07-25T08:17:59.570382,ADA-USDT,0.8003,0.8007,22.0,664.0
2025-07-25T08:17:59.612334,ADA-USDT,0.8003,0.8007,44.0,664.0
2025-07-25T08:17:59.902994,ADA-USDT,0.8003,0.8007,56.0,664.0
2025-07-25T08:17:59.970225,ADA-USDT,0.8004,0.8007,12.0,664.0
2025-07-25T08:18:00.131473,ADA-USDT,0.8003,0.8007,34.0,664.0
2025-07-25T08:18:00.222976,A-USDT,0.5434,0.5686,4.0,4.0
2025-07-25T08:18:00.226716,A-USDT,0.5433,0.5686,4.0,4.0
2025-07-25T08:18:00.281694,ADA-USDT,0.8003,0.8007,56.0,664.0
2025-07-25T08:18:00.294378,ADA-USDT,0.8004,0.8007,12.0,664.0
2025-07-25T08:18:00.341324,ADA-USDT,0.8004,0.8007,34.0,664.0
2025-07-25T08:18:00.422210,ADA-USDT,0.8005,0.8007,12.0,664.0
2025-07-25T08:18:00.543283,ADA-USDT,0.8004,0.8007,12.0,664.0
2025-07-25T08:18:00.731336,AAVE-USDT,287.79,288.13,165.0,1.0
2025-07-25T08:18:00.820453,ADA-USDT,0.8004,0.8007,34.0,664.0
2025-07-25T08:18:00.952122,ADA-USDT,0.8005,0.8007,12.0,664.0
2025-07-25T08:18:01.111374,ADA-USDT,0.8004,0.8007,12.0,664.0
2025-07-25T08:18:01.271298,ADA-USDT,0.8004,0.8007,34.0,664.0
2025-07-25T08:18:01.273952,ADA-USDT,0.8005,0.8007,12.0,664.0
2025-07-25T08:18:01.302637,ADA-USDT,0.8005,0.8007,34.0,664.0
2025-07-25T08:18:01.350921,ADA-USDT,0.8005,0.8007,22.0,664.0
2025-07-25T08:18:01.421328,ADA-USDT,0.8005,0.8007,22.0,642.0
2025-07-25T08:18:01.748172,ADA-USDT,0.8003,0.8007,34.0,642.0
2025-07-25T08:18:01.757375,ADA-USDT,0.8004,0.8007,12.0,642.0
2025-07-25T08:18:01.771937,ADA-USDT,0.8004,0.8007,34.0,642.0
2025-07-25T08:18:01.895427,ADA-USDT,0.8005,0.8007,12.0,642.0
2025-07-25T08:18:02.030108,ADA-USDT,0.8005,0.8011,12.0,11.0
2025-07-25T08:18:02.063125,ADA-USDT,0.8004,0.8011,12.0,11.0
2025-07-25T08:18:02.067480,AAVE-USDT,287.65,288.13,586.0,1.0
2025-07-25T08:18:02.083401,AAVE-USDT,287.65,288.18,586.0,1.0
2025-07-25T08:18:02.084946,AAVE-USDT,287.98,288.18,165.0,1.0
2025-07-25T08:18:02.207065,ADA-USDT,0.8004,0.8012,12.0,649.0
2025-07-25T08:18:02.208011,ADA-USDT,0.8004,0.8008,12.0,664.0
2025-07-25T08:18:02.240269,A-USDT,0.5434,0.5686,4.0,4.0
2025-07-25T08:18:02.250552,A-USDT,0.5434,0.5687,4.0,4.0
2025-07-25T08:18:02.255642,ADA-USDT,0.8005,0.8008,22.0,664.0
2025-07-25T08:18:02.257978,ADA-USDT,0.8006,0.8008,22.0,664.0
2025-07-25T08:18:02.709686,ADA-USDT,0.8004,0.8008,12.0,664.0
2025-07-25T08:18:02.712591,ADA-USDT,0.8003,0.8008,34.0,664.0
2025-07-25T08:18:02.736315,ADA-USDT,0.8004,0.8008,22.0,664.0
2025-07-25T08:18:02.781021,ADA-USDT,0.8004,0.8008,44.0,664.0
2025-07-25T08:18:03.190156,ADA-USDT,0.8004,0.8008,56.0,664.0
2025-07-25T08:18:03.500497,ADA-USDT,0.8005,0.8008,12.0,664.0
2025-07-25T08:18:03.744019,ADA-USDT,0.8004,0.8008,12.0,664.0
2025-07-25T08:18:03.965738,ADA-USDT,0.8003,0.8008,34.0,664.0
2025-07-25T08:18:03.968585,ADA-USDT,0.8004,0.8008,22.0,664.0
2025-07-25T08:18:04.020159,ADA-USDT,0.8004,0.8008,44.0,664.0
2025-07-25T08:18:04.217893,ADA-USDT,0.8004,0.8008,22.0,664.0
2025-07-25T08:18:04.661051,ADA-USDT,0.8004,0.8008,34.0,664.0
2025-07-25T08:18:04.675341,AAVE-USDT,287.98,288.21,165.0,1.0
2025-07-25T08:18:04.685555,ADA-USDT,0.8005,0.8008,12.0,664.0
2025-07-25T08:18:04.690941,ADA-USDT,0.8004,0.8008,34.0,664.0
2025-07-25T08:18:04.792144,A-USDT,0.5433,0.5687,4.0,4.0
2025-07-25T08:18:04.909081,ADA-USDT,0.8004,0.8008,22.0,664.0
2025-07-25T08:18:04.999092,ADA-USDT,0.8004,0.8008,44.0,664.0
2025-07-25T08:18:05.287255,ADA-USDT,0.8004,0.8008,56.0,664.0
2025-07-25T08:18:05.713832,ADA-USDT,0.8004,0.8008,44.0,664.0
2025-07-25T08:18:05.926307,ADA-USDT,0.8004,0.8008,56.0,664.0
2025-07-25T08:18:06.028486,AAVE-USDT,287.98,288.26,165.0,1.0
2025-07-25T08:18:06.221818,A-USDT,0.5434,0.5687,4.0,4.0
2025-07-25T08:18:06.377707,ADA-USDT,0.8004,0.8008,44.0,664.0
2025-07-25T08:18:06.398745,ADA-USDT,0.8004,0.8008,56.0,664.0
2025-07-25T08:18:06.546217,ADA-USDT,0.8004,0.8008,44.0,664.0
2025-07-25T08:18:06.647468,ADA-USDT,0.8004,0.8008,56.0,664.0
2025-07-25T08:18:07.066655,ADA-USDT,0.8005,0.8008,12.0,664.0
2025-07-25T08:18:07.223987,ADA-USDT,0.8004,0.8008,12.0,664.0
2025-07-25T08:18:07.374583,AAVE-USDT,287.98,288.35,165.0,1.0
2025-07-25T08:18:07.453262,ADA-USDT,0.8005,0.8008,22.0,664.0
2025-07-25T08:18:07.457455,ADA-USDT,0.8005,0.8008,34.0,664.0
2025-07-25T08:18:07.491315,ADA-USDT,0.8006,0.8008,12.0,664.0
2025-07-25T08:18:07.577107,ADA-USDT,0.8005,0.8008,56.0,664.0
2025-07-25T08:18:07.636739,ADA-USDT,0.8005,0.8008,44.0,664.0
2025-07-25T08:18:07.940708,ADA-USDT,0.8005,0.8008,22.0,664.0
2025-07-25T08:18:08.178121,AAVE-USDT,287.99,288.35,585.0,1.0
2025-07-25T08:18:08.397662,ADA-USDT,0.8003,0.8008,34.0,664.0
2025-07-25T08:18:08.424951,ADA-USDT,0.8004,0.8008,22.0,664.0
2025-07-25T08:18:08.469581,ADA-USDT,0.8004,0.8008,44.0,664.0
2025-07-25T08:18:08.670958,ADA-USDT,0.8004,0.8008,22.0,664.0
2025-07-25T08:18:08.735678,A-USDT,0.5434,0.5688,4.0,4.0
2025-07-25T08:18:08.735722,A-USDT,0.5435,0.5688,4.0,4.0
2025-07-25T08:18:08.958336,ADA-USDT,0.8004,0.8008,44.0,664.0
2025-07-25T08:18:09.018935,ADA-USDT,0.8004,0.8007,44.0,28.0
2025-07-25T08:18:09.019873,ADA-USDT,0.8004,0.8007,44.0,185.0
2025-07-25T08:18:09.021211,ADA-USDT,0.8004,0.8007,44.0,197.0
2025-07-25T08:18:09.320101,ADA-USDT,0.8004,0.8007,66.0,197.0
2025-07-25T08:18:09.370385,ADA-USDT,0.8004,0.8007,44.0,197.0
2025-07-25T08:18:09.407720,ADA-USDT,0.8004,0.8007,22.0,197.0
2025-07-25T08:18:09.516180,ADA-USDT,0.8001,0.8007,12.0,197.0
2025-07-25T08:18:09.542385,ADA-USDT,0.8003,0.8007,22.0,197.0
2025-07-25T08:18:09.826773,ADA-USDT,0.8003,0.8007,34.0,197.0
2025-07-25T08:18:10.072685,AAVE-USDT,287.99,288.3,585.0,1.0
2025-07-25T08:18:10.090212,ADA-USDT,0.8003,0.8007,22.0,197.0
2025-07-25T08:18:10.576008,A-USDT,0.5435,0.5687,4.0,4.0
2025-07-25T08:18:10.576051,A-USDT,0.5434,0.5687,4.0,4.0
2025-07-25T08:18:10.825518,ADA-USDT,0.8003,0.8007,22.0,12.0
2025-07-25T08:18:10.825589,ADA-USDT,0.8003,0.801,22.0,12.0
2025-07-25T08:18:10.825644,ADA-USDT,0.8003,0.801,34.0,12.0
2025-07-25T08:18:10.825695,ADA-USDT,0.8004,0.801,12.0,12.0
2025-07-25T08:18:11.012658,ADA-USDT,0.8004,0.8007,12.0,664.0
2025-07-25T08:18:11.015685,ADA-USDT,0.8003,0.8007,34.0,664.0
2025-07-25T08:18:11.149677,ADA-USDT,0.8005,0.8007,22.0,664.0
2025-07-25T08:18:11.352116,ADA-USDT,0.8003,0.8007,22.0,664.0
2025-07-25T08:18:11.375698,ADA-USDT,0.8003,0.8007,44.0,664.0
2025-07-25T08:18:11.400672,AAVE-USDT,287.99,288.33,585.0,1.0
2025-07-25T08:18:11.459916,ADA-USDT,0.8003,0.8007,66.0,664.0
2025-07-25T08:18:11.651028,ADA-USDT,0.8003,0.8007,44.0,664.0
2025-07-25T08:18:11.653610,ADA-USDT,0.8003,0.8006,44.0,28.0
2025-07-25T08:18:11.653994,ADA-USDT,0.8003,0.8006,44.0,121.0
2025-07-25T08:18:11.659746,ADA-USDT,0.8003,0.8006,44.0,133.0
2025-07-25T08:18:11.825225,ADA-USDT,0.8003,0.8006,22.0,133.0
2025-07-25T08:18:12.635935,ADA-USDT,0.8003,0.8006,22.0,12.0
2025-07-25T08:18:12.735363,AAVE-USDT,287.99,288.3,585.0,1.0
2025-07-25T08:18:13.077844,ADA-USDT,0.8003,0.8006,22.0,40.0
2025-07-25T08:18:13.081687,ADA-USDT,0.8003,0.8006,22.0,198.0
2025-07-25T08:18:13.256083,ADA-USDT,0.8,0.8006,10.0,198.0
2025-07-25T08:18:13.354449,ADA-USDT,0.8001,0.8006,22.0,198.0
2025-07-25T08:18:13.560278,ADA-USDT,0.8,0.8006,10.0,198.0
2025-07-25T08:18:13.563632,ADA-USDT,0.8,0.8006,10.0,12.0
2025-07-25T08:18:13.563820,ADA-USDT,0.8,0.8004,10.0,664.0
2025-07-25T08:18:13.659898,ADA-USDT,0.7999,0.8004,10.0,664.0
2025-07-25T08:18:13.692686,ADA-USDT,0.7998,0.8004,21.0,664.0
2025-07-25T08:18:13.693884,ADA-USDT,0.8,0.8004,22.0,664.0
2025-07-25T08:18:13.694004,ADA-USDT,0.8,0.8003,22.0,28.0
2025-07-25T08:18:13.695237,ADA-USDT,0.8,0.8003,22.0,199.0
2025-07-25T08:18:13.703321,ADA-USDT,0.8,0.8003,22.0,211.0
2025-07-25T08:18:13.765838,ADA-USDT,0.8001,0.8003,12.0,211.0
2025-07-25T08:18:13.774983,ADA-USDT,0.8001,0.8003,12.0,199.0
2025-07-25T08:18:13.784083,ADA-USDT,0.8001,0.8004,12.0,664.0
2025-07-25T08:18:13.890722,ADA-USDT,0.8,0.8004,44.0,664.0
2025-07-25T08:18:13.898231,ADA-USDT,0.8,0.8004,56.0,664.0
2025-07-25T08:18:14.086073,ADA-USDT,0.8,0.8004,78.0,664.0
2025-07-25T08:18:14.435665,ADA-USDT,0.8001,0.8004,12.0,664.0
2025-07-25T08:18:14.486060,AAVE-USDT,288.14,288.3,165.0,1.0
2025-07-25T08:18:14.808397,ADA-USDT,0.8002,0.8004,22.0,664.0
2025-07-25T08:18:14.817679,ADA-USDT,0.8002,0.801,22.0,12.0
2025-07-25T08:18:14.821461,ADA-USDT,0.8002,0.8006,22.0,664.0
2025-07-25T08:18:14.821507,ADA-USDT,0.8002,0.8006,34.0,664.0
2025-07-25T08:18:14.931982,ADA-USDT,0.8003,0.8006,12.0,664.0
2025-07-25T08:18:15.017118,ADA-USDT,0.8002,0.8006,12.0,664.0
2025-07-25T08:18:15.023817,ADA-USDT,0.8001,0.8006,12.0,664.0
2025-07-25T08:18:15.283453,ADA-USDT,0.8002,0.8006,22.0,664.0
2025-07-25T08:18:15.487105,AAVE-USDT,288.14,288.38,165.0,1.0
