timestamp,symbol,bid,ask,bid_vol,ask_vol
2025-07-25T08:16:27.554372,AAVE-USDT,286.99,287.0,12.0,29.0
2025-07-25T08:16:27.572901,ALGO-USDT,0.257,0.2582,137509.0,855962.0
2025-07-25T08:16:27.626808,AGT-USDT,0.00558,0.00563,6601.0,13662.0
2025-07-25T08:16:27.642066,AI16Z-USDT,0.14614,0.14658,4788.0,113385.0
2025-07-25T08:16:27.664188,AI-USDT,0.13052,0.1312,40.0,2159.0
2025-07-25T08:16:27.672373,AIN-USDT,0.15293,0.15364,160.0,34507.0
2025-07-25T08:16:27.764036,AERO-USDT,0.87514,0.87721,35877.0,797.0
2025-07-25T08:16:27.940988,1INCH-USDT,0.2726,0.2734,89930.0,83646.0
2025-07-25T08:16:27.941881,A-USDT,0.55733,0.56001,3409.0,9486.0
2025-07-25T08:16:28.082650,AGLD-USDT,0.7654,0.7707,348.0,348.0
2025-07-25T08:16:28.103684,ALCH-USDT,0.13743,0.13784,43874.0,19184.0
2025-07-25T08:16:28.164724,AEVO-USDT,0.1042,0.1046,827568.0,827074.0
2025-07-25T08:16:28.164763,ALT-USDT,0.03342,0.0335,19298.0,19164.0
2025-07-25T08:16:28.164813,ADA-USDT,0.7974,0.7975,12914.0,16860.0
2025-07-25T08:16:28.186174,ANIME-USDT,0.01859,0.01864,126603.0,146190.0
2025-07-25T08:16:28.200800,ACT-USDT,0.04388,0.04473,8280.0,11331.0
2025-07-25T08:16:28.286290,ACE-USDT,0.5597,0.5623,8783.0,3483.0
2025-07-25T08:16:28.470094,AIXBT-USDT,0.13929,0.13964,1061.0,198.0
2025-07-25T08:16:28.550102,AAVE-USDT,286.99,287.0,42.0,29.0
2025-07-25T08:16:28.577199,ACH-USDT,0.021581,0.02165,1295.0,12994.0
2025-07-25T08:16:28.577335,ALGO-USDT,0.257,0.2582,137509.0,855962.0
2025-07-25T08:16:28.620045,AIN-USDT,0.15293,0.15364,160.0,34507.0
2025-07-25T08:16:28.628901,AGT-USDT,0.00558,0.00563,6601.0,13662.0
2025-07-25T08:16:28.655144,AI16Z-USDT,0.14614,0.14659,4788.0,113787.0
2025-07-25T08:16:28.660731,AI-USDT,0.13052,0.1312,51.0,2159.0
2025-07-25T08:16:28.761150,AERO-USDT,0.87514,0.87721,35877.0,797.0
2025-07-25T08:16:28.963947,1INCH-USDT,0.2726,0.2734,45838.0,66796.0
2025-07-25T08:16:28.963991,A-USDT,0.55733,0.56001,3409.0,9486.0
2025-07-25T08:16:29.093859,AGLD-USDT,0.7654,0.7707,348.0,348.0
2025-07-25T08:16:29.099961,ACT-USDT,0.04388,0.04473,8280.0,9406.0
2025-07-25T08:16:29.120505,ALCH-USDT,0.13743,0.13784,43874.0,19184.0
2025-07-25T08:16:29.175854,ALT-USDT,0.03341,0.03351,87489.0,116174.0
2025-07-25T08:16:29.175900,AEVO-USDT,0.1042,0.1046,827568.0,827074.0
2025-07-25T08:16:29.176221,ADA-USDT,0.7974,0.7975,12914.0,8706.0
2025-07-25T08:16:29.195176,ANIME-USDT,0.01859,0.01864,118491.0,166483.0
2025-07-25T08:16:29.311450,ACE-USDT,0.5597,0.5623,8783.0,3303.0
2025-07-25T08:16:29.470597,AIXBT-USDT,0.13929,0.13964,917.0,198.0
2025-07-25T08:16:29.471111,ACH-USDT,0.021581,0.02165,2084.0,9532.0
2025-07-25T08:16:29.562123,AAVE-USDT,286.99,287.0,42.0,29.0
2025-07-25T08:16:29.577299,ALGO-USDT,0.257,0.2582,1100383.0,855962.0
2025-07-25T08:16:29.640765,AGT-USDT,0.00558,0.00563,6601.0,13662.0
2025-07-25T08:16:29.644502,AI16Z-USDT,0.14614,0.14658,4788.0,21918.0
2025-07-25T08:16:29.662028,AIN-USDT,0.15293,0.15364,160.0,34507.0
2025-07-25T08:16:29.686063,AI-USDT,0.13052,0.1312,361.0,2159.0
2025-07-25T08:16:29.787529,AERO-USDT,0.87484,0.87721,61065.0,797.0
2025-07-25T08:16:29.941836,1INCH-USDT,0.2726,0.2734,45838.0,45510.0
2025-07-25T08:16:29.942107,A-USDT,0.55733,0.56001,3409.0,9486.0
2025-07-25T08:16:30.103320,ALCH-USDT,0.13743,0.13784,43874.0,19184.0
2025-07-25T08:16:30.133584,AGLD-USDT,0.7657,0.7707,56.0,348.0
2025-07-25T08:16:30.133620,ACT-USDT,0.04388,0.04475,8280.0,34793.0
2025-07-25T08:16:30.154950,ALT-USDT,0.03342,0.0335,18597.0,11657.0
2025-07-25T08:16:30.154993,ADA-USDT,0.7976,0.7978,25982.0,4584.0
2025-07-25T08:16:30.155017,AEVO-USDT,0.1042,0.1046,827568.0,827074.0
2025-07-25T08:16:30.249728,ANIME-USDT,0.01859,0.01864,152217.0,97739.0
2025-07-25T08:16:30.250952,ACE-USDT,0.5597,0.5626,8783.0,143790.0
2025-07-25T08:16:30.481066,AIXBT-USDT,0.13936,0.13975,730.0,10556.0
2025-07-25T08:16:30.481106,ACH-USDT,0.021587,0.021659,147.0,152.0
2025-07-25T08:16:30.481134,ALGO-USDT,0.257,0.2582,1100383.0,855962.0
2025-07-25T08:16:30.518950,AAVE-USDT,287.04,287.06,115.0,1.0
2025-07-25T08:16:30.571862,AGT-USDT,0.00558,0.00563,6601.0,13662.0
2025-07-25T08:16:30.571903,AIN-USDT,0.15293,0.15364,160.0,33889.0
2025-07-25T08:16:30.642642,AI16Z-USDT,0.14621,0.14669,93838.0,214352.0
2025-07-25T08:16:30.668415,AI-USDT,0.13052,0.1312,503.0,2159.0
2025-07-25T08:16:30.770216,AERO-USDT,0.87484,0.87721,61065.0,797.0
2025-07-25T08:16:30.980807,1INCH-USDT,0.2726,0.2734,45838.0,45510.0
2025-07-25T08:16:30.981191,A-USDT,0.55752,0.56001,8885.0,9486.0
2025-07-25T08:16:31.082211,ALT-USDT,0.03342,0.03352,126930.0,72076.0
2025-07-25T08:16:31.091715,ALCH-USDT,0.13743,0.13784,43874.0,19184.0
2025-07-25T08:16:31.101659,ACT-USDT,0.04394,0.04478,8280.0,928.0
2025-07-25T08:16:31.126007,AGLD-USDT,0.7658,0.7707,169.0,348.0
2025-07-25T08:16:31.206348,AEVO-USDT,0.1042,0.1046,827568.0,827074.0
2025-07-25T08:16:31.207501,ADA-USDT,0.7977,0.7979,4286.0,15683.0
2025-07-25T08:16:31.238141,ANIME-USDT,0.0186,0.01865,133734.0,144665.0
2025-07-25T08:16:31.238240,ACE-USDT,0.5599,0.5626,3402.0,3032.0
2025-07-25T08:16:31.412446,AIXBT-USDT,0.13936,0.13975,623.0,1818.0
2025-07-25T08:16:31.534628,ACH-USDT,0.021591,0.021662,125.0,459.0
2025-07-25T08:16:31.534723,ALGO-USDT,0.2572,0.2583,349695.0,823862.0
2025-07-25T08:16:31.549659,AAVE-USDT,287.06,287.07,29.0,52.0
2025-07-25T08:16:31.649911,AI16Z-USDT,0.14616,0.14669,116508.0,111687.0
2025-07-25T08:16:31.657040,AI-USDT,0.1306,0.13129,347.0,35.0
2025-07-25T08:16:31.661512,AGT-USDT,0.00558,0.00563,6601.0,13662.0
2025-07-25T08:16:31.661944,AIN-USDT,0.15293,0.15363,160.0,618.0
2025-07-25T08:16:31.763234,AERO-USDT,0.87485,0.87721,797.0,797.0
2025-07-25T08:16:31.928747,1INCH-USDT,0.2726,0.2734,66659.0,82811.0
2025-07-25T08:16:32.017164,A-USDT,0.55752,0.56001,8885.0,9486.0
2025-07-25T08:16:32.104621,ALCH-USDT,0.13743,0.13784,43874.0,19184.0
2025-07-25T08:16:32.120536,AEVO-USDT,0.1042,0.1046,827568.0,827074.0
2025-07-25T08:16:32.120579,ALT-USDT,0.03342,0.0335,13090.0,11174.0
2025-07-25T08:16:32.124068,AGLD-USDT,0.7664,0.7715,348.0,68.0
2025-07-25T08:16:32.183384,ACT-USDT,0.04394,0.04479,8280.0,35320.0
2025-07-25T08:16:32.225560,ADA-USDT,0.7977,0.7979,4131.0,20589.0
2025-07-25T08:16:32.246169,ANIME-USDT,0.01859,0.01865,141689.0,3753.0
2025-07-25T08:16:32.246508,ACE-USDT,0.5597,0.5623,13829.0,3725.0
2025-07-25T08:16:32.387148,AIXBT-USDT,0.13936,0.1397,321.0,2169.0
2025-07-25T08:16:32.491908,ALGO-USDT,0.257,0.2582,1097087.0,879306.0
2025-07-25T08:16:32.491960,ACH-USDT,0.021587,0.021659,545.0,2015.0
2025-07-25T08:16:32.548163,AAVE-USDT,287.02,287.07,22.0,45.0
2025-07-25T08:16:32.565233,AGT-USDT,0.00558,0.00563,6601.0,13662.0
2025-07-25T08:16:32.659016,AI16Z-USDT,0.14613,0.14659,235948.0,121495.0
2025-07-25T08:16:32.666962,AI-USDT,0.13054,0.13125,406.0,981.0
2025-07-25T08:16:32.676882,AIN-USDT,0.15293,0.15356,160.0,4805.0
2025-07-25T08:16:32.769430,AERO-USDT,0.87485,0.87721,797.0,797.0
2025-07-25T08:16:32.951089,1INCH-USDT,0.2726,0.2734,45838.0,85403.0
2025-07-25T08:16:32.951336,A-USDT,0.55752,0.56001,8885.0,9486.0
2025-07-25T08:16:33.104175,ACT-USDT,0.04394,0.04478,8280.0,30393.0
2025-07-25T08:16:33.116471,ALCH-USDT,0.13743,0.13784,43874.0,19184.0
2025-07-25T08:16:33.130663,AGLD-USDT,0.7657,0.7712,13.0,200.0
2025-07-25T08:16:33.193058,ALT-USDT,0.03339,0.03351,59060.0,57476.0
2025-07-25T08:16:33.193094,ADA-USDT,0.7975,0.7976,7083.0,27604.0
2025-07-25T08:16:33.193123,AEVO-USDT,0.1042,0.1046,827568.0,827074.0
2025-07-25T08:16:33.241575,ANIME-USDT,0.01858,0.01863,128687.0,76421.0
2025-07-25T08:16:33.241611,ACE-USDT,0.5595,0.5621,1324.0,14854.0
2025-07-25T08:16:33.502374,AIXBT-USDT,0.13927,0.13963,122.0,3470.0
2025-07-25T08:16:33.502422,ALGO-USDT,0.2571,0.2582,3296.0,882959.0
2025-07-25T08:16:33.502459,ACH-USDT,0.021581,0.021652,1379.0,4348.0
2025-07-25T08:16:33.562988,AAVE-USDT,286.9,286.97,142.0,104.0
2025-07-25T08:16:33.603496,AI16Z-USDT,0.14614,0.14658,4788.0,118843.0
2025-07-25T08:16:33.659093,AGT-USDT,0.00558,0.00563,6601.0,13662.0
2025-07-25T08:16:33.664307,AI-USDT,0.13046,0.13117,78.0,192.0
2025-07-25T08:16:33.664624,AIN-USDT,0.15293,0.15351,160.0,309.0
2025-07-25T08:16:33.775746,AERO-USDT,0.87485,0.87721,797.0,797.0
2025-07-25T08:16:33.909576,1INCH-USDT,0.2726,0.2734,45838.0,45510.0
2025-07-25T08:16:34.014131,A-USDT,0.55678,0.55983,11070.0,5662.0
2025-07-25T08:16:34.028381,ALCH-USDT,0.13743,0.13784,43874.0,19184.0
2025-07-25T08:16:34.119476,ACT-USDT,0.04394,0.04475,8280.0,6675.0
2025-07-25T08:16:34.120672,ALT-USDT,0.0334,0.03348,29192.0,19833.0
2025-07-25T08:16:34.120709,AEVO-USDT,0.1042,0.1046,827568.0,827074.0
2025-07-25T08:16:34.121183,AGLD-USDT,0.7651,0.7709,1278.0,70.0
2025-07-25T08:16:34.217137,ADA-USDT,0.7972,0.7973,16888.0,10033.0
2025-07-25T08:16:34.244893,ANIME-USDT,0.01857,0.01862,127410.0,6072.0
2025-07-25T08:16:34.245255,ACE-USDT,0.5593,0.562,3530.0,5001.0
2025-07-25T08:16:34.475777,AIXBT-USDT,0.13922,0.13959,1468.0,91.0
2025-07-25T08:16:34.476129,ALGO-USDT,0.2571,0.258,3296.0,950059.0
2025-07-25T08:16:34.558895,AAVE-USDT,286.88,286.89,27.0,50.0
2025-07-25T08:16:34.562213,AGT-USDT,0.00558,0.005629,6601.0,72101.0
2025-07-25T08:16:34.577809,ACH-USDT,0.021581,0.021652,1237.0,6359.0
2025-07-25T08:16:34.602082,AIN-USDT,0.15293,0.15351,160.0,309.0
2025-07-25T08:16:34.663194,AI16Z-USDT,0.14613,0.14659,235948.0,233111.0
2025-07-25T08:16:34.665804,AI-USDT,0.13046,0.13117,35.0,119.0
2025-07-25T08:16:34.772101,AERO-USDT,0.87485,0.87721,797.0,797.0
2025-07-25T08:16:34.899621,1INCH-USDT,0.2726,0.2734,45838.0,87201.0
2025-07-25T08:16:35.009945,A-USDT,0.55726,0.55983,389.0,5662.0
2025-07-25T08:16:35.102682,ALT-USDT,0.03341,0.03349,7795.0,23412.0
2025-07-25T08:16:35.120599,ALCH-USDT,0.13743,0.13784,43874.0,19184.0
2025-07-25T08:16:35.121313,AGLD-USDT,0.7653,0.7711,1527.0,76.0
2025-07-25T08:16:35.195531,ACT-USDT,0.0439,0.04475,8279.0,774.0
2025-07-25T08:16:35.206511,AEVO-USDT,0.1042,0.1046,827568.0,775682.0
2025-07-25T08:16:35.206559,ADA-USDT,0.7975,0.7976,21789.0,1020.0
2025-07-25T08:16:35.247913,ANIME-USDT,0.01858,0.01863,20660.0,126139.0
2025-07-25T08:16:35.247972,ACE-USDT,0.5595,0.562,3914.0,8815.0
2025-07-25T08:16:35.421016,AIXBT-USDT,0.13934,0.13966,655.0,22.0
2025-07-25T08:16:35.538079,AAVE-USDT,286.93,286.96,56.0,1.0
2025-07-25T08:16:35.547765,ACH-USDT,0.021581,0.021652,3520.0,351.0
2025-07-25T08:16:35.547843,ALGO-USDT,0.2571,0.2581,3296.0,124910.0
2025-07-25T08:16:35.621890,AGT-USDT,0.00558,0.00563,6601.0,13662.0
2025-07-25T08:16:35.643215,AI16Z-USDT,0.14621,0.14669,215238.0,120594.0
2025-07-25T08:16:35.655104,AI-USDT,0.13046,0.13117,316.0,39.0
2025-07-25T08:16:35.660938,AIN-USDT,0.15293,0.15351,160.0,309.0
2025-07-25T08:16:35.766692,AERO-USDT,0.87485,0.87721,797.0,797.0
2025-07-25T08:16:35.871257,1INCH-USDT,0.2726,0.2734,91329.0,70088.0
2025-07-25T08:16:35.973162,A-USDT,0.55726,0.55983,389.0,5662.0
2025-07-25T08:16:36.108208,ADA-USDT,0.7975,0.7977,7558.0,21969.0
2025-07-25T08:16:36.108249,ALT-USDT,0.03342,0.0335,49042.0,422.0
2025-07-25T08:16:36.108273,AEVO-USDT,0.1042,0.1046,827568.0,775682.0
2025-07-25T08:16:36.120367,ALCH-USDT,0.13743,0.13784,43874.0,19184.0
2025-07-25T08:16:36.125987,AGLD-USDT,0.7657,0.7713,71.0,104.0
2025-07-25T08:16:36.170246,ACT-USDT,0.0439,0.04479,8279.0,2355.0
2025-07-25T08:16:36.256104,ANIME-USDT,0.01858,0.01865,151722.0,167560.0
2025-07-25T08:16:36.256143,ACE-USDT,0.5595,0.562,4297.0,6765.0
2025-07-25T08:16:36.478952,AIXBT-USDT,0.13942,0.13976,1157.0,103.0
2025-07-25T08:16:36.478993,ACH-USDT,0.021587,0.021659,2844.0,121.0
2025-07-25T08:16:36.562405,AAVE-USDT,287.08,287.09,127.0,97.0
2025-07-25T08:16:36.583528,ALGO-USDT,0.2571,0.2582,3296.0,765456.0
2025-07-25T08:16:36.631594,AGT-USDT,0.00558,0.00563,6601.0,13662.0
2025-07-25T08:16:36.657084,AI16Z-USDT,0.14632,0.14673,4783.0,1.0
2025-07-25T08:16:36.666901,AI-USDT,0.13057,0.13128,64.0,63.0
2025-07-25T08:16:36.686072,AIN-USDT,0.15293,0.15351,160.0,309.0
2025-07-25T08:16:36.781917,AERO-USDT,0.87485,0.87721,797.0,797.0
2025-07-25T08:16:36.957569,1INCH-USDT,0.2726,0.2734,78241.0,45510.0
2025-07-25T08:16:36.958048,A-USDT,0.55749,0.56006,5853.0,272.0
2025-07-25T08:16:37.086918,AGLD-USDT,0.7658,0.7714,67.0,4.0
2025-07-25T08:16:37.120624,ALCH-USDT,0.13743,0.13784,43874.0,19184.0
2025-07-25T08:16:37.174101,AEVO-USDT,0.1043,0.1046,823609.0,775682.0
2025-07-25T08:16:37.174146,ADA-USDT,0.7979,0.798,11608.0,17131.0
2025-07-25T08:16:37.174175,ALT-USDT,0.03343,0.03351,50614.0,12685.0
2025-07-25T08:16:37.196572,ANIME-USDT,0.01858,0.01865,147955.0,167560.0
2025-07-25T08:16:37.205516,ACT-USDT,0.0439,0.04481,8279.0,29882.0
2025-07-25T08:16:37.296773,ACE-USDT,0.5599,0.5625,5896.0,526.0
2025-07-25T08:16:37.483255,AIXBT-USDT,0.13947,0.13983,1338.0,5366.0
2025-07-25T08:16:37.485447,ACH-USDT,0.021593,0.021664,6624.0,566.0
2025-07-25T08:16:37.485485,ALGO-USDT,0.2572,0.2583,751905.0,898741.0
2025-07-25T08:16:37.559930,AAVE-USDT,287.13,287.16,111.0,76.0
2025-07-25T08:16:37.624303,AGT-USDT,0.00558,0.00563,6601.0,13662.0
2025-07-25T08:16:37.642007,AI16Z-USDT,0.14632,0.14673,4783.0,1.0
2025-07-25T08:16:37.660723,AI-USDT,0.1306,0.13131,42.0,60.0
2025-07-25T08:16:37.660770,AIN-USDT,0.15293,0.15351,160.0,309.0
2025-07-25T08:16:37.772433,AERO-USDT,0.87514,0.87721,14887.0,797.0
2025-07-25T08:16:37.902589,1INCH-USDT,0.2728,0.2736,33693.0,45575.0
2025-07-25T08:16:38.004617,A-USDT,0.55767,0.56024,6505.0,399.0
2025-07-25T08:16:38.092560,ACT-USDT,0.04395,0.04482,8280.0,42481.0
2025-07-25T08:16:38.121714,AEVO-USDT,0.1043,0.1046,630522.0,775682.0
2025-07-25T08:16:38.121773,ALT-USDT,0.03343,0.03351,50969.0,16651.0
2025-07-25T08:16:38.122416,AGLD-USDT,0.7658,0.7714,67.0,3.0
2025-07-25T08:16:38.136446,ALCH-USDT,0.13743,0.13784,43874.0,19184.0
2025-07-25T08:16:38.219883,ADA-USDT,0.7979,0.798,11608.0,759.0
2025-07-25T08:16:38.245000,ANIME-USDT,0.01859,0.01864,170522.0,30024.0
2025-07-25T08:16:38.245159,ACE-USDT,0.5598,0.5623,1702.0,2659.0
2025-07-25T08:16:38.487355,ALGO-USDT,0.2572,0.2583,751905.0,902392.0
2025-07-25T08:16:38.487394,AIXBT-USDT,0.13947,0.13983,24.0,5366.0
2025-07-25T08:16:38.487423,ACH-USDT,0.021595,0.021667,3507.0,704.0
2025-07-25T08:16:38.562031,AGT-USDT,0.00558,0.00563,6601.0,13662.0
2025-07-25T08:16:38.563438,AAVE-USDT,287.15,287.18,39.0,10.0
2025-07-25T08:16:38.660371,AI16Z-USDT,0.14632,0.14673,4783.0,1.0
2025-07-25T08:16:38.663074,AI-USDT,0.13064,0.13133,305.0,194.0
2025-07-25T08:16:38.684949,AIN-USDT,0.15298,0.1537,4624.0,29740.0
2025-07-25T08:16:38.776055,AERO-USDT,0.87514,0.87721,48837.0,797.0
2025-07-25T08:16:38.955542,1INCH-USDT,0.2728,0.2736,38829.0,45575.0
2025-07-25T08:16:38.956096,A-USDT,0.55767,0.56024,6505.0,399.0
2025-07-25T08:16:39.101082,ACT-USDT,0.04395,0.04482,8280.0,6504.0
2025-07-25T08:16:39.103951,ALCH-USDT,0.13743,0.13784,43874.0,19184.0
2025-07-25T08:16:39.123852,AGLD-USDT,0.7662,0.7716,108.0,81.0
2025-07-25T08:16:39.187038,AEVO-USDT,0.1042,0.1046,827568.0,775682.0
2025-07-25T08:16:39.187076,ALT-USDT,0.03343,0.03351,55180.0,14710.0
2025-07-25T08:16:39.187105,ADA-USDT,0.7981,0.7982,12017.0,13054.0
2025-07-25T08:16:39.250699,ANIME-USDT,0.01858,0.01864,58666.0,3755.0
2025-07-25T08:16:39.252904,ACE-USDT,0.5598,0.5623,2260.0,3096.0
2025-07-25T08:16:39.471719,ACH-USDT,0.021595,0.021667,3507.0,704.0
2025-07-25T08:16:39.471810,AIXBT-USDT,0.13947,0.13987,10224.0,12464.0
2025-07-25T08:16:39.553513,AAVE-USDT,287.15,287.19,134.0,74.0
2025-07-25T08:16:39.567540,AIN-USDT,0.15299,0.15364,140.0,4109.0
2025-07-25T08:16:39.583914,ALGO-USDT,0.2572,0.2583,751905.0,902392.0
2025-07-25T08:16:39.613815,AGT-USDT,0.00558,0.00563,6601.0,13662.0
2025-07-25T08:16:39.641351,AI16Z-USDT,0.14632,0.14673,4783.0,1.0
2025-07-25T08:16:39.659640,AI-USDT,0.1306,0.13132,372.0,509.0
2025-07-25T08:16:39.762846,AERO-USDT,0.87514,0.87721,48837.0,797.0
2025-07-25T08:16:39.985694,A-USDT,0.55767,0.56024,6505.0,399.0
2025-07-25T08:16:39.985933,1INCH-USDT,0.2728,0.2736,60081.0,45575.0
2025-07-25T08:16:40.081234,AGLD-USDT,0.7659,0.7716,1526.0,64.0
2025-07-25T08:16:40.093352,ALT-USDT,0.03343,0.03351,37577.0,21963.0
2025-07-25T08:16:40.108532,ACT-USDT,0.04395,0.04481,8280.0,1833.0
2025-07-25T08:16:40.108570,ALCH-USDT,0.13743,0.13784,43874.0,19184.0
2025-07-25T08:16:40.184651,ANIME-USDT,0.01859,0.01864,73318.0,58959.0
2025-07-25T08:16:40.198820,AEVO-USDT,0.1042,0.1046,827568.0,775682.0
2025-07-25T08:16:40.198916,ADA-USDT,0.7981,0.7982,22122.0,11393.0
2025-07-25T08:16:40.292044,ACE-USDT,0.5595,0.5626,655.0,11860.0
2025-07-25T08:16:40.470584,AIXBT-USDT,0.13947,0.13983,36.0,2548.0
2025-07-25T08:16:40.553487,AAVE-USDT,287.15,287.16,48.0,5.0
2025-07-25T08:16:40.576299,ACH-USDT,0.021593,0.021663,3731.0,2947.0
2025-07-25T08:16:40.576349,ALGO-USDT,0.2572,0.2583,751905.0,902392.0
2025-07-25T08:16:40.614512,AGT-USDT,0.00558,0.00563,6601.0,13662.0
2025-07-25T08:16:40.658812,AI16Z-USDT,0.14632,0.14673,4783.0,1.0
2025-07-25T08:16:40.670897,AIN-USDT,0.15299,0.15359,140.0,5792.0
2025-07-25T08:16:40.682867,AI-USDT,0.13058,0.1313,264.0,583.0
2025-07-25T08:16:40.791047,AERO-USDT,0.87514,0.87721,48837.0,797.0
2025-07-25T08:16:40.954244,1INCH-USDT,0.2728,0.2736,44357.0,45575.0
2025-07-25T08:16:40.954691,A-USDT,0.55767,0.56024,6505.0,399.0
2025-07-25T08:16:41.121333,ALCH-USDT,0.13743,0.13784,43874.0,19184.0
2025-07-25T08:16:41.135701,AGLD-USDT,0.7661,0.7716,181.0,57.0
2025-07-25T08:16:41.135747,ACT-USDT,0.04395,0.04481,8280.0,1879.0
2025-07-25T08:16:41.172510,ALT-USDT,0.03343,0.03351,44242.0,20970.0
2025-07-25T08:16:41.173011,ADA-USDT,0.798,0.7981,4500.0,11542.0
2025-07-25T08:16:41.173048,AEVO-USDT,0.1042,0.1046,827568.0,775682.0
2025-07-25T08:16:41.236300,ANIME-USDT,0.01859,0.01864,34211.0,35783.0
2025-07-25T08:16:41.236339,ACE-USDT,0.5598,0.5623,776.0,9861.0
2025-07-25T08:16:41.470199,AIXBT-USDT,0.13947,0.13983,37.0,1170.0
2025-07-25T08:16:41.558555,AGT-USDT,0.00558,0.00563,6601.0,13662.0
2025-07-25T08:16:41.580524,ALGO-USDT,0.2571,0.2582,134172.0,1369313.0
2025-07-25T08:16:41.580564,ACH-USDT,0.021592,0.021667,3118.0,3330.0
2025-07-25T08:16:41.592132,AAVE-USDT,287.12,287.14,1.0,82.0
2025-07-25T08:16:41.617974,AI16Z-USDT,0.14632,0.14673,4783.0,1.0
2025-07-25T08:16:41.665461,AIN-USDT,0.15299,0.15358,140.0,300.0
2025-07-25T08:16:41.696333,AI-USDT,0.13058,0.13129,146.0,155.0
2025-07-25T08:16:41.804872,AERO-USDT,0.87514,0.87721,48837.0,797.0
2025-07-25T08:16:41.945072,1INCH-USDT,0.2728,0.2736,44357.0,45575.0
2025-07-25T08:16:41.945349,A-USDT,0.55767,0.56024,6505.0,399.0
2025-07-25T08:16:42.120333,ALCH-USDT,0.13743,0.13784,43874.0,19184.0
2025-07-25T08:16:42.138200,ACT-USDT,0.04395,0.04496,8280.0,114712.0
2025-07-25T08:16:42.149481,AGLD-USDT,0.7659,0.7716,11.0,29.0
2025-07-25T08:16:42.153061,ALT-USDT,0.03341,0.03351,37961.0,20970.0
2025-07-25T08:16:42.153966,AEVO-USDT,0.1042,0.1046,827568.0,775682.0
2025-07-25T08:16:42.154169,ADA-USDT,0.798,0.7982,23619.0,914.0
2025-07-25T08:16:42.259904,ANIME-USDT,0.01856,0.01863,56034.0,39158.0
2025-07-25T08:16:42.259960,ACE-USDT,0.5594,0.5626,472.0,60455.0
2025-07-25T08:16:42.481415,AIXBT-USDT,0.13947,0.13983,1046.0,1170.0
2025-07-25T08:16:42.481452,ACH-USDT,0.021592,0.021667,3118.0,3330.0
2025-07-25T08:16:42.582888,ALGO-USDT,0.2572,0.2583,475528.0,902392.0
2025-07-25T08:16:42.596472,AAVE-USDT,287.1,287.13,2.0,38.0
2025-07-25T08:16:42.612414,AGT-USDT,0.00558,0.00563,6601.0,13662.0
2025-07-25T08:16:42.661165,AI16Z-USDT,0.14632,0.14673,4783.0,1.0
2025-07-25T08:16:42.697672,AI-USDT,0.13058,0.13132,132.0,259.0
2025-07-25T08:16:42.698145,AIN-USDT,0.15299,0.15358,140.0,300.0
2025-07-25T08:16:42.801086,AERO-USDT,0.87514,0.87721,48837.0,797.0
2025-07-25T08:16:42.953327,1INCH-USDT,0.2728,0.2736,44357.0,86635.0
2025-07-25T08:16:42.953800,A-USDT,0.55767,0.56024,6505.0,399.0
2025-07-25T08:16:43.103858,ALCH-USDT,0.13743,0.13784,43874.0,19184.0
2025-07-25T08:16:43.144537,AGLD-USDT,0.7661,0.7716,198.0,212.0
2025-07-25T08:16:43.153565,ACT-USDT,0.04335,0.04486,2392.0,2551.0
2025-07-25T08:16:43.205670,ALT-USDT,0.03342,0.0335,37702.0,3367.0
2025-07-25T08:16:43.205728,AEVO-USDT,0.1042,0.1046,827568.0,775682.0
2025-07-25T08:16:43.205766,ADA-USDT,0.7982,0.7983,22061.0,1072.0
2025-07-25T08:16:43.259108,ANIME-USDT,0.01856,0.01863,69020.0,64105.0
2025-07-25T08:16:43.259152,ACE-USDT,0.5594,0.5626,14070.0,41315.0
2025-07-25T08:16:43.375239,AIXBT-USDT,0.13947,0.13983,1046.0,2943.0
2025-07-25T08:16:43.476349,ALGO-USDT,0.2572,0.2583,445294.0,902392.0
2025-07-25T08:16:43.476387,ACH-USDT,0.021593,0.021663,5121.0,3102.0
2025-07-25T08:16:43.595072,AAVE-USDT,287.1,287.11,25.0,49.0
2025-07-25T08:16:43.622025,AGT-USDT,0.00558,0.00563,6601.0,13662.0
2025-07-25T08:16:43.655901,AI16Z-USDT,0.14632,0.14673,4783.0,1.0
2025-07-25T08:16:43.696002,AI-USDT,0.13058,0.13129,253.0,430.0
2025-07-25T08:16:43.698928,AIN-USDT,0.15299,0.15358,140.0,300.0
2025-07-25T08:16:43.821895,AERO-USDT,0.87514,0.87721,48837.0,797.0
2025-07-25T08:16:43.924834,1INCH-USDT,0.2728,0.2736,44357.0,86708.0
2025-07-25T08:16:44.034614,A-USDT,0.55767,0.56024,6505.0,399.0
2025-07-25T08:16:44.080986,AGLD-USDT,0.7661,0.7716,90.0,221.0
2025-07-25T08:16:44.104008,ALCH-USDT,0.13743,0.13784,43874.0,19184.0
2025-07-25T08:16:44.120775,ALT-USDT,0.03342,0.0335,38630.0,4720.0
2025-07-25T08:16:44.121131,AEVO-USDT,0.1042,0.1046,827568.0,775682.0
2025-07-25T08:16:44.121254,ADA-USDT,0.7982,0.7983,22061.0,1119.0
2025-07-25T08:16:44.144100,ACT-USDT,0.04335,0.04486,3846.0,1951.0
2025-07-25T08:16:44.188187,ANIME-USDT,0.01858,0.01863,62702.0,62427.0
2025-07-25T08:16:44.292467,ACE-USDT,0.5597,0.5622,16882.0,19060.0
2025-07-25T08:16:44.414253,AIXBT-USDT,0.13947,0.13983,1046.0,1052.0
2025-07-25T08:16:44.519348,ALGO-USDT,0.2572,0.2583,445294.0,902392.0
2025-07-25T08:16:44.519390,ACH-USDT,0.021593,0.021667,4852.0,1194.0
2025-07-25T08:16:44.589680,AIN-USDT,0.15299,0.15358,140.0,300.0
2025-07-25T08:16:44.602692,AAVE-USDT,287.1,287.11,60.0,24.0
2025-07-25T08:16:44.613909,AI16Z-USDT,0.14632,0.14673,4783.0,1.0
2025-07-25T08:16:44.653412,AGT-USDT,0.00558,0.005628,6601.0,283740.0
2025-07-25T08:16:44.713722,AI-USDT,0.13058,0.13129,132.0,125.0
2025-07-25T08:16:44.818263,AERO-USDT,0.87514,0.87721,48837.0,797.0
2025-07-25T08:16:44.958266,1INCH-USDT,0.2728,0.2736,88966.0,70316.0
2025-07-25T08:16:44.958304,A-USDT,0.55767,0.56024,6505.0,399.0
2025-07-25T08:16:45.076816,ALCH-USDT,0.13743,0.13784,43874.0,19184.0
2025-07-25T08:16:45.095330,AGLD-USDT,0.766,0.7718,1647.0,54.0
2025-07-25T08:16:45.155863,ACT-USDT,0.04335,0.04486,2020.0,1585.0
2025-07-25T08:16:45.168445,AEVO-USDT,0.1042,0.1046,827568.0,775682.0
2025-07-25T08:16:45.168485,ALT-USDT,0.03342,0.0335,44434.0,3252.0
2025-07-25T08:16:45.168514,ADA-USDT,0.7985,0.7986,8717.0,23444.0
2025-07-25T08:16:45.223935,ANIME-USDT,0.01857,0.01864,55843.0,63358.0
2025-07-25T08:16:45.330673,ACE-USDT,0.5594,0.5626,14070.0,2792.0
2025-07-25T08:16:45.471022,AIXBT-USDT,0.13952,0.13987,2815.0,49.0
2025-07-25T08:16:45.471063,ACH-USDT,0.021593,0.021667,2786.0,1194.0
2025-07-25T08:16:45.560472,AAVE-USDT,287.1,287.11,29.0,31.0
2025-07-25T08:16:45.562824,AGT-USDT,0.00558,0.00562,6601.0,13686.0
2025-07-25T08:16:45.575564,ALGO-USDT,0.2572,0.2583,445294.0,902392.0
2025-07-25T08:16:45.648964,AI16Z-USDT,0.14632,0.14673,4783.0,1.0
2025-07-25T08:16:45.663959,AIN-USDT,0.15299,0.15358,140.0,300.0
2025-07-25T08:16:45.688194,AI-USDT,0.13058,0.1313,273.0,136.0
2025-07-25T08:16:45.804610,AERO-USDT,0.87514,0.87721,48837.0,797.0
2025-07-25T08:16:45.947368,1INCH-USDT,0.2728,0.2736,44609.0,45575.0
2025-07-25T08:16:45.947411,A-USDT,0.55767,0.56024,6505.0,399.0
2025-07-25T08:16:46.071153,ALCH-USDT,0.13743,0.13784,43874.0,19184.0
2025-07-25T08:16:46.130218,ACT-USDT,0.04338,0.04485,334.0,6708.0
2025-07-25T08:16:46.130255,AGLD-USDT,0.7662,0.7716,75.0,101.0
2025-07-25T08:16:46.156026,ALT-USDT,0.03342,0.0335,50808.0,4313.0
2025-07-25T08:16:46.156071,AEVO-USDT,0.1042,0.1046,827568.0,775682.0
2025-07-25T08:16:46.156103,ADA-USDT,0.7985,0.7986,12153.0,16569.0
2025-07-25T08:16:46.239882,ANIME-USDT,0.01857,0.01863,55843.0,31025.0
2025-07-25T08:16:46.239931,ACE-USDT,0.5597,0.5622,12679.0,2355.0
2025-07-25T08:16:46.475912,AIXBT-USDT,0.13953,0.13987,2008.0,173.0
2025-07-25T08:16:46.475963,ACH-USDT,0.021593,0.021667,2786.0,1194.0
2025-07-25T08:16:46.564689,AAVE-USDT,287.1,287.11,40.0,96.0
2025-07-25T08:16:46.569937,AGT-USDT,0.00558,0.00562,6601.0,13686.0
2025-07-25T08:16:46.579137,ALGO-USDT,0.2572,0.2583,445294.0,902392.0
2025-07-25T08:16:46.660279,AI16Z-USDT,0.14632,0.14673,4783.0,1.0
2025-07-25T08:16:46.673955,AI-USDT,0.13058,0.13129,132.0,162.0
2025-07-25T08:16:46.675564,AIN-USDT,0.15299,0.15358,140.0,3826.0
2025-07-25T08:16:46.779245,AERO-USDT,0.87514,0.87721,48837.0,797.0
2025-07-25T08:16:46.902007,1INCH-USDT,0.2728,0.2736,45820.0,67063.0
2025-07-25T08:16:47.005884,A-USDT,0.55767,0.56024,6505.0,399.0
2025-07-25T08:16:47.125242,AEVO-USDT,0.1042,0.1046,827568.0,775682.0
2025-07-25T08:16:47.125292,ALT-USDT,0.03342,0.0335,49791.0,3322.0
2025-07-25T08:16:47.125326,ALCH-USDT,0.13743,0.13784,43874.0,19184.0
2025-07-25T08:16:47.125356,AGLD-USDT,0.7662,0.7718,53.0,22.0
2025-07-25T08:16:47.198413,ACT-USDT,0.04338,0.04485,411.0,5635.0
2025-07-25T08:16:47.223575,ADA-USDT,0.7985,0.7986,12153.0,19739.0
2025-07-25T08:16:47.251189,ANIME-USDT,0.01858,0.01863,58288.0,19406.0
2025-07-25T08:16:47.251221,ACE-USDT,0.5597,0.5622,13886.0,3191.0
2025-07-25T08:16:47.472800,AIXBT-USDT,0.13953,0.13993,15394.0,218.0
2025-07-25T08:16:47.561439,AAVE-USDT,287.12,287.13,100.0,7.0
2025-07-25T08:16:47.588300,ACH-USDT,0.021593,0.021667,2786.0,1194.0
2025-07-25T08:16:47.588341,ALGO-USDT,0.2572,0.2583,579419.0,902392.0
2025-07-25T08:16:47.628033,AGT-USDT,0.00558,0.00562,6601.0,13686.0
2025-07-25T08:16:47.642919,AI16Z-USDT,0.14636,0.14673,125239.0,1.0
2025-07-25T08:16:47.660027,AI-USDT,0.13058,0.13132,777.0,16.0
2025-07-25T08:16:47.660065,AIN-USDT,0.15299,0.15358,140.0,3826.0
2025-07-25T08:16:47.761928,AERO-USDT,0.87514,0.87721,48837.0,797.0
2025-07-25T08:16:47.947125,1INCH-USDT,0.2728,0.2736,77227.0,45575.0
2025-07-25T08:16:47.947711,A-USDT,0.55785,0.56055,4328.0,10916.0
2025-07-25T08:16:48.076562,ALCH-USDT,0.13743,0.13784,43874.0,19184.0
2025-07-25T08:16:48.080853,AGLD-USDT,0.7662,0.7718,48.0,71.0
2025-07-25T08:16:48.094146,ACT-USDT,0.04338,0.04485,1331.0,3764.0
2025-07-25T08:16:48.155025,ALT-USDT,0.03343,0.03351,58672.0,1264.0
2025-07-25T08:16:48.155076,ADA-USDT,0.7987,0.7988,12984.0,26054.0
2025-07-25T08:16:48.155111,AEVO-USDT,0.1042,0.1046,827568.0,775682.0
2025-07-25T08:16:48.191563,ANIME-USDT,0.01858,0.01863,63347.0,9453.0
2025-07-25T08:16:48.291874,ACE-USDT,0.5594,0.5626,8073.0,9964.0
2025-07-25T08:16:48.473568,ALGO-USDT,0.2572,0.2583,579419.0,902392.0
2025-07-25T08:16:48.473618,AIXBT-USDT,0.13957,0.13992,545.0,1213.0
2025-07-25T08:16:48.473657,ACH-USDT,0.021597,0.021672,2508.0,102.0
2025-07-25T08:16:48.543713,AAVE-USDT,287.12,287.13,140.0,96.0
2025-07-25T08:16:48.594064,AIN-USDT,0.15299,0.15358,140.0,300.0
2025-07-25T08:16:48.636482,AGT-USDT,0.00558,0.00562,6601.0,13686.0
2025-07-25T08:16:48.655841,AI16Z-USDT,0.14641,0.14673,102520.0,1.0
2025-07-25T08:16:48.662357,AI-USDT,0.13058,0.13132,777.0,16.0
2025-07-25T08:16:48.762027,AERO-USDT,0.87514,0.87782,48837.0,61707.0
2025-07-25T08:16:48.952526,1INCH-USDT,0.2728,0.2736,45820.0,45575.0
2025-07-25T08:16:48.952564,A-USDT,0.55785,0.56055,4328.0,10916.0
2025-07-25T08:16:49.136458,ACT-USDT,0.04339,0.04486,2487.0,7333.0
2025-07-25T08:16:49.136495,ALCH-USDT,0.13743,0.13784,43874.0,19184.0
2025-07-25T08:16:49.141739,AGLD-USDT,0.7662,0.772,1720.0,1553.0
2025-07-25T08:16:49.171063,ALT-USDT,0.03344,0.03352,46561.0,2443.0
2025-07-25T08:16:49.171084,ADA-USDT,0.7988,0.7991,17540.0,12076.0
2025-07-25T08:16:49.171104,AEVO-USDT,0.1042,0.1046,827568.0,775682.0
2025-07-25T08:16:49.249965,ANIME-USDT,0.01859,0.01864,68370.0,60569.0
2025-07-25T08:16:49.250007,ACE-USDT,0.5597,0.5626,104806.0,94044.0
2025-07-25T08:16:49.465313,AIXBT-USDT,0.13961,0.13996,2068.0,17.0
2025-07-25T08:16:49.571254,AAVE-USDT,287.2,287.25,23.0,1.0
2025-07-25T08:16:49.581601,ACH-USDT,0.021607,0.02168,6519.0,762.0
2025-07-25T08:16:49.581639,ALGO-USDT,0.2573,0.2584,472765.0,134176.0
2025-07-25T08:16:49.626244,AGT-USDT,0.00558,0.00562,6601.0,13686.0
2025-07-25T08:16:49.642183,AI16Z-USDT,0.14651,0.14673,109890.0,1.0
2025-07-25T08:16:49.661433,AIN-USDT,0.15299,0.15358,140.0,300.0
2025-07-25T08:16:49.699509,AI-USDT,0.13065,0.13135,527.0,248.0
2025-07-25T08:16:49.801775,AERO-USDT,0.87534,0.87781,59838.0,797.0
2025-07-25T08:16:49.961729,1INCH-USDT,0.273,0.2739,29023.0,43955.0
2025-07-25T08:16:49.961813,A-USDT,0.55804,0.56055,3802.0,10916.0
2025-07-25T08:16:50.084853,AGLD-USDT,0.7667,0.7722,27.0,65.0
2025-07-25T08:16:50.123044,ALCH-USDT,0.13743,0.13784,43874.0,19184.0
2025-07-25T08:16:50.132957,ACT-USDT,0.04338,0.04489,10188.0,1985.0
2025-07-25T08:16:50.196044,AEVO-USDT,0.1044,0.1047,815089.0,612383.0
2025-07-25T08:16:50.196080,ALT-USDT,0.03345,0.03353,17892.0,741.0
2025-07-25T08:16:50.196104,ADA-USDT,0.7991,0.7993,10767.0,18687.0
2025-07-25T08:16:50.196939,ANIME-USDT,0.01859,0.01864,57289.0,31521.0
2025-07-25T08:16:50.296449,ACE-USDT,0.5601,0.5628,20832.0,4672.0
2025-07-25T08:16:50.481465,AIXBT-USDT,0.13965,0.14,1244.0,104.0
2025-07-25T08:16:50.481515,ACH-USDT,0.021607,0.02168,5823.0,762.0
2025-07-25T08:16:50.481553,ALGO-USDT,0.2573,0.2584,893327.0,134176.0
2025-07-25T08:16:50.508536,AAVE-USDT,287.24,287.25,73.0,96.0
2025-07-25T08:16:50.638586,AGT-USDT,0.00558,0.00562,6601.0,13686.0
2025-07-25T08:16:50.679344,AI16Z-USDT,0.14652,0.14673,4777.0,1.0
2025-07-25T08:16:50.682197,AIN-USDT,0.153,0.15372,3907.0,15148.0
2025-07-25T08:16:50.727843,AI-USDT,0.13065,0.13135,553.0,328.0
2025-07-25T08:16:50.812596,AERO-USDT,0.87535,0.87781,797.0,797.0
2025-07-25T08:16:50.889992,1INCH-USDT,0.273,0.2738,84680.0,31016.0
2025-07-25T08:16:51.000757,A-USDT,0.55804,0.56055,3802.0,10916.0
2025-07-25T08:16:51.094432,AGLD-USDT,0.7665,0.7724,1701.0,195.0
2025-07-25T08:16:51.100407,ALT-USDT,0.03344,0.03354,201465.0,103578.0
2025-07-25T08:16:51.100454,AEVO-USDT,0.1044,0.1047,815089.0,766501.0
2025-07-25T08:16:51.122403,ALCH-USDT,0.13743,0.13784,43874.0,19184.0
2025-07-25T08:16:51.147817,ACT-USDT,0.04338,0.04489,6751.0,1927.0
2025-07-25T08:16:51.209297,ANIME-USDT,0.01859,0.01864,60732.0,384.0
2025-07-25T08:16:51.210996,ADA-USDT,0.7991,0.7992,9214.0,5467.0
2025-07-25T08:16:51.315802,ACE-USDT,0.5601,0.5628,26709.0,4672.0
2025-07-25T08:16:51.464042,AIXBT-USDT,0.13965,0.14003,1732.0,6.0
2025-07-25T08:16:51.576888,ALGO-USDT,0.2573,0.2585,934676.0,964612.0
2025-07-25T08:16:51.576925,ACH-USDT,0.021607,0.02168,6255.0,762.0
2025-07-25T08:16:51.593007,AAVE-USDT,287.27,287.3,19.0,77.0
2025-07-25T08:16:51.609407,AI16Z-USDT,0.14652,0.14673,4777.0,1.0
2025-07-25T08:16:51.650905,AGT-USDT,0.00558,0.00562,6601.0,13686.0
2025-07-25T08:16:51.661613,AIN-USDT,0.15301,0.1536,160.0,12100.0
2025-07-25T08:16:51.696934,AI-USDT,0.13065,0.13135,371.0,228.0
2025-07-25T08:16:51.800492,AERO-USDT,0.87535,0.87781,797.0,797.0
2025-07-25T08:16:51.948213,1INCH-USDT,0.273,0.2739,43056.0,43955.0
2025-07-25T08:16:51.949086,A-USDT,0.55804,0.56055,3802.0,10916.0
2025-07-25T08:16:52.042040,ALCH-USDT,0.13743,0.13784,43874.0,19184.0
2025-07-25T08:16:52.145883,ACT-USDT,0.04338,0.04489,4795.0,1547.0
2025-07-25T08:16:52.145971,AGLD-USDT,0.7667,0.772,348.0,348.0
2025-07-25T08:16:52.157552,ALT-USDT,0.03345,0.03353,68773.0,3977.0
2025-07-25T08:16:52.157608,AEVO-USDT,0.1042,0.1046,827568.0,698855.0
2025-07-25T08:16:52.157680,ADA-USDT,0.7991,0.7993,22051.0,1089.0
2025-07-25T08:16:52.248540,ANIME-USDT,0.0186,0.01865,559.0,34638.0
2025-07-25T08:16:52.249628,ACE-USDT,0.5601,0.5626,394.0,14457.0
2025-07-25T08:16:52.468481,AIXBT-USDT,0.13969,0.14003,76.0,583.0
2025-07-25T08:16:52.468518,ALGO-USDT,0.2573,0.2585,934676.0,964612.0
2025-07-25T08:16:52.468549,ACH-USDT,0.021606,0.02168,5862.0,1601.0
2025-07-25T08:16:52.551124,AAVE-USDT,287.26,287.32,31.0,84.0
2025-07-25T08:16:52.614864,AGT-USDT,0.00558,0.00562,6601.0,13686.0
2025-07-25T08:16:52.632407,AI16Z-USDT,0.14652,0.14673,4777.0,1.0
2025-07-25T08:16:52.660478,AI-USDT,0.13064,0.13137,466.0,2160.0
2025-07-25T08:16:52.682001,AIN-USDT,0.15301,0.15372,160.0,15148.0
2025-07-25T08:16:52.762167,AERO-USDT,0.87558,0.87781,51322.0,797.0
2025-07-25T08:16:52.945081,1INCH-USDT,0.273,0.2738,68271.0,78161.0
2025-07-25T08:16:52.946522,A-USDT,0.55804,0.56055,3802.0,10916.0
2025-07-25T08:16:53.112522,ACT-USDT,0.04338,0.04491,15353.0,12514.0
2025-07-25T08:16:53.119718,AGLD-USDT,0.7667,0.772,348.0,348.0
2025-07-25T08:16:53.133259,ALCH-USDT,0.13743,0.13784,43874.0,19184.0
2025-07-25T08:16:53.187882,ALT-USDT,0.03346,0.03354,85037.0,15931.0
2025-07-25T08:16:53.188214,AEVO-USDT,0.1044,0.1048,688020.0,831735.0
2025-07-25T08:16:53.188248,ADA-USDT,0.7993,0.7994,16774.0,2864.0
2025-07-25T08:16:53.237522,ANIME-USDT,0.0186,0.01865,27325.0,30670.0
2025-07-25T08:16:53.237955,ACE-USDT,0.5599,0.5628,91289.0,107676.0
2025-07-25T08:16:53.466257,AIXBT-USDT,0.13971,0.14006,958.0,49.0
2025-07-25T08:16:53.560337,AGT-USDT,0.00558,0.00562,6601.0,13686.0
2025-07-25T08:16:53.560372,AAVE-USDT,287.32,287.33,18.0,124.0
2025-07-25T08:16:53.575955,ALGO-USDT,0.2573,0.2586,931383.0,853705.0
2025-07-25T08:16:53.575988,ACH-USDT,0.021609,0.02168,6340.0,248.0
2025-07-25T08:16:53.664267,AIN-USDT,0.15306,0.15372,4682.0,15148.0
2025-07-25T08:16:53.667926,AI16Z-USDT,0.14661,0.14673,129203.0,1.0
2025-07-25T08:16:53.672696,AI-USDT,0.13067,0.13137,101.0,2160.0
2025-07-25T08:16:53.779618,AERO-USDT,0.87535,0.87781,797.0,797.0
2025-07-25T08:16:53.941469,1INCH-USDT,0.273,0.2738,43056.0,41492.0
2025-07-25T08:16:53.941517,A-USDT,0.55804,0.56076,3802.0,499.0
2025-07-25T08:16:54.121774,ALCH-USDT,0.13743,0.13784,43874.0,19184.0
2025-07-25T08:16:54.123931,AGLD-USDT,0.7668,0.772,79.0,348.0
2025-07-25T08:16:54.158575,ALT-USDT,0.03346,0.03354,52671.0,13229.0
2025-07-25T08:16:54.158613,ADA-USDT,0.7993,0.7994,16774.0,22163.0
2025-07-25T08:16:54.158697,AEVO-USDT,0.1044,0.1048,688020.0,831735.0
2025-07-25T08:16:54.197569,ACT-USDT,0.04401,0.04486,8326.0,8324.0
2025-07-25T08:16:54.249639,ANIME-USDT,0.0186,0.01865,62110.0,68150.0
2025-07-25T08:16:54.249971,ACE-USDT,0.5599,0.5628,91269.0,107676.0
2025-07-25T08:16:54.476242,AIXBT-USDT,0.13971,0.14006,394.0,750.0
2025-07-25T08:16:54.476280,ACH-USDT,0.021611,0.021685,2856.0,269.0
2025-07-25T08:16:54.508099,AAVE-USDT,287.32,287.33,29.0,28.0
2025-07-25T08:16:54.567533,AGT-USDT,0.00558,0.00562,6601.0,13686.0
2025-07-25T08:16:54.581763,ALGO-USDT,0.2574,0.2586,544586.0,862130.0
2025-07-25T08:16:54.642808,AI16Z-USDT,0.14661,0.14673,116568.0,1.0
2025-07-25T08:16:54.676323,AIN-USDT,0.15306,0.15371,4682.0,159.0
2025-07-25T08:16:54.718976,AI-USDT,0.13064,0.13137,466.0,2160.0
2025-07-25T08:16:54.812858,AERO-USDT,0.87535,0.87781,797.0,797.0
2025-07-25T08:16:54.962038,1INCH-USDT,0.273,0.2738,62088.0,42387.0
2025-07-25T08:16:54.962086,A-USDT,0.55804,0.56076,3802.0,499.0
2025-07-25T08:16:55.090722,ALCH-USDT,0.13743,0.13784,43874.0,19184.0
2025-07-25T08:16:55.120973,AGLD-USDT,0.7667,0.772,348.0,348.0
2025-07-25T08:16:55.137039,ACT-USDT,0.04401,0.04491,8326.0,12514.0
2025-07-25T08:16:55.171339,AEVO-USDT,0.1044,0.1048,688020.0,831735.0
2025-07-25T08:16:55.171376,ALT-USDT,0.03345,0.03355,224216.0,83070.0
2025-07-25T08:16:55.171405,ADA-USDT,0.7993,0.7994,22773.0,19458.0
2025-07-25T08:16:55.225816,ANIME-USDT,0.0186,0.01865,58185.0,59303.0
2025-07-25T08:16:55.225855,ACE-USDT,0.5604,0.563,9644.0,12490.0
2025-07-25T08:16:55.473624,AIXBT-USDT,0.13965,0.14,51.0,303.0
2025-07-25T08:16:55.474250,ALGO-USDT,0.2574,0.2586,517574.0,865778.0
2025-07-25T08:16:55.474890,ACH-USDT,0.021611,0.021685,2856.0,269.0
2025-07-25T08:16:55.634543,AAVE-USDT,287.32,287.33,27.0,124.0
2025-07-25T08:16:55.634582,AI16Z-USDT,0.14661,0.14673,112816.0,1.0
2025-07-25T08:16:55.650384,AGT-USDT,0.00558,0.00562,6601.0,13686.0
2025-07-25T08:16:55.660307,AIN-USDT,0.15306,0.15371,27486.0,159.0
2025-07-25T08:16:55.715986,AI-USDT,0.13067,0.13137,366.0,2160.0
2025-07-25T08:16:55.814309,AERO-USDT,0.87535,0.87781,797.0,797.0
2025-07-25T08:16:55.942917,A-USDT,0.55804,0.56076,3802.0,499.0
2025-07-25T08:16:55.942966,1INCH-USDT,0.273,0.2738,70908.0,42387.0
2025-07-25T08:16:56.059203,ALCH-USDT,0.13743,0.13784,43874.0,19184.0
2025-07-25T08:16:56.130711,AGLD-USDT,0.7668,0.772,170.0,348.0
2025-07-25T08:16:56.137449,ACT-USDT,0.04401,0.04491,8326.0,12514.0
2025-07-25T08:16:56.154189,ALT-USDT,0.03346,0.03354,34290.0,28748.0
2025-07-25T08:16:56.154228,ADA-USDT,0.7993,0.7994,22773.0,18991.0
2025-07-25T08:16:56.154256,AEVO-USDT,0.1044,0.1048,688020.0,831735.0
2025-07-25T08:16:56.251085,ANIME-USDT,0.0186,0.01865,58562.0,64503.0
2025-07-25T08:16:56.251124,ACE-USDT,0.5602,0.563,7418.0,12490.0
2025-07-25T08:16:56.467769,AIXBT-USDT,0.13965,0.14001,75.0,105.0
2025-07-25T08:16:56.477391,ACH-USDT,0.021611,0.021685,2856.0,1073.0
2025-07-25T08:16:56.493031,AAVE-USDT,287.32,287.33,27.0,53.0
2025-07-25T08:16:56.568601,ALGO-USDT,0.2574,0.2586,650706.0,857353.0
2025-07-25T08:16:56.595679,AI16Z-USDT,0.14661,0.14673,192517.0,1.0
2025-07-25T08:16:56.614727,AGT-USDT,0.00558,0.00562,6601.0,13686.0
2025-07-25T08:16:56.653719,AIN-USDT,0.15313,0.15371,3893.0,159.0
2025-07-25T08:16:56.733003,AERO-USDT,0.87535,0.87781,797.0,797.0
2025-07-25T08:16:56.733033,AI-USDT,0.13067,0.13137,1010.0,2160.0
2025-07-25T08:16:56.913774,1INCH-USDT,0.2732,0.274,51094.0,20370.0
2025-07-25T08:16:57.018363,A-USDT,0.55804,0.56076,3802.0,499.0
2025-07-25T08:16:57.084978,AGLD-USDT,0.7668,0.772,232.0,348.0
2025-07-25T08:16:57.123947,ALCH-USDT,0.13743,0.13784,43874.0,19184.0
2025-07-25T08:16:57.131022,ALT-USDT,0.03345,0.03355,224216.0,83070.0
2025-07-25T08:16:57.131056,ADA-USDT,0.7993,0.7996,734.0,5331.0
2025-07-25T08:16:57.131079,AEVO-USDT,0.1044,0.1048,688020.0,831735.0
2025-07-25T08:16:57.163368,ACT-USDT,0.04368,0.0449,14128.0,928.0
2025-07-25T08:16:57.213175,ACE-USDT,0.5604,0.563,10040.0,12490.0
2025-07-25T08:16:57.213215,ANIME-USDT,0.0186,0.01865,65067.0,66005.0
2025-07-25T08:16:57.479253,AIXBT-USDT,0.1397,0.14006,1993.0,3620.0
2025-07-25T08:16:57.562362,AGT-USDT,0.00558,0.00562,6601.0,13686.0
2025-07-25T08:16:57.590247,ALGO-USDT,0.2576,0.2586,528018.0,134086.0
2025-07-25T08:16:57.590282,ACH-USDT,0.021618,0.021688,1274.0,389.0
2025-07-25T08:16:57.596146,AIN-USDT,0.15313,0.15371,39702.0,159.0
2025-07-25T08:16:57.608572,AAVE-USDT,287.34,287.46,32.0,25.0
2025-07-25T08:16:57.641342,AI16Z-USDT,0.14661,0.14673,221404.0,1.0
2025-07-25T08:16:57.710187,AI-USDT,0.13076,0.13148,672.0,1809.0
2025-07-25T08:16:57.829982,AERO-USDT,0.87564,0.87781,56101.0,797.0
2025-07-25T08:16:57.898701,1INCH-USDT,0.2732,0.274,76473.0,44960.0
2025-07-25T08:16:58.004564,A-USDT,0.55824,0.56106,4168.0,1547.0
2025-07-25T08:16:58.074573,ALCH-USDT,0.13753,0.13796,8575.0,10662.0
2025-07-25T08:16:58.121112,AEVO-USDT,0.1044,0.1048,688020.0,831735.0
2025-07-25T08:16:58.121161,ALT-USDT,0.03348,0.03356,16211.0,27249.0
2025-07-25T08:16:58.128613,AGLD-USDT,0.767,0.772,311.0,348.0
2025-07-25T08:16:58.150250,ACT-USDT,0.04341,0.04494,10113.0,10392.0
2025-07-25T08:16:58.217118,ADA-USDT,0.7996,0.7997,4900.0,1575.0
2025-07-25T08:16:58.235432,ANIME-USDT,0.0186,0.01865,109517.0,141520.0
2025-07-25T08:16:58.336983,ACE-USDT,0.5603,0.563,67737.0,12044.0
2025-07-25T08:16:58.500959,AIXBT-USDT,0.13971,0.14006,40.0,1941.0
2025-07-25T08:16:58.500995,ACH-USDT,0.021618,0.021688,3584.0,116.0
2025-07-25T08:16:58.501018,ALGO-USDT,0.2576,0.2586,960391.0,134086.0
2025-07-25T08:16:58.605839,AAVE-USDT,287.41,287.42,2.0,44.0
2025-07-25T08:16:58.659569,AI16Z-USDT,0.14661,0.14673,96856.0,1.0
2025-07-25T08:16:58.659620,AGT-USDT,0.00558,0.00562,6601.0,13686.0
2025-07-25T08:16:58.696170,AIN-USDT,0.15313,0.15371,39702.0,159.0
2025-07-25T08:16:58.728498,AI-USDT,0.1307,0.13142,412.0,307.0
2025-07-25T08:16:58.823914,AERO-USDT,0.87565,0.87781,797.0,797.0
2025-07-25T08:16:58.957826,1INCH-USDT,0.2732,0.274,28254.0,76404.0
2025-07-25T08:16:58.958120,A-USDT,0.55824,0.56106,4168.0,1547.0
2025-07-25T08:16:59.136179,ALCH-USDT,0.13749,0.1379,1862.0,7456.0
2025-07-25T08:16:59.136832,AGLD-USDT,0.7668,0.772,1598.0,348.0
2025-07-25T08:16:59.138177,ACT-USDT,0.04341,0.04494,10113.0,10392.0
2025-07-25T08:16:59.170544,ADA-USDT,0.7996,0.7997,4900.0,5520.0
2025-07-25T08:16:59.170583,AEVO-USDT,0.1044,0.1047,688020.0,685420.0
2025-07-25T08:16:59.170610,ALT-USDT,0.03348,0.03356,18321.0,39569.0
2025-07-25T08:16:59.239144,ANIME-USDT,0.0186,0.01865,30551.0,35174.0
2025-07-25T08:16:59.239709,ACE-USDT,0.5603,0.563,25131.0,12044.0
2025-07-25T08:16:59.502089,AIXBT-USDT,0.1397,0.14006,55.0,1465.0
2025-07-25T08:16:59.502136,ALGO-USDT,0.2576,0.2586,960391.0,134086.0
2025-07-25T08:16:59.502171,ACH-USDT,0.021617,0.021688,1365.0,130.0
2025-07-25T08:16:59.557274,AAVE-USDT,287.38,287.41,1.0,96.0
2025-07-25T08:16:59.661681,AI-USDT,0.1307,0.13142,412.0,301.0
2025-07-25T08:16:59.665737,AI16Z-USDT,0.14661,0.14673,100812.0,1.0
2025-07-25T08:16:59.676338,AIN-USDT,0.15314,0.15381,160.0,36237.0
2025-07-25T08:16:59.681347,AGT-USDT,0.00558,0.00562,6601.0,13686.0
2025-07-25T08:16:59.774142,AERO-USDT,0.87565,0.87781,797.0,797.0
2025-07-25T08:16:59.882974,1INCH-USDT,0.2732,0.274,20537.0,85921.0
2025-07-25T08:16:59.984887,A-USDT,0.55824,0.56106,4168.0,1547.0
2025-07-25T08:17:00.104743,ACT-USDT,0.04342,0.04493,1807.0,59.0
2025-07-25T08:17:00.131313,AEVO-USDT,0.1044,0.1047,688020.0,619836.0
2025-07-25T08:17:00.131343,ALT-USDT,0.03348,0.03356,30364.0,2861.0
2025-07-25T08:17:00.131375,AGLD-USDT,0.7672,0.772,42.0,348.0
2025-07-25T08:17:00.133275,ALCH-USDT,0.1375,0.1379,36815.0,7456.0
2025-07-25T08:17:00.226637,ADA-USDT,0.7996,0.7997,5390.0,4932.0
2025-07-25T08:17:00.252356,ANIME-USDT,0.0186,0.01865,282.0,3753.0
2025-07-25T08:17:00.252396,ACE-USDT,0.5603,0.563,4471.0,12044.0
2025-07-25T08:17:00.504758,AIXBT-USDT,0.13965,0.14004,22.0,3028.0
2025-07-25T08:17:00.504831,ACH-USDT,0.021617,0.02169,6145.0,156.0
2025-07-25T08:17:00.504870,ALGO-USDT,0.2574,0.2586,533407.0,661776.0
2025-07-25T08:17:00.524084,AAVE-USDT,287.33,287.38,26.0,96.0
2025-07-25T08:17:00.668467,AI16Z-USDT,0.14661,0.14673,96310.0,1.0
2025-07-25T08:17:00.669831,AGT-USDT,0.005554,0.00562,164431.0,13686.0
2025-07-25T08:17:00.672568,AIN-USDT,0.15314,0.1538,160.0,107.0
2025-07-25T08:17:00.739598,AI-USDT,0.1307,0.13141,104.0,193.0
2025-07-25T08:17:00.848930,AERO-USDT,0.87565,0.87781,797.0,797.0
2025-07-25T08:17:00.931920,1INCH-USDT,0.2732,0.274,80258.0,24022.0
2025-07-25T08:17:01.031773,A-USDT,0.55824,0.56089,4168.0,3745.0
2025-07-25T08:17:01.107020,AGLD-USDT,0.7668,0.772,1598.0,348.0
2025-07-25T08:17:01.133750,ALCH-USDT,0.1375,0.1379,36815.0,7456.0
2025-07-25T08:17:01.153371,ALT-USDT,0.03347,0.03355,3631.0,26823.0
2025-07-25T08:17:01.153409,AEVO-USDT,0.1044,0.1047,688020.0,575727.0
2025-07-25T08:17:01.153440,ADA-USDT,0.7996,0.7997,22759.0,4682.0
2025-07-25T08:17:01.159866,ACT-USDT,0.0434,0.04491,2478.0,1658.0
2025-07-25T08:17:01.236712,ACE-USDT,0.5605,0.563,406.0,5811.0
2025-07-25T08:17:01.236751,ANIME-USDT,0.0186,0.01865,56951.0,145040.0
2025-07-25T08:17:01.491890,ACH-USDT,0.021616,0.021687,3940.0,8775.0
2025-07-25T08:17:01.491926,AIXBT-USDT,0.1397,0.14002,1288.0,3121.0
2025-07-25T08:17:01.491956,ALGO-USDT,0.2575,0.2586,3291.0,661776.0
2025-07-25T08:17:01.596196,AIN-USDT,0.15314,0.1537,160.0,27199.0
2025-07-25T08:17:01.611939,AAVE-USDT,287.31,287.37,91.0,29.0
2025-07-25T08:17:01.659117,AI16Z-USDT,0.14661,0.14673,116772.0,1.0
2025-07-25T08:17:01.676695,AGT-USDT,0.005553,0.005612,673646.0,299791.0
2025-07-25T08:17:01.720717,AI-USDT,0.1307,0.13146,20.0,3446.0
2025-07-25T08:17:01.817051,AERO-USDT,0.87565,0.87781,797.0,797.0
2025-07-25T08:17:01.958707,1INCH-USDT,0.2732,0.274,41321.0,6716.0
2025-07-25T08:17:01.958752,A-USDT,0.55824,0.56089,4168.0,3745.0
2025-07-25T08:17:02.116910,AGLD-USDT,0.767,0.772,56.0,348.0
2025-07-25T08:17:02.139203,ALCH-USDT,0.1375,0.1379,36815.0,7456.0
2025-07-25T08:17:02.139243,ACT-USDT,0.04342,0.04493,2235.0,5420.0
2025-07-25T08:17:02.161588,ALT-USDT,0.03346,0.03356,205438.0,89303.0
2025-07-25T08:17:02.161626,AEVO-USDT,0.1044,0.1047,688020.0,659743.0
2025-07-25T08:17:02.161656,ADA-USDT,0.7998,0.7999,16015.0,16815.0
2025-07-25T08:17:02.224401,ANIME-USDT,0.0186,0.01865,282.0,3753.0
2025-07-25T08:17:02.224450,ACE-USDT,0.5603,0.563,9059.0,1457.0
2025-07-25T08:17:02.491664,AIXBT-USDT,0.13974,0.14016,2963.0,2383.0
2025-07-25T08:17:02.491703,ALGO-USDT,0.2575,0.2586,3291.0,665424.0
2025-07-25T08:17:02.491733,ACH-USDT,0.021617,0.021687,5225.0,151.0
2025-07-25T08:17:02.564626,AAVE-USDT,287.39,287.4,37.0,49.0
2025-07-25T08:17:02.663150,AI16Z-USDT,0.14661,0.14673,231840.0,1.0
2025-07-25T08:17:02.677558,AI-USDT,0.13076,0.13146,151.0,173.0
2025-07-25T08:17:02.679231,AGT-USDT,0.005553,0.005612,673646.0,299791.0
2025-07-25T08:17:02.683929,AIN-USDT,0.15314,0.1537,160.0,27199.0
2025-07-25T08:17:02.784276,AERO-USDT,0.87565,0.87781,797.0,797.0
2025-07-25T08:17:02.895388,1INCH-USDT,0.2732,0.2741,41321.0,45587.0
2025-07-25T08:17:02.992158,A-USDT,0.55824,0.56089,4168.0,3745.0
2025-07-25T08:17:03.096283,ALT-USDT,0.03348,0.03356,24607.0,21339.0
2025-07-25T08:17:03.122376,AGLD-USDT,0.767,0.772,56.0,348.0
2025-07-25T08:17:03.126845,ALCH-USDT,0.1375,0.1379,36815.0,7456.0
2025-07-25T08:17:03.157814,ACT-USDT,0.04341,0.04492,2674.0,948.0
2025-07-25T08:17:03.197324,ADA-USDT,0.7997,0.7999,3369.0,16815.0
2025-07-25T08:17:03.197363,AEVO-USDT,0.1044,0.1048,688020.0,831735.0
2025-07-25T08:17:03.209131,ACE-USDT,0.5606,0.5634,2619.0,139049.0
2025-07-25T08:17:03.209169,ANIME-USDT,0.0186,0.01865,282.0,3753.0
2025-07-25T08:17:03.462133,AIXBT-USDT,0.13974,0.14007,1243.0,58.0
2025-07-25T08:17:03.462172,ACH-USDT,0.021617,0.021687,2021.0,449.0
2025-07-25T08:17:03.564819,ALGO-USDT,0.2575,0.2586,3291.0,665424.0
2025-07-25T08:17:03.602620,AAVE-USDT,287.32,287.33,58.0,2.0
2025-07-25T08:17:03.640566,AGT-USDT,0.005561,0.00562,598792.0,483453.0
2025-07-25T08:17:03.652152,AI16Z-USDT,0.14661,0.14673,190232.0,1.0
2025-07-25T08:17:03.663874,AIN-USDT,0.15314,0.15369,160.0,212.0
2025-07-25T08:17:03.704584,AI-USDT,0.13073,0.13146,4314.0,173.0
2025-07-25T08:17:03.817457,AERO-USDT,0.87565,0.87781,797.0,797.0
2025-07-25T08:17:03.939814,1INCH-USDT,0.2732,0.2741,41321.0,45587.0
2025-07-25T08:17:03.939850,A-USDT,0.55824,0.56089,4168.0,3745.0
2025-07-25T08:17:04.090368,AGLD-USDT,0.767,0.772,56.0,348.0
2025-07-25T08:17:04.090406,ALCH-USDT,0.1375,0.1379,36815.0,7456.0
2025-07-25T08:17:04.134575,ACT-USDT,0.04401,0.04488,8326.0,8326.0
2025-07-25T08:17:04.154190,ALT-USDT,0.03347,0.03356,42277.0,80698.0
2025-07-25T08:17:04.160379,AEVO-USDT,0.1044,0.1048,688020.0,831735.0
2025-07-25T08:17:04.160425,ADA-USDT,0.7995,0.7998,3420.0,664.0
2025-07-25T08:17:04.195122,ANIME-USDT,0.0186,0.01865,282.0,3753.0
2025-07-25T08:17:04.322607,ACE-USDT,0.5606,0.5632,2187.0,636.0
2025-07-25T08:17:04.475933,AIXBT-USDT,0.13974,0.14006,1506.0,2570.0
2025-07-25T08:17:04.475977,ALGO-USDT,0.2575,0.2586,3291.0,665424.0
2025-07-25T08:17:04.476017,ACH-USDT,0.021614,0.02169,2277.0,12272.0
2025-07-25T08:17:04.491533,AAVE-USDT,287.37,287.38,117.0,96.0
2025-07-25T08:17:04.591801,AIN-USDT,0.15314,0.15369,160.0,212.0
2025-07-25T08:17:04.652454,AGT-USDT,0.005561,0.00561,598792.0,13711.0
2025-07-25T08:17:04.657813,AI16Z-USDT,0.14661,0.14673,121956.0,1.0
2025-07-25T08:17:04.729532,AI-USDT,0.13077,0.13149,102.0,150.0
2025-07-25T08:17:04.817915,AERO-USDT,0.87565,0.87781,797.0,797.0
2025-07-25T08:17:04.933121,1INCH-USDT,0.2732,0.274,41321.0,26278.0
2025-07-25T08:17:04.933168,A-USDT,0.55835,0.56089,8529.0,3745.0
2025-07-25T08:17:05.122745,ALCH-USDT,0.1375,0.1379,36815.0,7456.0
2025-07-25T08:17:05.122837,AGLD-USDT,0.767,0.772,44.0,348.0
2025-07-25T08:17:05.135347,ACT-USDT,0.04401,0.04487,8326.0,5888.0
2025-07-25T08:17:05.146999,AEVO-USDT,0.1044,0.1048,688020.0,831735.0
2025-07-25T08:17:05.147048,ALT-USDT,0.03347,0.03355,12699.0,27901.0
2025-07-25T08:17:05.147084,ADA-USDT,0.7991,0.7993,12627.0,9229.0
2025-07-25T08:17:05.231511,ANIME-USDT,0.0186,0.01865,282.0,3753.0
2025-07-25T08:17:05.231549,ACE-USDT,0.5606,0.5632,2316.0,601.0
2025-07-25T08:17:05.468438,AIXBT-USDT,0.13972,0.14008,1267.0,161.0
2025-07-25T08:17:05.468477,ACH-USDT,0.021617,0.02169,2521.0,12272.0
2025-07-25T08:17:05.562760,AAVE-USDT,287.36,287.37,1.0,79.0
2025-07-25T08:17:05.571425,ALGO-USDT,0.2575,0.2586,3291.0,508175.0
2025-07-25T08:17:05.635934,AGT-USDT,0.00557,0.00561,12726.0,13711.0
2025-07-25T08:17:05.641939,AI16Z-USDT,0.14661,0.14673,239547.0,1.0
2025-07-25T08:17:05.673388,AIN-USDT,0.15314,0.15369,160.0,212.0
2025-07-25T08:17:05.687892,AI-USDT,0.13077,0.13148,25.0,488.0
2025-07-25T08:17:05.807563,AERO-USDT,0.87565,0.87781,797.0,797.0
2025-07-25T08:17:05.940024,1INCH-USDT,0.2732,0.2741,72438.0,45587.0
2025-07-25T08:17:05.940878,A-USDT,0.55835,0.56089,8529.0,3745.0
2025-07-25T08:17:06.085416,AGLD-USDT,0.767,0.772,44.0,348.0
2025-07-25T08:17:06.107671,ALCH-USDT,0.13749,0.1379,42440.0,7456.0
2025-07-25T08:17:06.125114,ACT-USDT,0.04401,0.04489,8326.0,25565.0
2025-07-25T08:17:06.164515,ALT-USDT,0.03347,0.03355,27749.0,18319.0
2025-07-25T08:17:06.164610,AEVO-USDT,0.1044,0.1048,688020.0,831735.0
2025-07-25T08:17:06.164649,ADA-USDT,0.7992,0.7993,13752.0,3074.0
2025-07-25T08:17:06.191704,ANIME-USDT,0.0186,0.01865,282.0,3753.0
2025-07-25T08:17:06.295310,ACE-USDT,0.5606,0.5632,2109.0,671.0
2025-07-25T08:17:06.481462,AIXBT-USDT,0.13974,0.14008,38.0,2070.0
2025-07-25T08:17:06.482632,ACH-USDT,0.021617,0.021688,5716.0,15601.0
2025-07-25T08:17:06.482669,ALGO-USDT,0.2575,0.2586,3291.0,3648.0
2025-07-25T08:17:06.509014,AAVE-USDT,287.36,287.37,32.0,79.0
2025-07-25T08:17:06.595994,AIN-USDT,0.15314,0.15369,160.0,212.0
2025-07-25T08:17:06.634744,AGT-USDT,0.00557,0.00561,12726.0,13711.0
2025-07-25T08:17:06.655700,AI16Z-USDT,0.14661,0.14673,109269.0,1.0
2025-07-25T08:17:06.665284,AI-USDT,0.13077,0.13148,25.0,235.0
2025-07-25T08:17:06.775127,AERO-USDT,0.87521,0.87781,63832.0,797.0
2025-07-25T08:17:06.899950,1INCH-USDT,0.2732,0.274,41321.0,30562.0
2025-07-25T08:17:06.999005,A-USDT,0.55835,0.56089,8529.0,3745.0
2025-07-25T08:17:07.083314,AGLD-USDT,0.7668,0.772,12.0,348.0
2025-07-25T08:17:07.120658,ALCH-USDT,0.13749,0.1379,42440.0,7456.0
2025-07-25T08:17:07.120680,ALT-USDT,0.03346,0.03355,315.0,105781.0
2025-07-25T08:17:07.148477,ACT-USDT,0.04341,0.0449,34301.0,31648.0
2025-07-25T08:17:07.183126,ANIME-USDT,0.0186,0.01865,101093.0,155917.0
2025-07-25T08:17:07.232303,AEVO-USDT,0.1044,0.1047,688020.0,708062.0
2025-07-25T08:17:07.232341,ADA-USDT,0.7991,0.7993,3022.0,19643.0
2025-07-25T08:17:07.289195,ACE-USDT,0.5605,0.5633,10645.0,14533.0
2025-07-25T08:17:07.453275,AIXBT-USDT,0.1397,0.14003,193.0,4.0
2025-07-25T08:17:07.560512,ACH-USDT,0.021616,0.021688,2314.0,1004.0
2025-07-25T08:17:07.561120,ALGO-USDT,0.2575,0.2586,3291.0,3648.0
2025-07-25T08:17:07.611228,AAVE-USDT,287.33,287.34,56.0,45.0
2025-07-25T08:17:07.641594,AI16Z-USDT,0.14671,0.14719,96657.0,113391.0
2025-07-25T08:17:07.648680,AIN-USDT,0.15314,0.15369,160.0,212.0
2025-07-25T08:17:07.653074,AGT-USDT,0.00557,0.00561,12726.0,13711.0
2025-07-25T08:17:07.713922,AI-USDT,0.13077,0.13148,25.0,58.0
2025-07-25T08:17:07.821506,AERO-USDT,0.87521,0.87781,63832.0,797.0
2025-07-25T08:17:07.910638,1INCH-USDT,0.2732,0.2741,42436.0,45587.0
2025-07-25T08:17:08.007635,A-USDT,0.55835,0.56089,8529.0,3745.0
2025-07-25T08:17:08.080063,AGLD-USDT,0.7668,0.772,189.0,348.0
2025-07-25T08:17:08.086252,ALCH-USDT,0.13749,0.1379,42440.0,7456.0
2025-07-25T08:17:08.127219,AEVO-USDT,0.1044,0.1048,688020.0,831735.0
2025-07-25T08:17:08.127485,ALT-USDT,0.03346,0.03354,34310.0,6397.0
2025-07-25T08:17:08.128774,ACT-USDT,0.04341,0.04489,34301.0,18755.0
2025-07-25T08:17:08.199913,ANIME-USDT,0.0186,0.01865,90020.0,3753.0
2025-07-25T08:17:08.219038,ADA-USDT,0.7991,0.7994,20614.0,10281.0
2025-07-25T08:17:08.318372,ACE-USDT,0.5603,0.5632,127944.0,14079.0
2025-07-25T08:17:08.466587,AIXBT-USDT,0.13975,0.14014,2872.0,181.0
2025-07-25T08:17:08.550384,AAVE-USDT,287.33,287.34,154.0,96.0
2025-07-25T08:17:08.567895,ACH-USDT,0.021616,0.021688,2314.0,1004.0
2025-07-25T08:17:08.567933,ALGO-USDT,0.2575,0.2586,3291.0,3648.0
2025-07-25T08:17:08.607061,AIN-USDT,0.15314,0.15369,160.0,212.0
2025-07-25T08:17:08.652474,AGT-USDT,0.00557,0.00561,12726.0,13711.0
2025-07-25T08:17:08.653317,AI16Z-USDT,0.14671,0.1472,112617.0,116168.0
2025-07-25T08:17:08.654826,AI-USDT,0.13077,0.13148,25.0,58.0
2025-07-25T08:17:08.757378,AERO-USDT,0.87522,0.87781,797.0,797.0
2025-07-25T08:17:08.918420,1INCH-USDT,0.2732,0.274,85087.0,34040.0
2025-07-25T08:17:09.033590,A-USDT,0.55835,0.56089,8529.0,3745.0
2025-07-25T08:17:09.125466,AGLD-USDT,0.7671,0.772,22.0,348.0
2025-07-25T08:17:09.132108,ADA-USDT,0.7993,0.7995,18280.0,23926.0
2025-07-25T08:17:09.132149,AEVO-USDT,0.1044,0.1048,688020.0,831735.0
2025-07-25T08:17:09.132176,ALT-USDT,0.03345,0.03355,112138.0,86945.0
2025-07-25T08:17:09.132462,ALCH-USDT,0.13749,0.1379,42440.0,7456.0
2025-07-25T08:17:09.193841,ACT-USDT,0.04342,0.04489,4265.0,25388.0
2025-07-25T08:17:09.243202,ANIME-USDT,0.0186,0.01865,263830.0,104725.0
2025-07-25T08:17:09.243250,ACE-USDT,0.5605,0.5632,13632.0,14079.0
2025-07-25T08:17:09.468211,AIXBT-USDT,0.13979,0.14014,428.0,181.0
2025-07-25T08:17:09.468266,ACH-USDT,0.021616,0.021688,2314.0,1004.0
2025-07-25T08:17:09.558445,AGT-USDT,0.00557,0.00561,12726.0,13711.0
2025-07-25T08:17:09.559635,AAVE-USDT,287.36,287.37,71.0,25.0
2025-07-25T08:17:09.570852,ALGO-USDT,0.2575,0.2586,3291.0,887810.0
2025-07-25T08:17:09.639947,AI16Z-USDT,0.14671,0.14697,243951.0,2.0
2025-07-25T08:17:09.663257,AIN-USDT,0.15314,0.15369,160.0,212.0
2025-07-25T08:17:09.667082,AI-USDT,0.13077,0.13148,25.0,58.0
2025-07-25T08:17:09.772964,AERO-USDT,0.87522,0.87781,797.0,797.0
2025-07-25T08:17:09.955446,1INCH-USDT,0.2732,0.274,42651.0,25659.0
2025-07-25T08:17:09.956862,A-USDT,0.55835,0.56089,8529.0,3745.0
2025-07-25T08:17:10.087148,ALCH-USDT,0.13749,0.1379,42440.0,7456.0
2025-07-25T08:17:10.091638,ALT-USDT,0.03345,0.03356,197045.0,80572.0
2025-07-25T08:17:10.116906,ACT-USDT,0.04342,0.04491,46016.0,4520.0
2025-07-25T08:17:10.120175,AGLD-USDT,0.7668,0.772,1647.0,348.0
2025-07-25T08:17:10.208991,ADA-USDT,0.7994,0.7996,23514.0,3947.0
2025-07-25T08:17:10.209062,AEVO-USDT,0.1044,0.1048,688020.0,831735.0
2025-07-25T08:17:10.222991,ANIME-USDT,0.01861,0.01866,244399.0,76352.0
2025-07-25T08:17:10.223028,ACE-USDT,0.5605,0.5632,16073.0,14079.0
2025-07-25T08:17:10.463935,AIXBT-USDT,0.13979,0.14016,1230.0,419.0
2025-07-25T08:17:10.572039,AAVE-USDT,287.39,287.4,61.0,36.0
2025-07-25T08:17:10.572084,ALGO-USDT,0.2575,0.2586,3291.0,938849.0
2025-07-25T08:17:10.572125,ACH-USDT,0.021621,0.021693,7721.0,129.0
2025-07-25T08:17:10.592596,AIN-USDT,0.15314,0.15369,160.0,212.0
2025-07-25T08:17:10.641062,AI16Z-USDT,0.14671,0.14697,24129.0,2.0
2025-07-25T08:17:10.654963,AGT-USDT,0.00557,0.00561,12726.0,13711.0
2025-07-25T08:17:10.668527,AI-USDT,0.13081,0.13152,399.0,103.0
2025-07-25T08:17:10.767968,AERO-USDT,0.87522,0.87781,797.0,797.0
2025-07-25T08:17:10.951813,1INCH-USDT,0.2732,0.274,73177.0,37152.0
2025-07-25T08:17:10.951852,A-USDT,0.55835,0.56089,8529.0,3745.0
2025-07-25T08:17:11.096803,ACT-USDT,0.04344,0.04491,2221.0,5646.0
2025-07-25T08:17:11.103488,ALCH-USDT,0.13749,0.1379,42440.0,7456.0
2025-07-25T08:17:11.120120,AGLD-USDT,0.7671,0.772,141.0,348.0
2025-07-25T08:17:11.168165,ALT-USDT,0.03347,0.03355,41416.0,7793.0
2025-07-25T08:17:11.168212,AEVO-USDT,0.1044,0.1048,688020.0,831735.0
2025-07-25T08:17:11.168245,ADA-USDT,0.7996,0.7997,18217.0,23170.0
2025-07-25T08:17:11.247706,ANIME-USDT,0.01859,0.01866,58096.0,66291.0
2025-07-25T08:17:11.247742,ACE-USDT,0.5605,0.5632,6292.0,818.0
2025-07-25T08:17:11.466412,AIXBT-USDT,0.1397,0.14012,11164.0,12811.0
2025-07-25T08:17:11.549105,AAVE-USDT,287.34,287.4,1.0,116.0
2025-07-25T08:17:11.576998,ACH-USDT,0.021616,0.021685,377.0,1181.0
2025-07-25T08:17:11.577410,ALGO-USDT,0.2575,0.2586,3291.0,991343.0
2025-07-25T08:17:11.602058,AI16Z-USDT,0.14671,0.14697,44646.0,2.0
2025-07-25T08:17:11.656121,AI-USDT,0.13075,0.13152,4344.0,359.0
2025-07-25T08:17:11.661941,AIN-USDT,0.15314,0.15369,160.0,212.0
2025-07-25T08:17:11.661984,AGT-USDT,0.00557,0.00561,12726.0,13711.0
2025-07-25T08:17:11.761915,AERO-USDT,0.87522,0.87781,797.0,797.0
2025-07-25T08:17:11.954865,1INCH-USDT,0.2732,0.274,83148.0,39593.0
2025-07-25T08:17:11.956949,A-USDT,0.55835,0.56089,8529.0,3745.0
2025-07-25T08:17:12.099661,ALT-USDT,0.03346,0.03354,42271.0,142.0
2025-07-25T08:17:12.118830,ALCH-USDT,0.13749,0.1379,42440.0,7456.0
2025-07-25T08:17:12.126660,AGLD-USDT,0.7668,0.772,215.0,348.0
2025-07-25T08:17:12.199839,ACT-USDT,0.04343,0.0449,1462.0,8089.0
2025-07-25T08:17:12.204165,AEVO-USDT,0.1044,0.1048,688020.0,831735.0
2025-07-25T08:17:12.204203,ADA-USDT,0.7996,0.7997,16515.0,23482.0
2025-07-25T08:17:12.237978,ACE-USDT,0.5605,0.5632,6707.0,9878.0
2025-07-25T08:17:12.238110,ANIME-USDT,0.0186,0.01865,37741.0,36354.0
2025-07-25T08:17:12.477525,AIXBT-USDT,0.1398,0.14016,915.0,1289.0
2025-07-25T08:17:12.626292,AI16Z-USDT,0.14662,0.14697,235250.0,2.0
2025-07-25T08:17:12.629695,ACH-USDT,0.021616,0.021687,834.0,1486.0
2025-07-25T08:17:12.629740,ALGO-USDT,0.2575,0.2584,3291.0,505076.0
2025-07-25T08:17:12.632913,AAVE-USDT,287.34,287.37,24.0,63.0
2025-07-25T08:17:12.632947,AI-USDT,0.13075,0.13148,178.0,385.0
2025-07-25T08:17:12.634468,AGT-USDT,0.00557,0.00561,12726.0,13711.0
2025-07-25T08:17:12.642123,AIN-USDT,0.15314,0.15369,160.0,3411.0
2025-07-25T08:17:12.739435,AERO-USDT,0.87522,0.87781,797.0,797.0
2025-07-25T08:17:12.980065,1INCH-USDT,0.2732,0.274,42651.0,39537.0
2025-07-25T08:17:12.980125,A-USDT,0.55835,0.56089,8529.0,3745.0
2025-07-25T08:17:13.082641,AGLD-USDT,0.767,0.772,86.0,348.0
2025-07-25T08:17:13.098521,ALT-USDT,0.03346,0.03354,22738.0,18641.0
2025-07-25T08:17:13.123526,ALCH-USDT,0.13749,0.1379,42440.0,7456.0
2025-07-25T08:17:13.188591,ACT-USDT,0.04342,0.04489,2223.0,6633.0
2025-07-25T08:17:13.202455,ANIME-USDT,0.0186,0.01865,3763.0,3753.0
2025-07-25T08:17:13.213771,AEVO-USDT,0.1044,0.1048,688020.0,831735.0
2025-07-25T08:17:13.213858,ADA-USDT,0.7996,0.7999,22552.0,8210.0
2025-07-25T08:17:13.312946,ACE-USDT,0.5605,0.5632,11366.0,4507.0
2025-07-25T08:17:13.478267,AIXBT-USDT,0.13996,0.14035,2051.0,1245.0
2025-07-25T08:17:13.478300,ALGO-USDT,0.2575,0.2586,3291.0,987695.0
2025-07-25T08:17:13.478331,ACH-USDT,0.021616,0.021688,2861.0,813.0
2025-07-25T08:17:13.562261,AAVE-USDT,287.36,287.38,37.0,70.0
2025-07-25T08:17:13.653044,AGT-USDT,0.00557,0.00561,12726.0,13711.0
2025-07-25T08:17:13.656208,AI16Z-USDT,0.14671,0.14697,41783.0,2.0
2025-07-25T08:17:13.669620,AI-USDT,0.13075,0.13148,371.0,432.0
2025-07-25T08:17:13.684567,AIN-USDT,0.15314,0.15369,160.0,3411.0
2025-07-25T08:17:13.773886,AERO-USDT,0.87522,0.87781,797.0,797.0
2025-07-25T08:17:13.898084,1INCH-USDT,0.2732,0.2741,42651.0,45587.0
2025-07-25T08:17:13.996878,A-USDT,0.55835,0.56089,8529.0,3745.0
2025-07-25T08:17:14.116705,AEVO-USDT,0.1044,0.1048,688020.0,831735.0
2025-07-25T08:17:14.116744,ALT-USDT,0.03346,0.03354,2199.0,20562.0
2025-07-25T08:17:14.119254,ALCH-USDT,0.13749,0.1379,42440.0,7456.0
2025-07-25T08:17:14.126940,AGLD-USDT,0.7668,0.772,11.0,348.0
2025-07-25T08:17:14.144040,ACT-USDT,0.0434,0.04489,49528.0,4875.0
2025-07-25T08:17:14.215933,ADA-USDT,0.799,0.7998,3961.0,26466.0
2025-07-25T08:17:14.255625,ANIME-USDT,0.0186,0.01867,3763.0,62025.0
2025-07-25T08:17:14.255716,ACE-USDT,0.5605,0.5632,8893.0,8042.0
2025-07-25T08:17:14.489077,ALGO-USDT,0.2575,0.2584,3291.0,757224.0
2025-07-25T08:17:14.489126,AIXBT-USDT,0.13992,0.14029,137.0,221.0
2025-07-25T08:17:14.565463,AAVE-USDT,287.3,287.33,1.0,37.0
2025-07-25T08:17:14.581647,AGT-USDT,0.00557,0.00561,12726.0,13711.0
2025-07-25T08:17:14.591880,ACH-USDT,0.021609,0.021702,2949.0,1686.0
2025-07-25T08:17:14.606990,AI16Z-USDT,0.14662,0.14697,235250.0,2.0
2025-07-25T08:17:14.672349,AI-USDT,0.13072,0.13145,4306.0,44.0
2025-07-25T08:17:14.679143,AIN-USDT,0.15314,0.15369,160.0,40279.0
2025-07-25T08:17:14.778941,AERO-USDT,0.87522,0.87781,797.0,797.0
2025-07-25T08:17:14.955150,A-USDT,0.55838,0.56089,10877.0,3745.0
2025-07-25T08:17:14.956841,1INCH-USDT,0.2732,0.2741,39933.0,45587.0
2025-07-25T08:17:15.055743,AGLD-USDT,0.7668,0.772,11.0,348.0
2025-07-25T08:17:15.094131,ACT-USDT,0.04341,0.04488,5455.0,5137.0
2025-07-25T08:17:15.103318,ALCH-USDT,0.13749,0.1379,42440.0,7456.0
2025-07-25T08:17:15.179821,ALT-USDT,0.03346,0.03354,16967.0,23672.0
2025-07-25T08:17:15.179858,AEVO-USDT,0.1044,0.1048,688020.0,831735.0
2025-07-25T08:17:15.179886,ADA-USDT,0.7989,0.7992,3484.0,12669.0
2025-07-25T08:17:15.264826,ANIME-USDT,0.0186,0.01865,64408.0,68579.0
2025-07-25T08:17:15.264872,ACE-USDT,0.5603,0.5632,138425.0,9488.0
2025-07-25T08:17:15.381270,AIXBT-USDT,0.13986,0.14029,2095.0,1968.0
2025-07-25T08:17:15.500871,ALGO-USDT,0.2575,0.2584,3291.0,760875.0
2025-07-25T08:17:15.500909,ACH-USDT,0.02162,0.021691,6168.0,8245.0
2025-07-25T08:17:15.549933,AAVE-USDT,287.34,287.37,81.0,1.0
2025-07-25T08:17:15.625389,AGT-USDT,0.00557,0.00561,12726.0,13711.0
2025-07-25T08:17:15.645704,AI16Z-USDT,0.14663,0.14697,4773.0,2.0
2025-07-25T08:17:15.655437,AI-USDT,0.13075,0.13145,58.0,44.0
2025-07-25T08:17:15.665934,AIN-USDT,0.15314,0.15369,160.0,40279.0
2025-07-25T08:17:15.761062,AERO-USDT,0.87522,0.87781,797.0,797.0
2025-07-25T08:17:15.898205,1INCH-USDT,0.2732,0.274,39933.0,27163.0
2025-07-25T08:17:15.996286,A-USDT,0.55838,0.56089,10877.0,3745.0
2025-07-25T08:17:16.071758,ALCH-USDT,0.13749,0.1379,42440.0,7456.0
2025-07-25T08:17:16.085618,AGLD-USDT,0.7667,0.772,348.0,348.0
2025-07-25T08:17:16.097391,ALT-USDT,0.03346,0.03354,2203.0,23215.0
2025-07-25T08:17:16.099804,ACT-USDT,0.0434,0.04489,49528.0,38561.0
2025-07-25T08:17:16.182706,ANIME-USDT,0.0186,0.01865,65806.0,67828.0
2025-07-25T08:17:16.211470,AEVO-USDT,0.1044,0.1048,688020.0,831735.0
2025-07-25T08:17:16.211511,ADA-USDT,0.7987,0.7988,18917.0,7243.0
2025-07-25T08:17:16.282844,ACE-USDT,0.5603,0.563,4990.0,10166.0
2025-07-25T08:17:16.425588,AIXBT-USDT,0.13986,0.14023,38.0,1308.0
2025-07-25T08:17:16.501661,ACH-USDT,0.021615,0.021691,23500.0,8245.0
2025-07-25T08:17:16.501699,ALGO-USDT,0.2575,0.2584,3291.0,760875.0
2025-07-25T08:17:16.555803,AAVE-USDT,287.42,287.43,29.0,79.0
2025-07-25T08:17:16.659217,AI16Z-USDT,0.14663,0.14697,4773.0,2.0
2025-07-25T08:17:16.662278,AI-USDT,0.13075,0.13145,65.0,44.0
2025-07-25T08:17:16.681370,AIN-USDT,0.15314,0.15369,160.0,40279.0
2025-07-25T08:17:16.682463,AGT-USDT,0.00557,0.00561,12726.0,13711.0
2025-07-25T08:17:16.781509,AERO-USDT,0.87522,0.87781,797.0,797.0
2025-07-25T08:17:16.959002,1INCH-USDT,0.273,0.2738,45089.0,47072.0
2025-07-25T08:17:16.959047,A-USDT,0.55821,0.56089,438.0,3745.0
2025-07-25T08:17:17.129330,ALCH-USDT,0.13749,0.1379,42440.0,7456.0
2025-07-25T08:17:17.129366,AGLD-USDT,0.7667,0.7719,348.0,83.0
2025-07-25T08:17:17.150690,ACT-USDT,0.04338,0.04488,41494.0,44105.0
2025-07-25T08:17:17.157285,ALT-USDT,0.03345,0.03353,2.0,32501.0
2025-07-25T08:17:17.157325,AEVO-USDT,0.1044,0.1048,688020.0,831735.0
2025-07-25T08:17:17.157355,ADA-USDT,0.7983,0.7987,4087.0,22647.0
2025-07-25T08:17:17.254552,ANIME-USDT,0.01859,0.01864,31737.0,31116.0
2025-07-25T08:17:17.254590,ACE-USDT,0.5601,0.5628,6448.0,15145.0
2025-07-25T08:17:17.476257,AIXBT-USDT,0.13978,0.14014,1252.0,263.0
2025-07-25T08:17:17.478924,ACH-USDT,0.021615,0.021691,1740.0,7032.0
2025-07-25T08:17:17.478970,ALGO-USDT,0.2575,0.2583,3291.0,850878.0
2025-07-25T08:17:17.565886,AGT-USDT,0.00557,0.00561,12726.0,13711.0
2025-07-25T08:17:17.604362,AAVE-USDT,287.38,287.43,108.0,24.0
2025-07-25T08:17:17.643101,AI16Z-USDT,0.1465,0.14697,18699.0,2.0
2025-07-25T08:17:17.665352,AIN-USDT,0.15314,0.15369,160.0,40279.0
2025-07-25T08:17:17.714970,AERO-USDT,0.87522,0.87781,797.0,797.0
2025-07-25T08:17:17.715009,AI-USDT,0.13069,0.1314,216.0,155.0
2025-07-25T08:17:17.945983,1INCH-USDT,0.273,0.2738,45089.0,50476.0
2025-07-25T08:17:17.946190,A-USDT,0.55821,0.56089,438.0,3745.0
2025-07-25T08:17:18.122938,ALCH-USDT,0.13749,0.1379,42440.0,7456.0
2025-07-25T08:17:18.142497,AGLD-USDT,0.7667,0.7719,348.0,61.0
2025-07-25T08:17:18.163583,ALT-USDT,0.03344,0.03352,21760.0,6325.0
2025-07-25T08:17:18.164954,AEVO-USDT,0.1044,0.1048,688020.0,831735.0
2025-07-25T08:17:18.165003,ADA-USDT,0.7982,0.7983,23147.0,4507.0
2025-07-25T08:17:18.167566,ACT-USDT,0.04338,0.04487,42614.0,30934.0
2025-07-25T08:17:18.251484,ANIME-USDT,0.01859,0.01864,58419.0,59818.0
2025-07-25T08:17:18.251630,ACE-USDT,0.5601,0.5628,6448.0,10740.0
2025-07-25T08:17:18.469291,AIXBT-USDT,0.13974,0.14008,1169.0,1426.0
2025-07-25T08:17:18.561850,AGT-USDT,0.00557,0.00561,12726.0,13711.0
2025-07-25T08:17:18.568616,AAVE-USDT,287.42,287.43,104.0,6.0
2025-07-25T08:17:18.582577,ACH-USDT,0.021618,0.021691,1902.0,7032.0
2025-07-25T08:17:18.582625,ALGO-USDT,0.2575,0.2583,3291.0,850878.0
2025-07-25T08:17:18.593357,AIN-USDT,0.15314,0.15369,160.0,40279.0
2025-07-25T08:17:18.658940,AI16Z-USDT,0.14651,0.14697,4777.0,2.0
2025-07-25T08:17:18.689298,AI-USDT,0.13069,0.1314,178.0,192.0
2025-07-25T08:17:18.793520,AERO-USDT,0.87522,0.87781,797.0,797.0
2025-07-25T08:17:18.913159,1INCH-USDT,0.273,0.2738,81762.0,71583.0
2025-07-25T08:17:19.008527,A-USDT,0.55821,0.56089,438.0,3745.0
2025-07-25T08:17:19.055898,AGLD-USDT,0.7667,0.772,348.0,411.0
2025-07-25T08:17:19.102959,ALCH-USDT,0.13749,0.1379,42440.0,7456.0
2025-07-25T08:17:19.120147,ALT-USDT,0.03344,0.03352,153.0,18994.0
2025-07-25T08:17:19.120184,ADA-USDT,0.7981,0.7982,1064.0,22403.0
2025-07-25T08:17:19.120213,AEVO-USDT,0.1043,0.1046,666946.0,624561.0
2025-07-25T08:17:19.138845,ACT-USDT,0.04339,0.04486,3440.0,6003.0
2025-07-25T08:17:19.268918,ANIME-USDT,0.01859,0.01864,31468.0,27146.0
2025-07-25T08:17:19.268959,ACE-USDT,0.5601,0.5631,171631.0,202908.0
2025-07-25T08:17:19.471673,AIXBT-USDT,0.13974,0.14008,1144.0,1312.0
2025-07-25T08:17:19.571139,ALGO-USDT,0.2575,0.2583,3291.0,850878.0
2025-07-25T08:17:19.571256,ACH-USDT,0.021618,0.021691,1879.0,1262.0
2025-07-25T08:17:19.600552,AI16Z-USDT,0.14651,0.14697,4777.0,2.0
2025-07-25T08:17:19.604986,AAVE-USDT,287.48,287.53,110.0,110.0
2025-07-25T08:17:19.627188,AGT-USDT,0.00557,0.00561,12726.0,13711.0
2025-07-25T08:17:19.648679,AIN-USDT,0.15314,0.15369,160.0,40279.0
2025-07-25T08:17:19.709928,AERO-USDT,0.87522,0.87781,797.0,797.0
2025-07-25T08:17:19.710005,AI-USDT,0.13069,0.13141,279.0,546.0
2025-07-25T08:17:19.942977,1INCH-USDT,0.273,0.2738,45089.0,41913.0
2025-07-25T08:17:19.943129,A-USDT,0.55821,0.56089,438.0,3745.0
2025-07-25T08:17:20.025033,ALCH-USDT,0.13749,0.1379,42440.0,7456.0
2025-07-25T08:17:20.084746,AGLD-USDT,0.7668,0.7701,428.0,428.0
2025-07-25T08:17:20.147459,ALT-USDT,0.03345,0.03353,54646.0,33428.0
2025-07-25T08:17:20.147496,AEVO-USDT,0.1044,0.1047,1178567.0,668864.0
2025-07-25T08:17:20.161275,ACT-USDT,0.04339,0.04486,3606.0,1743.0
2025-07-25T08:17:20.213841,ACE-USDT,0.5603,0.5628,7633.0,19594.0
2025-07-25T08:17:20.213887,ANIME-USDT,0.01859,0.01864,38246.0,29560.0
2025-07-25T08:17:20.251588,ADA-USDT,0.7983,0.7986,12254.0,3929.0
2025-07-25T08:17:20.467770,AIXBT-USDT,0.13974,0.14008,224.0,836.0
2025-07-25T08:17:20.467834,ACH-USDT,0.021618,0.021691,1922.0,111.0
2025-07-25T08:17:20.577269,ALGO-USDT,0.2575,0.2585,3291.0,1017423.0
2025-07-25T08:17:20.589236,AIN-USDT,0.15314,0.15369,160.0,40279.0
2025-07-25T08:17:20.604199,AAVE-USDT,287.53,287.55,150.0,76.0
2025-07-25T08:17:20.650745,AGT-USDT,0.00557,0.00561,12726.0,13711.0
2025-07-25T08:17:20.655962,AI16Z-USDT,0.14651,0.14697,4777.0,2.0
2025-07-25T08:17:20.733135,AI-USDT,0.13071,0.1314,261.0,89.0
2025-07-25T08:17:20.816593,AERO-USDT,0.87522,0.87781,797.0,797.0
2025-07-25T08:17:20.955252,1INCH-USDT,0.273,0.2738,45089.0,57549.0
2025-07-25T08:17:20.955284,A-USDT,0.55821,0.56089,438.0,3745.0
2025-07-25T08:17:21.118891,AGLD-USDT,0.7668,0.7701,428.0,428.0
2025-07-25T08:17:21.121547,ALCH-USDT,0.13749,0.1379,42440.0,7456.0
2025-07-25T08:17:21.151041,ACT-USDT,0.04338,0.04487,42614.0,30934.0
2025-07-25T08:17:21.176925,AEVO-USDT,0.1042,0.1048,827568.0,831735.0
2025-07-25T08:17:21.176973,ADA-USDT,0.7986,0.7987,23177.0,1694.0
2025-07-25T08:17:21.177112,ALT-USDT,0.03344,0.03353,78.0,134206.0
2025-07-25T08:17:21.208078,ANIME-USDT,0.01859,0.01864,37009.0,28058.0
2025-07-25T08:17:21.326587,ACE-USDT,0.5601,0.5631,166042.0,180639.0
2025-07-25T08:17:21.472602,AIXBT-USDT,0.13966,0.14004,68.0,1122.0
2025-07-25T08:17:21.579188,ALGO-USDT,0.2575,0.2583,3291.0,862721.0
2025-07-25T08:17:21.579226,ACH-USDT,0.021612,0.021681,567.0,2208.0
2025-07-25T08:17:21.588150,AIN-USDT,0.15314,0.15369,160.0,40279.0
2025-07-25T08:17:21.601487,AAVE-USDT,287.44,287.47,37.0,89.0
2025-07-25T08:17:21.635287,AGT-USDT,0.00557,0.00561,12726.0,13711.0
2025-07-25T08:17:21.644851,AI16Z-USDT,0.14651,0.14697,4777.0,2.0
2025-07-25T08:17:21.704202,AI-USDT,0.13062,0.13134,346.0,151.0
2025-07-25T08:17:21.813930,AERO-USDT,0.87522,0.87776,797.0,33041.0
2025-07-25T08:17:21.946972,1INCH-USDT,0.273,0.2738,45089.0,41913.0
2025-07-25T08:17:21.947011,A-USDT,0.55853,0.56098,213.0,6864.0
2025-07-25T08:17:22.100764,ALT-USDT,0.03344,0.03352,131.0,34676.0
2025-07-25T08:17:22.119739,ALCH-USDT,0.13749,0.1379,42440.0,7456.0
2025-07-25T08:17:22.120965,AGLD-USDT,0.7668,0.7701,428.0,428.0
2025-07-25T08:17:22.126242,ACT-USDT,0.04339,0.04486,283.0,5763.0
2025-07-25T08:17:22.204938,ADA-USDT,0.7987,0.7988,9688.0,20976.0
2025-07-25T08:17:22.205232,AEVO-USDT,0.1043,0.1046,582121.0,792189.0
2025-07-25T08:17:22.221716,ANIME-USDT,0.01859,0.01865,3765.0,63807.0
2025-07-25T08:17:22.223666,ACE-USDT,0.5601,0.5627,1127.0,8492.0
2025-07-25T08:17:22.479664,AIXBT-USDT,0.1397,0.14008,441.0,2570.0
2025-07-25T08:17:22.479705,ACH-USDT,0.021615,0.021685,2916.0,13944.0
2025-07-25T08:17:22.562321,AAVE-USDT,287.49,287.5,132.0,27.0
2025-07-25T08:17:22.579291,ALGO-USDT,0.2575,0.2583,3291.0,862721.0
2025-07-25T08:17:22.658186,AI16Z-USDT,0.14651,0.14697,4777.0,2.0
2025-07-25T08:17:22.660717,AGT-USDT,0.005572,0.00561,286529.0,13711.0
2025-07-25T08:17:22.671306,AI-USDT,0.13062,0.13134,346.0,151.0
2025-07-25T08:17:22.677408,AIN-USDT,0.15314,0.15369,160.0,40279.0
2025-07-25T08:17:22.775043,AERO-USDT,0.87522,0.87776,797.0,33041.0
2025-07-25T08:17:22.955507,1INCH-USDT,0.273,0.2738,45089.0,41913.0
2025-07-25T08:17:22.957076,A-USDT,0.55834,0.56098,4047.0,6864.0
2025-07-25T08:17:23.102135,AGLD-USDT,0.7668,0.7701,428.0,428.0
2025-07-25T08:17:23.131476,ALCH-USDT,0.13749,0.1379,42440.0,7456.0
2025-07-25T08:17:23.190746,ALT-USDT,0.03342,0.03353,74177.0,110170.0
2025-07-25T08:17:23.190802,ADA-USDT,0.7986,0.7987,11065.0,21971.0
2025-07-25T08:17:23.190835,AEVO-USDT,0.1042,0.1046,827568.0,792189.0
2025-07-25T08:17:23.200547,ACT-USDT,0.04338,0.04487,42614.0,30934.0
2025-07-25T08:17:23.204572,ANIME-USDT,0.01859,0.01865,3765.0,63807.0
2025-07-25T08:17:23.327996,ACE-USDT,0.5599,0.5629,91424.0,15794.0
2025-07-25T08:17:23.466426,AIXBT-USDT,0.13966,0.14004,20.0,1007.0
2025-07-25T08:17:23.549174,AAVE-USDT,287.47,287.48,9.0,100.0
2025-07-25T08:17:23.576269,ACH-USDT,0.021615,0.021685,135.0,7018.0
2025-07-25T08:17:23.576378,ALGO-USDT,0.2575,0.2583,3291.0,866372.0
2025-07-25T08:17:23.641049,AI16Z-USDT,0.14651,0.14697,4777.0,2.0
2025-07-25T08:17:23.648710,AGT-USDT,0.005572,0.00561,286529.0,13711.0
2025-07-25T08:17:23.655123,AI-USDT,0.13062,0.13134,346.0,575.0
2025-07-25T08:17:23.660714,AIN-USDT,0.15314,0.15369,160.0,40279.0
2025-07-25T08:17:23.761535,AERO-USDT,0.87522,0.87776,797.0,33041.0
2025-07-25T08:17:23.892193,1INCH-USDT,0.273,0.2738,45089.0,41913.0
2025-07-25T08:17:24.004019,A-USDT,0.55834,0.56098,4047.0,6864.0
2025-07-25T08:17:24.058355,ALCH-USDT,0.13749,0.1379,42440.0,7456.0
2025-07-25T08:17:24.078501,AGLD-USDT,0.7668,0.7701,428.0,428.0
2025-07-25T08:17:24.100510,ALT-USDT,0.03343,0.03351,4396.0,22400.0
2025-07-25T08:17:24.103267,ACT-USDT,0.04339,0.04486,151.0,5520.0
2025-07-25T08:17:24.199124,ANIME-USDT,0.01859,0.01864,30855.0,64914.0
2025-07-25T08:17:24.201441,AEVO-USDT,0.1043,0.1046,629335.0,792189.0
2025-07-25T08:17:24.201681,ADA-USDT,0.7985,0.799,3791.0,3889.0
2025-07-25T08:17:24.303509,ACE-USDT,0.5597,0.5627,111941.0,173981.0
2025-07-25T08:17:24.467841,ACH-USDT,0.021614,0.021683,171.0,6665.0
2025-07-25T08:17:24.467881,AIXBT-USDT,0.13966,0.14004,125.0,75.0
2025-07-25T08:17:24.552989,AAVE-USDT,287.44,287.47,152.0,96.0
2025-07-25T08:17:24.568807,ALGO-USDT,0.2575,0.2583,3291.0,866372.0
2025-07-25T08:17:24.572069,AIN-USDT,0.15314,0.15369,160.0,40279.0
2025-07-25T08:17:24.654367,AI16Z-USDT,0.14651,0.14697,4777.0,2.0
2025-07-25T08:17:24.660744,AGT-USDT,0.005572,0.00561,286529.0,13711.0
2025-07-25T08:17:24.664357,AI-USDT,0.13058,0.13131,176.0,126.0
2025-07-25T08:17:24.781386,AERO-USDT,0.87522,0.87776,797.0,33041.0
2025-07-25T08:17:24.899266,1INCH-USDT,0.273,0.2738,45089.0,45499.0
2025-07-25T08:17:25.006109,A-USDT,0.55834,0.56098,4047.0,6864.0
2025-07-25T08:17:25.102072,AEVO-USDT,0.1042,0.1046,827568.0,792189.0
2025-07-25T08:17:25.102125,ALT-USDT,0.03342,0.03351,18166.0,114066.0
2025-07-25T08:17:25.127844,AGLD-USDT,0.7668,0.7701,428.0,428.0
2025-07-25T08:17:25.128407,ALCH-USDT,0.13749,0.1379,42440.0,7456.0
2025-07-25T08:17:25.197152,ACT-USDT,0.04336,0.04485,52445.0,44504.0
2025-07-25T08:17:25.222673,ADA-USDT,0.7987,0.7988,2148.0,20550.0
2025-07-25T08:17:25.246069,ANIME-USDT,0.01858,0.01863,33800.0,32850.0
2025-07-25T08:17:25.246222,ACE-USDT,0.5597,0.5627,115907.0,177063.0
2025-07-25T08:17:25.415480,AIXBT-USDT,0.13966,0.14,2326.0,89.0
2025-07-25T08:17:25.544952,ACH-USDT,0.021614,0.021683,161.0,5496.0
2025-07-25T08:17:25.544993,ALGO-USDT,0.2575,0.2583,3291.0,866372.0
2025-07-25T08:17:25.557452,AAVE-USDT,287.46,287.47,2.0,80.0
2025-07-25T08:17:25.565626,AGT-USDT,0.005572,0.00561,286529.0,13711.0
2025-07-25T08:17:25.642112,AI16Z-USDT,0.14651,0.14697,4777.0,2.0
2025-07-25T08:17:25.658103,AI-USDT,0.13058,0.13131,176.0,126.0
2025-07-25T08:17:25.671893,AIN-USDT,0.15314,0.15369,160.0,40279.0
2025-07-25T08:17:25.760533,AERO-USDT,0.87522,0.87775,797.0,797.0
2025-07-25T08:17:25.942679,1INCH-USDT,0.273,0.2738,45089.0,75660.0
2025-07-25T08:17:25.943550,A-USDT,0.55834,0.56098,4047.0,6864.0
2025-07-25T08:17:26.092889,ACT-USDT,0.04337,0.04484,11461.0,8932.0
2025-07-25T08:17:26.103303,ALCH-USDT,0.13749,0.1379,42440.0,7456.0
2025-07-25T08:17:26.142090,AGLD-USDT,0.7668,0.7701,428.0,428.0
2025-07-25T08:17:26.156422,AEVO-USDT,0.1042,0.1046,827568.0,792189.0
2025-07-25T08:17:26.156462,ADA-USDT,0.7984,0.7986,13746.0,20916.0
2025-07-25T08:17:26.156490,ALT-USDT,0.03342,0.0335,31877.0,21294.0
2025-07-25T08:17:26.241919,ANIME-USDT,0.01857,0.01864,64782.0,58798.0
2025-07-25T08:17:26.242356,ACE-USDT,0.5599,0.5624,10040.0,16060.0
2025-07-25T08:17:26.469064,AIXBT-USDT,0.13962,0.14,2163.0,89.0
2025-07-25T08:17:26.575908,AAVE-USDT,287.45,287.46,18.0,30.0
2025-07-25T08:17:26.576151,ACH-USDT,0.021614,0.021683,437.0,8012.0
2025-07-25T08:17:26.576192,ALGO-USDT,0.2575,0.2583,3291.0,866372.0
2025-07-25T08:17:26.602387,AI16Z-USDT,0.14646,0.14688,235097.0,20969.0
2025-07-25T08:17:26.620118,AGT-USDT,0.005572,0.00561,286529.0,13711.0
2025-07-25T08:17:26.684277,AIN-USDT,0.15314,0.15369,160.0,40279.0
2025-07-25T08:17:26.687071,AI-USDT,0.13058,0.13131,176.0,126.0
2025-07-25T08:17:26.813101,AERO-USDT,0.87522,0.87775,797.0,797.0
2025-07-25T08:17:26.966356,1INCH-USDT,0.273,0.2738,45089.0,45499.0
2025-07-25T08:17:26.966396,A-USDT,0.55834,0.56098,4047.0,6864.0
2025-07-25T08:17:27.079174,AGLD-USDT,0.7668,0.7701,428.0,428.0
2025-07-25T08:17:27.080608,ALCH-USDT,0.13749,0.13787,42440.0,31867.0
2025-07-25T08:17:27.098418,ALT-USDT,0.03342,0.0335,30691.0,18203.0
2025-07-25T08:17:27.098461,AEVO-USDT,0.1042,0.1046,827568.0,792189.0
2025-07-25T08:17:27.135578,ACT-USDT,0.04336,0.04485,52445.0,44504.0
2025-07-25T08:17:27.204861,ANIME-USDT,0.01858,0.01863,61141.0,57434.0
2025-07-25T08:17:27.226097,ADA-USDT,0.7984,0.7985,11088.0,22953.0
2025-07-25T08:17:27.288376,ACE-USDT,0.5599,0.5625,12288.0,577.0
2025-07-25T08:17:27.375559,AIXBT-USDT,0.13966,0.14004,1484.0,2571.0
2025-07-25T08:17:27.477896,ALGO-USDT,0.2575,0.2583,3291.0,3651.0
2025-07-25T08:17:27.477951,ACH-USDT,0.021614,0.021683,814.0,1848.0
2025-07-25T08:17:27.519712,AAVE-USDT,287.46,287.47,146.0,1.0
2025-07-25T08:17:27.565726,AIN-USDT,0.15314,0.15369,160.0,40279.0
2025-07-25T08:17:27.632862,AGT-USDT,0.005572,0.00561,286529.0,13711.0
2025-07-25T08:17:27.656946,AI-USDT,0.13061,0.13131,302.0,15.0
2025-07-25T08:17:27.658882,AI16Z-USDT,0.14642,0.14688,4780.0,22876.0
2025-07-25T08:17:27.761956,AERO-USDT,0.87522,0.87775,797.0,797.0
2025-07-25T08:17:27.946314,1INCH-USDT,0.273,0.2738,44972.0,45499.0
2025-07-25T08:17:27.946366,A-USDT,0.55834,0.56098,4047.0,6864.0
2025-07-25T08:17:28.066833,AGLD-USDT,0.7668,0.7701,428.0,428.0
2025-07-25T08:17:28.099049,ALT-USDT,0.03343,0.03351,9903.0,5415.0
2025-07-25T08:17:28.099644,ACT-USDT,0.04338,0.04485,1115.0,6101.0
2025-07-25T08:17:28.103763,ALCH-USDT,0.13749,0.13787,42440.0,31867.0
2025-07-25T08:17:28.195453,ANIME-USDT,0.01858,0.01864,3767.0,58798.0
2025-07-25T08:17:28.213633,AEVO-USDT,0.1042,0.1046,827568.0,792189.0
2025-07-25T08:17:28.213677,ADA-USDT,0.7984,0.7985,21139.0,23381.0
2025-07-25T08:17:28.302585,ACE-USDT,0.5599,0.5625,11654.0,367.0
2025-07-25T08:17:28.464169,AIXBT-USDT,0.13966,0.14008,2305.0,2506.0
2025-07-25T08:17:28.548381,AAVE-USDT,287.49,287.52,129.0,51.0
2025-07-25T08:17:28.565750,ACH-USDT,0.021614,0.021688,1774.0,1947.0
2025-07-25T08:17:28.566001,ALGO-USDT,0.2575,0.2583,3291.0,867780.0
2025-07-25T08:17:28.615301,AI16Z-USDT,0.14651,0.14697,41772.0,2.0
2025-07-25T08:17:28.618503,AIN-USDT,0.15314,0.15369,160.0,212.0
2025-07-25T08:17:28.620733,AGT-USDT,0.005574,0.00561,397799.0,13711.0
2025-07-25T08:17:28.661859,AI-USDT,0.13063,0.13135,454.0,40.0
2025-07-25T08:17:28.769522,AERO-USDT,0.87554,0.87775,47595.0,797.0
2025-07-25T08:17:28.952319,1INCH-USDT,0.273,0.2738,44972.0,45499.0
2025-07-25T08:17:29.024648,ALCH-USDT,0.13749,0.13787,42440.0,31867.0
2025-07-25T08:17:29.059081,A-USDT,0.55853,0.56124,4005.0,8470.0
2025-07-25T08:17:29.082111,AGLD-USDT,0.7668,0.7701,428.0,428.0
2025-07-25T08:17:29.130774,ACT-USDT,0.0434,0.04487,380.0,646.0
2025-07-25T08:17:29.163356,ALT-USDT,0.03343,0.03354,107207.0,191620.0
2025-07-25T08:17:29.163402,ADA-USDT,0.7985,0.7987,20675.0,14912.0
2025-07-25T08:17:29.163437,AEVO-USDT,0.1044,0.1048,798231.0,831735.0
2025-07-25T08:17:29.188554,ANIME-USDT,0.01859,0.01864,237063.0,1647.0
2025-07-25T08:17:29.286384,ACE-USDT,0.5604,0.563,432.0,16048.0
2025-07-25T08:17:29.476838,AIXBT-USDT,0.13982,0.14021,257.0,2197.0
2025-07-25T08:17:29.476881,ALGO-USDT,0.2575,0.2584,3291.0,934094.0
2025-07-25T08:17:29.476913,ACH-USDT,0.021621,0.021692,2489.0,1091.0
2025-07-25T08:17:29.560433,AAVE-USDT,287.54,287.6,92.0,118.0
2025-07-25T08:17:29.632941,AGT-USDT,0.005574,0.00561,397799.0,13711.0
2025-07-25T08:17:29.641084,AI16Z-USDT,0.14661,0.14697,35053.0,2.0
2025-07-25T08:17:29.664219,AIN-USDT,0.15314,0.15369,160.0,212.0
2025-07-25T08:17:29.700009,AI-USDT,0.13072,0.13143,301.0,646.0
2025-07-25T08:17:29.815585,AERO-USDT,0.87554,0.87775,47595.0,797.0
2025-07-25T08:17:29.942662,1INCH-USDT,0.273,0.2738,44972.0,45499.0
2025-07-25T08:17:29.943361,A-USDT,0.55853,0.56124,4005.0,8470.0
2025-07-25T08:17:30.071961,ALCH-USDT,0.13749,0.13787,42440.0,31867.0
2025-07-25T08:17:30.082995,AGLD-USDT,0.7668,0.7701,428.0,428.0
2025-07-25T08:17:30.132857,ACT-USDT,0.0434,0.04487,429.0,2229.0
2025-07-25T08:17:30.160983,ALT-USDT,0.03344,0.03354,132595.0,75455.0
2025-07-25T08:17:30.162772,AEVO-USDT,0.1044,0.1048,798231.0,831735.0
2025-07-25T08:17:30.162859,ADA-USDT,0.7985,0.7987,21796.0,3829.0
2025-07-25T08:17:30.192643,ANIME-USDT,0.01859,0.01864,248306.0,1914.0
2025-07-25T08:17:30.297996,ACE-USDT,0.5599,0.563,192174.0,12067.0
2025-07-25T08:17:30.465486,AIXBT-USDT,0.13982,0.14017,279.0,370.0
2025-07-25T08:17:30.566504,AAVE-USDT,287.59,287.6,29.0,125.0
2025-07-25T08:17:30.572462,ALGO-USDT,0.2575,0.2584,3291.0,934094.0
2025-07-25T08:17:30.572512,ACH-USDT,0.021621,0.021692,498.0,1039.0
2025-07-25T08:17:30.598573,AI16Z-USDT,0.14661,0.14697,115813.0,2.0
2025-07-25T08:17:30.635250,AGT-USDT,0.00558,0.005636,12703.0,611023.0
2025-07-25T08:17:30.665046,AIN-USDT,0.15314,0.15369,160.0,212.0
2025-07-25T08:17:30.688614,AI-USDT,0.1307,0.1314,159.0,370.0
2025-07-25T08:17:30.787073,AERO-USDT,0.87554,0.87775,47595.0,797.0
2025-07-25T08:17:30.940748,1INCH-USDT,0.273,0.2738,51953.0,45499.0
2025-07-25T08:17:31.053240,A-USDT,0.55853,0.56124,4005.0,8470.0
2025-07-25T08:17:31.083989,AGLD-USDT,0.7668,0.7701,428.0,428.0
2025-07-25T08:17:31.105692,ACT-USDT,0.0434,0.04487,279.0,3584.0
2025-07-25T08:17:31.122600,ALCH-USDT,0.13745,0.13786,19798.0,35441.0
2025-07-25T08:17:31.158410,ALT-USDT,0.03345,0.03353,13786.0,26932.0
2025-07-25T08:17:31.158691,AEVO-USDT,0.1044,0.1048,798231.0,831735.0
2025-07-25T08:17:31.158736,ADA-USDT,0.7986,0.7987,21867.0,450.0
2025-07-25T08:17:31.226145,ANIME-USDT,0.01859,0.01864,240452.0,1814.0
2025-07-25T08:17:31.226738,ACE-USDT,0.5602,0.5631,12290.0,166963.0
2025-07-25T08:17:31.479698,AIXBT-USDT,0.13986,0.14021,449.0,154.0
2025-07-25T08:17:31.479743,ALGO-USDT,0.2575,0.2584,3291.0,937745.0
2025-07-25T08:17:31.479846,ACH-USDT,0.021621,0.021692,498.0,1219.0
2025-07-25T08:17:31.547535,AAVE-USDT,287.6,287.61,136.0,15.0
2025-07-25T08:17:31.660736,AI16Z-USDT,0.14673,0.14735,24666.0,18935.0
2025-07-25T08:17:31.660775,AI-USDT,0.13067,0.13139,449.0,321.0
2025-07-25T08:17:31.668218,AGT-USDT,0.00558,0.00563,12703.0,13662.0
2025-07-25T08:17:31.671176,AIN-USDT,0.15314,0.15369,160.0,32127.0
2025-07-25T08:17:31.761306,AERO-USDT,0.87574,0.87775,59088.0,797.0
2025-07-25T08:17:31.960095,1INCH-USDT,0.273,0.2738,70791.0,89723.0
2025-07-25T08:17:31.960137,A-USDT,0.55853,0.56124,4005.0,8470.0
2025-07-25T08:17:32.122124,AGLD-USDT,0.7668,0.7701,428.0,428.0
2025-07-25T08:17:32.130111,ALCH-USDT,0.13745,0.13786,19798.0,35441.0
2025-07-25T08:17:32.193426,ACT-USDT,0.04339,0.04488,32934.0,36751.0
2025-07-25T08:17:32.193461,ALT-USDT,0.03344,0.03352,3695.0,15949.0
2025-07-25T08:17:32.193482,AEVO-USDT,0.1044,0.1048,798231.0,831735.0
2025-07-25T08:17:32.193503,ADA-USDT,0.7984,0.7985,14981.0,3843.0
2025-07-25T08:17:32.247375,ANIME-USDT,0.01859,0.01864,3765.0,910.0
2025-07-25T08:17:32.247421,ACE-USDT,0.5604,0.5629,10981.0,15663.0
2025-07-25T08:17:32.469068,AIXBT-USDT,0.13982,0.14021,1240.0,20.0
2025-07-25T08:17:32.548148,AAVE-USDT,287.59,287.63,52.0,26.0
2025-07-25T08:17:32.575644,ACH-USDT,0.021621,0.021692,2882.0,208.0
2025-07-25T08:17:32.575693,ALGO-USDT,0.2575,0.2584,3291.0,937745.0
2025-07-25T08:17:32.612914,AGT-USDT,0.00558,0.00563,12703.0,13662.0
2025-07-25T08:17:32.650990,AI16Z-USDT,0.14678,0.14743,4768.0,4823.0
2025-07-25T08:17:32.668005,AI-USDT,0.13071,0.13142,477.0,309.0
2025-07-25T08:17:32.679638,AIN-USDT,0.15314,0.15369,160.0,32127.0
2025-07-25T08:17:32.774877,AERO-USDT,0.87574,0.87827,59088.0,61384.0
2025-07-25T08:17:32.941308,1INCH-USDT,0.273,0.2738,45757.0,45499.0
2025-07-25T08:17:32.941551,A-USDT,0.55853,0.56124,4005.0,8470.0
2025-07-25T08:17:33.051977,AGLD-USDT,0.7668,0.7707,428.0,428.0
2025-07-25T08:17:33.120535,ALCH-USDT,0.13745,0.13786,19798.0,35441.0
2025-07-25T08:17:33.159934,AEVO-USDT,0.1044,0.1048,798231.0,831735.0
2025-07-25T08:17:33.160225,ALT-USDT,0.03345,0.03353,7670.0,73907.0
2025-07-25T08:17:33.160337,ADA-USDT,0.7985,0.7986,11326.0,2922.0
2025-07-25T08:17:33.195598,ACT-USDT,0.0434,0.04487,6509.0,2140.0
2025-07-25T08:17:33.258621,ANIME-USDT,0.0186,0.01865,144623.0,240751.0
2025-07-25T08:17:33.259685,ACE-USDT,0.5602,0.5631,187124.0,15845.0
2025-07-25T08:17:33.483200,AIXBT-USDT,0.13987,0.14021,547.0,678.0
2025-07-25T08:17:33.483866,ACH-USDT,0.021618,0.021692,424.0,5462.0
2025-07-25T08:17:33.483968,ALGO-USDT,0.2575,0.2584,3291.0,937745.0
2025-07-25T08:17:33.569004,AAVE-USDT,287.62,287.64,52.0,103.0
2025-07-25T08:17:33.629157,AGT-USDT,0.00558,0.00563,222050.0,13662.0
2025-07-25T08:17:33.641459,AI16Z-USDT,0.14678,0.14735,4768.0,23685.0
2025-07-25T08:17:33.663321,AIN-USDT,0.15314,0.15369,160.0,32127.0
2025-07-25T08:17:33.672057,AI-USDT,0.13067,0.13139,292.0,277.0
2025-07-25T08:17:33.772519,AERO-USDT,0.87574,0.87826,59088.0,797.0
2025-07-25T08:17:33.961644,1INCH-USDT,0.273,0.2738,45757.0,45499.0
2025-07-25T08:17:33.961683,A-USDT,0.55853,0.56124,4005.0,8470.0
2025-07-25T08:17:34.085267,AGLD-USDT,0.7668,0.7707,428.0,428.0
2025-07-25T08:17:34.093832,ACT-USDT,0.04339,0.04488,32934.0,36751.0
2025-07-25T08:17:34.104665,ALCH-USDT,0.13745,0.13786,19798.0,35441.0
2025-07-25T08:17:34.193591,ALT-USDT,0.03344,0.03352,20054.0,7197.0
2025-07-25T08:17:34.193636,ADA-USDT,0.7984,0.7985,20125.0,12929.0
2025-07-25T08:17:34.193664,AEVO-USDT,0.1044,0.1048,798231.0,831735.0
2025-07-25T08:17:34.196923,ANIME-USDT,0.01859,0.01864,222592.0,71801.0
2025-07-25T08:17:34.299441,ACE-USDT,0.5604,0.5631,10067.0,15845.0
2025-07-25T08:17:34.462584,AIXBT-USDT,0.13986,0.14021,565.0,1212.0
2025-07-25T08:17:34.567512,AAVE-USDT,287.62,287.63,151.0,96.0
2025-07-25T08:17:34.569118,ALGO-USDT,0.2575,0.2584,3291.0,937745.0
2025-07-25T08:17:34.569152,ACH-USDT,0.021619,0.021692,4524.0,5462.0
2025-07-25T08:17:34.579319,AIN-USDT,0.15314,0.15369,160.0,32127.0
2025-07-25T08:17:34.610948,AGT-USDT,0.00558,0.00563,222050.0,13662.0
2025-07-25T08:17:34.652097,AI16Z-USDT,0.14678,0.14734,4768.0,26605.0
2025-07-25T08:17:34.692534,AI-USDT,0.13067,0.13139,292.0,354.0
2025-07-25T08:17:34.789298,AERO-USDT,0.87574,0.87826,59088.0,797.0
2025-07-25T08:17:34.955675,1INCH-USDT,0.2732,0.2741,32123.0,45587.0
2025-07-25T08:17:34.955717,A-USDT,0.55853,0.56124,4005.0,8470.0
2025-07-25T08:17:35.069974,AGLD-USDT,0.7669,0.7707,154.0,428.0
2025-07-25T08:17:35.102965,ALCH-USDT,0.13745,0.13786,19798.0,35441.0
2025-07-25T08:17:35.145098,ACT-USDT,0.0434,0.04487,5247.0,125.0
2025-07-25T08:17:35.159351,ALT-USDT,0.03344,0.03354,108882.0,75455.0
2025-07-25T08:17:35.159390,AEVO-USDT,0.1044,0.1048,798231.0,831735.0
2025-07-25T08:17:35.159420,ADA-USDT,0.7984,0.7985,10414.0,21731.0
2025-07-25T08:17:35.182666,ANIME-USDT,0.0186,0.01865,171538.0,268954.0
2025-07-25T08:17:35.287858,ACE-USDT,0.5604,0.5631,14156.0,15845.0
2025-07-25T08:17:35.378726,AIXBT-USDT,0.13986,0.14021,75.0,1212.0
2025-07-25T08:17:35.477656,ALGO-USDT,0.2575,0.2584,3291.0,937745.0
2025-07-25T08:17:35.534227,AAVE-USDT,287.64,287.65,69.0,9.0
2025-07-25T08:17:35.577303,ACH-USDT,0.02162,0.021692,9737.0,5462.0
2025-07-25T08:17:35.618465,AI-USDT,0.13067,0.13143,4140.0,3843.0
2025-07-25T08:17:35.634902,AGT-USDT,0.00558,0.00563,222050.0,13662.0
2025-07-25T08:17:35.642168,AI16Z-USDT,0.14678,0.14734,4768.0,119875.0
2025-07-25T08:17:35.666107,AIN-USDT,0.15288,0.15358,40182.0,5140.0
2025-07-25T08:17:35.722175,AERO-USDT,0.87574,0.87826,59088.0,797.0
2025-07-25T08:17:35.864304,1INCH-USDT,0.2732,0.274,39133.0,15553.0
2025-07-25T08:17:35.965168,A-USDT,0.55878,0.56124,3141.0,8470.0
2025-07-25T08:17:36.049158,AGLD-USDT,0.7669,0.7707,76.0,428.0
2025-07-25T08:17:36.094717,ALT-USDT,0.03345,0.03353,7203.0,76557.0
2025-07-25T08:17:36.129245,ALCH-USDT,0.13745,0.13786,19798.0,35441.0
2025-07-25T08:17:36.176964,ACT-USDT,0.0434,0.04489,36544.0,38561.0
2025-07-25T08:17:36.196301,ADA-USDT,0.7984,0.7985,10313.0,16962.0
2025-07-25T08:17:36.196340,AEVO-USDT,0.1044,0.1048,798231.0,831735.0
2025-07-25T08:17:36.250752,ANIME-USDT,0.01859,0.01866,241098.0,271454.0
2025-07-25T08:17:36.250809,ACE-USDT,0.5604,0.5631,15277.0,15845.0
2025-07-25T08:17:36.465211,AIXBT-USDT,0.13986,0.14021,217.0,1212.0
2025-07-25T08:17:36.547659,AAVE-USDT,287.68,287.69,71.0,63.0
2025-07-25T08:17:36.568314,ACH-USDT,0.02162,0.021691,596.0,2007.0
2025-07-25T08:17:36.568362,ALGO-USDT,0.2575,0.2585,3291.0,134052.0
2025-07-25T08:17:36.614982,AGT-USDT,0.00558,0.00563,222050.0,13662.0
2025-07-25T08:17:36.656003,AI16Z-USDT,0.14681,0.14728,211974.0,112099.0
2025-07-25T08:17:36.659473,AI-USDT,0.1307,0.1314,684.0,260.0
2025-07-25T08:17:36.682449,AIN-USDT,0.15289,0.15358,300.0,5140.0
2025-07-25T08:17:36.776010,AERO-USDT,0.87575,0.87826,797.0,797.0
2025-07-25T08:17:36.974232,1INCH-USDT,0.2732,0.2741,83465.0,45587.0
2025-07-25T08:17:36.974277,A-USDT,0.55878,0.56124,3141.0,8470.0
2025-07-25T08:17:37.083049,AGLD-USDT,0.7669,0.7707,45.0,428.0
2025-07-25T08:17:37.108037,ACT-USDT,0.04341,0.04488,4214.0,6832.0
2025-07-25T08:17:37.119608,ALCH-USDT,0.13745,0.13786,19798.0,35441.0
2025-07-25T08:17:37.166777,ALT-USDT,0.03343,0.03353,107207.0,83418.0
2025-07-25T08:17:37.166852,AEVO-USDT,0.1044,0.1048,798231.0,831735.0
2025-07-25T08:17:37.166890,ADA-USDT,0.7983,0.7985,4279.0,21970.0
2025-07-25T08:17:37.183722,ANIME-USDT,0.01858,0.01864,153488.0,3755.0
2025-07-25T08:17:37.296351,ACE-USDT,0.5604,0.5631,11759.0,15845.0
2025-07-25T08:17:37.385236,AIXBT-USDT,0.13982,0.14021,37.0,9957.0
2025-07-25T08:17:37.494240,ALGO-USDT,0.2575,0.2585,3291.0,134052.0
2025-07-25T08:17:37.494286,ACH-USDT,0.02162,0.021692,596.0,2972.0
2025-07-25T08:17:37.565064,AAVE-USDT,287.67,287.69,47.0,33.0
2025-07-25T08:17:37.628703,AGT-USDT,0.00558,0.00563,511401.0,13662.0
2025-07-25T08:17:37.641877,AI16Z-USDT,0.14681,0.14729,100811.0,112629.0
2025-07-25T08:17:37.664846,AIN-USDT,0.15289,0.15358,300.0,5140.0
2025-07-25T08:17:37.683867,AI-USDT,0.1307,0.13142,100.0,499.0
2025-07-25T08:17:37.786813,AERO-USDT,0.87575,0.87826,797.0,797.0
2025-07-25T08:17:37.955976,1INCH-USDT,0.2732,0.2741,44332.0,45587.0
2025-07-25T08:17:37.956471,A-USDT,0.55878,0.56124,3141.0,8470.0
2025-07-25T08:17:38.092909,ACT-USDT,0.04341,0.04488,6050.0,7829.0
2025-07-25T08:17:38.104755,ALCH-USDT,0.13745,0.13786,19798.0,35441.0
2025-07-25T08:17:38.124316,AGLD-USDT,0.7669,0.7707,37.0,428.0
2025-07-25T08:17:38.194118,ALT-USDT,0.03344,0.03352,61834.0,55486.0
2025-07-25T08:17:38.194158,AEVO-USDT,0.1044,0.1048,798231.0,831735.0
2025-07-25T08:17:38.194187,ADA-USDT,0.7983,0.7985,23898.0,4523.0
2025-07-25T08:17:38.238077,ANIME-USDT,0.0186,0.01865,36236.0,34424.0
2025-07-25T08:17:38.238127,ACE-USDT,0.5605,0.5631,10264.0,4514.0
2025-07-25T08:17:38.468984,AIXBT-USDT,0.13982,0.14021,704.0,1885.0
2025-07-25T08:17:38.469026,ACH-USDT,0.02162,0.021692,6016.0,2972.0
2025-07-25T08:17:38.557834,AAVE-USDT,287.68,287.7,33.0,50.0
2025-07-25T08:17:38.577836,ALGO-USDT,0.2575,0.2585,3291.0,137700.0
2025-07-25T08:17:38.650882,AGT-USDT,0.00558,0.00563,12703.0,13662.0
2025-07-25T08:17:38.659596,AI16Z-USDT,0.14681,0.14729,225802.0,124177.0
2025-07-25T08:17:38.660927,AI-USDT,0.13074,0.13146,611.0,369.0
2025-07-25T08:17:38.676951,AIN-USDT,0.15289,0.15358,300.0,5140.0
2025-07-25T08:17:38.767577,AERO-USDT,0.87575,0.87826,797.0,797.0
2025-07-25T08:17:38.918346,1INCH-USDT,0.2732,0.274,84852.0,23002.0
2025-07-25T08:17:39.025835,A-USDT,0.55878,0.56174,3141.0,11115.0
2025-07-25T08:17:39.088254,AGLD-USDT,0.7669,0.7707,64.0,428.0
2025-07-25T08:17:39.103513,ALCH-USDT,0.13745,0.13786,19798.0,35441.0
2025-07-25T08:17:39.126760,AEVO-USDT,0.1044,0.1048,798231.0,831735.0
2025-07-25T08:17:39.126934,ALT-USDT,0.03344,0.03355,37848.0,108554.0
2025-07-25T08:17:39.200472,ACT-USDT,0.04341,0.0449,8691.0,46927.0
2025-07-25T08:17:39.229177,ANIME-USDT,0.0186,0.01865,113296.0,59528.0
2025-07-25T08:17:39.230698,ADA-USDT,0.7985,0.7987,18279.0,274.0
2025-07-25T08:17:39.334933,ACE-USDT,0.5602,0.5631,191481.0,4514.0
2025-07-25T08:17:39.477725,AIXBT-USDT,0.13986,0.14021,1699.0,303.0
2025-07-25T08:17:39.546844,AAVE-USDT,287.69,287.7,57.0,50.0
2025-07-25T08:17:39.576494,ACH-USDT,0.021627,0.021702,7753.0,528.0
2025-07-25T08:17:39.576531,ALGO-USDT,0.2575,0.2585,3291.0,137700.0
2025-07-25T08:17:39.630360,AI16Z-USDT,0.14686,0.14733,234509.0,105885.0
2025-07-25T08:17:39.648509,AGT-USDT,0.00558,0.00563,352401.0,13662.0
2025-07-25T08:17:39.655064,AI-USDT,0.13073,0.13146,530.0,320.0
2025-07-25T08:17:39.660834,AIN-USDT,0.15289,0.15358,300.0,5140.0
2025-07-25T08:17:39.763817,AERO-USDT,0.87575,0.87826,797.0,797.0
2025-07-25T08:17:39.944498,1INCH-USDT,0.2732,0.2741,44332.0,45587.0
2025-07-25T08:17:40.047178,A-USDT,0.55878,0.56142,3141.0,242.0
2025-07-25T08:17:40.056739,ALCH-USDT,0.13745,0.13786,19798.0,35441.0
2025-07-25T08:17:40.093455,ACT-USDT,0.04342,0.04489,5963.0,3329.0
2025-07-25T08:17:40.120352,AGLD-USDT,0.7669,0.7707,320.0,428.0
2025-07-25T08:17:40.148618,ALT-USDT,0.03346,0.03354,51683.0,363.0
2025-07-25T08:17:40.148658,ADA-USDT,0.7986,0.7987,18362.0,14087.0
2025-07-25T08:17:40.148687,AEVO-USDT,0.1044,0.1048,798231.0,831735.0
2025-07-25T08:17:40.237470,ANIME-USDT,0.0186,0.01865,116966.0,46979.0
2025-07-25T08:17:40.237527,ACE-USDT,0.5602,0.5631,191481.0,4514.0
2025-07-25T08:17:40.472548,ALGO-USDT,0.2575,0.2585,3291.0,137700.0
2025-07-25T08:17:40.473012,AIXBT-USDT,0.13986,0.14028,806.0,9946.0
2025-07-25T08:17:40.547275,AAVE-USDT,287.69,287.8,107.0,24.0
2025-07-25T08:17:40.583416,ACH-USDT,0.021636,0.021709,706.0,47.0
2025-07-25T08:17:40.591829,AIN-USDT,0.15289,0.15357,300.0,618.0
2025-07-25T08:17:40.617728,AI16Z-USDT,0.14691,0.14737,200462.0,1.0
2025-07-25T08:17:40.660835,AGT-USDT,0.00558,0.00563,352401.0,13662.0
2025-07-25T08:17:40.673964,AI-USDT,0.1308,0.13155,337.0,4014.0
2025-07-25T08:17:40.772893,AERO-USDT,0.87624,0.87826,124487.0,797.0
2025-07-25T08:17:40.952018,1INCH-USDT,0.2734,0.2741,38041.0,45587.0
2025-07-25T08:17:40.952057,A-USDT,0.55908,0.56174,5260.0,11115.0
2025-07-25T08:17:41.085492,AGLD-USDT,0.7673,0.7707,166.0,428.0
2025-07-25T08:17:41.124622,ALCH-USDT,0.13749,0.1379,8226.0,7935.0
2025-07-25T08:17:41.154091,ALT-USDT,0.03347,0.03357,105975.0,98004.0
2025-07-25T08:17:41.154139,AEVO-USDT,0.1044,0.1048,798231.0,831735.0
2025-07-25T08:17:41.154173,ADA-USDT,0.7989,0.799,26749.0,17283.0
2025-07-25T08:17:41.186742,ANIME-USDT,0.01861,0.01866,80009.0,137406.0
2025-07-25T08:17:41.209872,ACT-USDT,0.04345,0.04492,13744.0,4414.0
2025-07-25T08:17:41.286483,ACE-USDT,0.5609,0.5635,5036.0,7568.0
2025-07-25T08:17:41.462317,AIXBT-USDT,0.13996,0.14031,1068.0,360.0
2025-07-25T08:17:41.463096,ACH-USDT,0.021639,0.021709,629.0,497.0
2025-07-25T08:17:41.558429,AAVE-USDT,287.79,287.83,28.0,125.0
2025-07-25T08:17:41.570656,ALGO-USDT,0.2575,0.2585,3291.0,134052.0
2025-07-25T08:17:41.595285,AIN-USDT,0.15293,0.15357,510.0,618.0
2025-07-25T08:17:41.626928,AGT-USDT,0.00558,0.00563,551695.0,13662.0
2025-07-25T08:17:41.641105,AI16Z-USDT,0.14692,0.14737,4763.0,1.0
2025-07-25T08:17:41.691576,AI-USDT,0.13082,0.13152,304.0,21.0
2025-07-25T08:17:41.798977,AERO-USDT,0.87624,0.87889,69787.0,68565.0
2025-07-25T08:17:41.941087,A-USDT,0.55908,0.56174,5260.0,11115.0
2025-07-25T08:17:41.941130,1INCH-USDT,0.2734,0.2741,40225.0,45587.0
2025-07-25T08:17:42.076415,ALCH-USDT,0.13749,0.1379,8226.0,7935.0
2025-07-25T08:17:42.079358,AGLD-USDT,0.7677,0.7707,348.0,428.0
2025-07-25T08:17:42.126765,ACT-USDT,0.04344,0.04493,47445.0,29557.0
2025-07-25T08:17:42.175151,ADA-USDT,0.7989,0.799,26749.0,17283.0
2025-07-25T08:17:42.175465,AEVO-USDT,0.1045,0.1048,714079.0,831735.0
2025-07-25T08:17:42.181124,ALT-USDT,0.03348,0.03356,517.0,34278.0
2025-07-25T08:17:42.220932,ANIME-USDT,0.0186,0.01865,91810.0,8054.0
2025-07-25T08:17:42.298968,ACE-USDT,0.5609,0.5635,5036.0,10240.0
2025-07-25T08:17:42.465105,AIXBT-USDT,0.1399,0.14031,10935.0,382.0
2025-07-25T08:17:42.465432,ACH-USDT,0.021637,0.021709,3468.0,418.0
2025-07-25T08:17:42.562098,AAVE-USDT,287.79,287.81,53.0,96.0
2025-07-25T08:17:42.571738,ALGO-USDT,0.2576,0.2585,464956.0,134052.0
2025-07-25T08:17:42.623015,AGT-USDT,0.005584,0.00563,423311.0,13662.0
2025-07-25T08:17:42.657660,AI16Z-USDT,0.14692,0.14737,4763.0,1.0
2025-07-25T08:17:42.679266,AI-USDT,0.13081,0.13153,221.0,19.0
2025-07-25T08:17:42.697562,AIN-USDT,0.15293,0.15357,510.0,618.0
2025-07-25T08:17:42.783550,AERO-USDT,0.87635,0.87888,797.0,250.0
2025-07-25T08:17:42.893089,1INCH-USDT,0.2734,0.2741,43233.0,45587.0
2025-07-25T08:17:43.001366,A-USDT,0.55908,0.56174,5260.0,11115.0
2025-07-25T08:17:43.082029,AGLD-USDT,0.7677,0.7707,348.0,428.0
2025-07-25T08:17:43.103289,ALT-USDT,0.03348,0.03356,11170.0,35020.0
2025-07-25T08:17:43.103327,ALCH-USDT,0.13749,0.1379,8226.0,7935.0
2025-07-25T08:17:43.135743,ACT-USDT,0.04344,0.04491,5882.0,807.0
2025-07-25T08:17:43.217415,AEVO-USDT,0.1045,0.1048,836178.0,831735.0
2025-07-25T08:17:43.217454,ADA-USDT,0.799,0.7991,19654.0,14688.0
2025-07-25T08:17:43.249537,ANIME-USDT,0.01859,0.01866,62991.0,8610.0
2025-07-25T08:17:43.250429,ACE-USDT,0.5609,0.5635,18984.0,8693.0
2025-07-25T08:17:43.376877,AIXBT-USDT,0.13995,0.14027,205.0,16.0
2025-07-25T08:17:43.485701,ALGO-USDT,0.2576,0.2585,464956.0,134052.0
2025-07-25T08:17:43.485745,ACH-USDT,0.021638,0.021709,3394.0,418.0
2025-07-25T08:17:43.504146,AAVE-USDT,287.81,287.83,32.0,35.0
2025-07-25T08:17:43.579078,AGT-USDT,0.005584,0.00563,423311.0,13662.0
2025-07-25T08:17:43.640852,AI16Z-USDT,0.14692,0.14737,4763.0,1.0
2025-07-25T08:17:43.656899,AI-USDT,0.13085,0.13155,185.0,415.0
2025-07-25T08:17:43.671006,AIN-USDT,0.15293,0.15357,510.0,618.0
2025-07-25T08:17:43.760742,AERO-USDT,0.87635,0.87888,797.0,250.0
2025-07-25T08:17:43.939262,1INCH-USDT,0.2734,0.2741,43233.0,45587.0
2025-07-25T08:17:43.939508,A-USDT,0.55908,0.56174,5260.0,11115.0
2025-07-25T08:17:44.087848,ALCH-USDT,0.13749,0.1379,8226.0,7935.0
2025-07-25T08:17:44.101863,ACT-USDT,0.04408,0.04489,8326.0,8326.0
2025-07-25T08:17:44.135287,AGLD-USDT,0.7677,0.7707,348.0,428.0
2025-07-25T08:17:44.145050,ALT-USDT,0.03347,0.03355,22296.0,12545.0
2025-07-25T08:17:44.145090,AEVO-USDT,0.1045,0.1048,836178.0,831735.0
2025-07-25T08:17:44.247580,ADA-USDT,0.799,0.7991,2497.0,14688.0
2025-07-25T08:17:44.264532,ANIME-USDT,0.0186,0.01867,3763.0,58168.0
2025-07-25T08:17:44.264603,ACE-USDT,0.5609,0.5635,18984.0,11286.0
2025-07-25T08:17:44.491985,AIXBT-USDT,0.13995,0.14031,1357.0,6.0
2025-07-25T08:17:44.492729,ACH-USDT,0.021638,0.021709,2655.0,418.0
2025-07-25T08:17:44.492759,ALGO-USDT,0.2576,0.2588,464956.0,1099612.0
2025-07-25T08:17:44.548308,AAVE-USDT,287.81,287.83,110.0,43.0
2025-07-25T08:17:44.618473,AI16Z-USDT,0.14692,0.14737,4763.0,1.0
2025-07-25T08:17:44.618871,AGT-USDT,0.00559,0.00563,12680.0,13662.0
2025-07-25T08:17:44.665446,AIN-USDT,0.15293,0.15357,510.0,618.0
2025-07-25T08:17:44.671701,AI-USDT,0.13081,0.13155,4573.0,570.0
2025-07-25T08:17:44.793665,AERO-USDT,0.87635,0.87888,797.0,250.0
2025-07-25T08:17:44.960344,1INCH-USDT,0.2734,0.2741,43233.0,45587.0
2025-07-25T08:17:44.960533,A-USDT,0.55908,0.56174,5260.0,11115.0
2025-07-25T08:17:45.067712,AGLD-USDT,0.7677,0.7707,348.0,428.0
2025-07-25T08:17:45.131180,ALCH-USDT,0.13749,0.1379,8226.0,7935.0
2025-07-25T08:17:45.135091,ACT-USDT,0.04408,0.04489,8326.0,8326.0
2025-07-25T08:17:45.177219,ALT-USDT,0.03346,0.03354,24026.0,13161.0
2025-07-25T08:17:45.177404,AEVO-USDT,0.1045,0.1048,836178.0,831735.0
2025-07-25T08:17:45.177466,ADA-USDT,0.7986,0.7989,4207.0,24183.0
2025-07-25T08:17:45.181324,ANIME-USDT,0.0186,0.01866,60859.0,3751.0
2025-07-25T08:17:45.284691,ACE-USDT,0.5609,0.5635,53892.0,16078.0
2025-07-25T08:17:45.467460,AIXBT-USDT,0.1399,0.14031,653.0,11306.0
2025-07-25T08:17:45.568852,ALGO-USDT,0.2577,0.2586,3288.0,919811.0
2025-07-25T08:17:45.568873,ACH-USDT,0.021627,0.0217,6789.0,5769.0
2025-07-25T08:17:45.569436,AAVE-USDT,287.76,287.77,1.0,100.0
2025-07-25T08:17:45.631227,AGT-USDT,0.00559,0.00563,12680.0,13662.0
2025-07-25T08:17:45.654052,AI16Z-USDT,0.1468,0.14728,111770.0,104291.0
2025-07-25T08:17:45.673600,AIN-USDT,0.15293,0.15357,510.0,618.0
2025-07-25T08:17:45.687981,AI-USDT,0.13084,0.13155,266.0,410.0
2025-07-25T08:17:45.797269,AERO-USDT,0.87635,0.87888,797.0,250.0
2025-07-25T08:17:45.956112,1INCH-USDT,0.2731,0.274,44402.0,31726.0
