timestamp,symbol,bid,ask,bid_vol,ask_vol
2025-07-25T08:37:44.145561,ETH-USDT,3652.34,3653.29,2.0,1.0
2025-07-25T08:37:44.145585,SOL-USDT,177.81,178.0,62.0,23.0
2025-07-25T08:37:44.145596,XRP-USDT,3.0829,3.0852,16.0,16.0
2025-07-25T08:37:44.145606,LTC-USDT,111.32,111.39,2.0,3.0
2025-07-25T08:37:44.154027,ETH-USDT,3652.35,3653.29,2.0,1.0
2025-07-25T08:37:44.156987,ETH-USDT,3652.35,3653.28,2.0,1.0
2025-07-25T08:37:44.172740,ETH-USDT,3652.54,3653.28,2.0,1.0
2025-07-25T08:37:44.178078,ETH-USDT,3652.35,3653.28,2.0,1.0
2025-07-25T08:37:44.178671,ETH-USDT,3652.35,3653.27,2.0,1.0
2025-07-25T08:37:44.184278,ETH-USDT,3652.54,3653.27,2.0,1.0
2025-07-25T08:37:44.195600,ETH-USDT,3651.75,3653.27,2.0,1.0
2025-07-25T08:37:44.195612,ETH-USDT,3651.94,3653.27,2.0,1.0
2025-07-25T08:37:44.207426,ETH-USDT,3651.95,3653.27,2.0,1.0
2025-07-25T08:37:44.211202,ETH-USDT,3652.14,3653.27,2.0,1.0
2025-07-25T08:37:44.212177,ETH-USDT,3652.14,3653.26,2.0,1.0
2025-07-25T08:37:44.223207,ETH-USDT,3652.15,3653.26,2.0,1.0
2025-07-25T08:37:44.227493,ETH-USDT,3652.15,3653.25,2.0,1.0
2025-07-25T08:37:44.234116,ETH-USDT,3652.34,3653.25,2.0,1.0
2025-07-25T08:37:44.321225,ETH-USDT,3652.34,3653.24,2.0,1.0
2025-07-25T08:37:44.321239,ETH-USDT,3652.35,3653.24,2.0,1.0
2025-07-25T08:37:44.321248,ETH-USDT,3652.54,3653.24,2.0,1.0
2025-07-25T08:37:44.321254,ETH-USDT,3651.75,3653.24,2.0,1.0
2025-07-25T08:37:44.321543,ETH-USDT,3651.75,3653.23,2.0,1.0
2025-07-25T08:37:44.321553,ETH-USDT,3651.94,3653.23,2.0,1.0
2025-07-25T08:37:44.321558,ETH-USDT,3651.95,3653.23,2.0,1.0
2025-07-25T08:37:44.321562,ETH-USDT,3651.95,3653.22,2.0,1.0
2025-07-25T08:37:44.321567,ETH-USDT,3652.14,3653.22,2.0,1.0
2025-07-25T08:37:44.321572,ETH-USDT,3652.15,3653.22,2.0,1.0
2025-07-25T08:37:44.321577,ETH-USDT,3652.34,3653.22,2.0,1.0
2025-07-25T08:37:44.321581,ETH-USDT,3652.34,3653.21,2.0,1.0
2025-07-25T08:37:44.327248,ETH-USDT,3652.35,3653.21,2.0,1.0
2025-07-25T08:37:44.327260,ETH-USDT,3652.35,3653.2,2.0,1.0
2025-07-25T08:37:44.328424,ETH-USDT,3652.54,3653.2,2.0,1.0
2025-07-25T08:37:44.344261,XRP-USDT,3.0829,3.0852,16.0,10.0
2025-07-25T08:37:44.344271,XRP-USDT,3.0829,3.0851,16.0,6.0
2025-07-25T08:37:44.344275,ETH-USDT,3652.35,3653.2,2.0,1.0
2025-07-25T08:37:44.344280,XRP-USDT,3.0829,3.0851,10.0,6.0
2025-07-25T08:37:44.344284,ETH-USDT,3652.54,3653.2,2.0,1.0
2025-07-25T08:37:44.344289,ETH-USDT,3652.54,3653.19,2.0,1.0
2025-07-25T08:37:44.344294,ETH-USDT,3651.56,3653.19,8.0,1.0
2025-07-25T08:37:44.351747,ETH-USDT,3651.75,3653.19,2.0,1.0
2025-07-25T08:37:44.356534,ETH-USDT,3651.75,3653.18,2.0,1.0
2025-07-25T08:37:44.372611,ETH-USDT,3651.76,3653.18,2.0,1.0
2025-07-25T08:37:44.372624,ETH-USDT,3651.76,3653.17,2.0,1.0
2025-07-25T08:37:44.372631,ETH-USDT,3651.95,3653.17,2.0,1.0
2025-07-25T08:37:44.383529,ETH-USDT,3651.96,3653.17,2.0,1.0
2025-07-25T08:37:44.387936,ETH-USDT,3651.96,3653.16,2.0,1.0
2025-07-25T08:37:44.388321,ETH-USDT,3652.15,3653.16,2.0,1.0
2025-07-25T08:37:44.400846,ETH-USDT,3652.16,3653.16,2.0,1.0
2025-07-25T08:37:44.408432,ETH-USDT,3652.35,3653.16,2.0,1.0
2025-07-25T08:37:44.408443,ETH-USDT,3652.35,3653.16,29.0,1.0
2025-07-25T08:37:44.411552,ETH-USDT,3652.35,3653.16,27.0,1.0
2025-07-25T08:37:44.411563,ETH-USDT,3652.54,3653.16,2.0,1.0
2025-07-25T08:37:44.423675,ETH-USDT,3652.36,3653.16,11.0,1.0
2025-07-25T08:37:44.427407,ETH-USDT,3652.55,3653.16,2.0,1.0
2025-07-25T08:37:44.434322,ETH-USDT,3652.55,3653.16,4.0,1.0
2025-07-25T08:37:44.434333,ETH-USDT,3652.74,3653.16,2.0,1.0
2025-07-25T08:37:44.450278,ETH-USDT,3652.36,3653.16,9.0,1.0
2025-07-25T08:37:44.452821,ETH-USDT,3652.36,3652.97,9.0,2.0
2025-07-25T08:37:44.457015,ETH-USDT,3652.36,3653.58,9.0,2.0
2025-07-25T08:37:44.494903,ETH-USDT,3652.37,3653.58,2.0,2.0
2025-07-25T08:37:44.494919,ETH-USDT,3652.37,3653.57,2.0,1.0
2025-07-25T08:37:44.497315,LTC-USDT,111.32,111.39,10.0,3.0
2025-07-25T08:37:44.502377,LTC-USDT,111.33,111.39,2.0,3.0
2025-07-25T08:37:44.510369,ETH-USDT,3652.37,3653.55,2.0,9.0
2025-07-25T08:37:44.513235,ETH-USDT,3652.37,3653.55,2.0,20.0
2025-07-25T08:37:44.513247,ETH-USDT,3652.37,3653.55,2.0,29.0
2025-07-25T08:37:44.513254,ETH-USDT,3652.37,3653.55,2.0,40.0
2025-07-25T08:37:44.513512,ETH-USDT,3652.37,3653.55,2.0,49.0
2025-07-25T08:37:44.514480,ETH-USDT,3652.37,3653.54,2.0,1.0
2025-07-25T08:37:44.579004,ETH-USDT,3652.37,3653.35,2.0,1.0
2025-07-25T08:37:44.581590,ETH-USDT,3652.37,3653.34,2.0,1.0
2025-07-25T08:37:44.643892,ETH-USDT,3652.56,3653.34,2.0,1.0
2025-07-25T08:37:44.649329,ETH-USDT,3652.56,3653.33,2.0,1.0
2025-07-25T08:37:44.649350,ETH-USDT,3652.37,3653.33,2.0,1.0
2025-07-25T08:37:44.654835,ETH-USDT,3652.36,3653.33,9.0,1.0
2025-07-25T08:37:44.656418,ETH-USDT,3652.56,3653.33,2.0,1.0
2025-07-25T08:37:44.661025,ETH-USDT,3652.56,3653.32,2.0,1.0
2025-07-25T08:37:44.661750,ETH-USDT,3652.55,3653.32,2.0,1.0
2025-07-25T08:37:44.663723,XRP-USDT,3.0829,3.0851,16.0,6.0
2025-07-25T08:37:44.664960,ETH-USDT,3652.36,3653.32,9.0,1.0
2025-07-25T08:37:44.667646,ETH-USDT,3652.37,3653.32,2.0,1.0
2025-07-25T08:37:44.668282,ETH-USDT,3652.57,3653.32,2.0,1.0
2025-07-25T08:37:44.673350,ETH-USDT,3652.57,3653.31,2.0,1.0
2025-07-25T08:37:44.673636,ETH-USDT,3652.76,3653.31,2.0,1.0
2025-07-25T08:37:44.674821,ETH-USDT,3652.76,3653.3,2.0,9.0
2025-07-25T08:37:44.681874,ETH-USDT,3652.57,3653.3,2.0,9.0
2025-07-25T08:37:44.684130,ETH-USDT,3652.57,3653.29,2.0,1.0
2025-07-25T08:37:44.684139,ETH-USDT,3652.76,3653.29,2.0,1.0
2025-07-25T08:37:44.689652,ETH-USDT,3652.36,3653.29,9.0,1.0
2025-07-25T08:37:44.692720,ETH-USDT,3652.36,3653.1,9.0,2.0
2025-07-25T08:37:44.693751,ETH-USDT,3652.55,3653.1,2.0,2.0
2025-07-25T08:37:44.695136,ETH-USDT,3652.55,3653.3,2.0,18.0
2025-07-25T08:37:44.696371,ETH-USDT,3652.55,3653.3,2.0,27.0
2025-07-25T08:37:44.702374,ETH-USDT,3652.55,3653.3,2.0,18.0
2025-07-25T08:37:44.702705,ETH-USDT,3652.55,3653.3,2.0,9.0
2025-07-25T08:37:44.707721,LTC-USDT,111.31,111.39,2.0,3.0
2025-07-25T08:37:44.708263,ETH-USDT,3652.56,3653.3,2.0,9.0
2025-07-25T08:37:44.712265,ETH-USDT,3652.56,3653.29,2.0,1.0
2025-07-25T08:37:44.713975,ETH-USDT,3652.75,3653.29,2.0,1.0
2025-07-25T08:37:44.721969,ETH-USDT,3652.56,3653.29,2.0,1.0
2025-07-25T08:37:44.725717,ETH-USDT,3652.36,3653.29,9.0,1.0
2025-07-25T08:37:44.730735,ETH-USDT,3652.55,3653.29,2.0,1.0
2025-07-25T08:37:44.743773,ETH-USDT,3652.56,3653.29,2.0,1.0
2025-07-25T08:37:44.747942,ETH-USDT,3652.75,3653.29,2.0,1.0
2025-07-25T08:37:44.747953,ETH-USDT,3652.75,3653.28,2.0,1.0
2025-07-25T08:37:44.755135,ETH-USDT,3652.56,3653.28,2.0,1.0
2025-07-25T08:37:44.759981,ETH-USDT,3652.75,3653.28,2.0,1.0
2025-07-25T08:37:44.763307,ETH-USDT,3652.36,3653.28,9.0,1.0
2025-07-25T08:37:44.775560,ETH-USDT,3652.37,3653.28,2.0,1.0
2025-07-25T08:37:44.781716,ETH-USDT,3652.56,3653.28,2.0,1.0
2025-07-25T08:37:44.790914,ETH-USDT,3652.57,3653.28,2.0,1.0
2025-07-25T08:37:44.800120,ETH-USDT,3652.76,3653.28,2.0,1.0
2025-07-25T08:37:44.809397,ETH-USDT,3652.57,3653.28,2.0,1.0
2025-07-25T08:37:44.809408,ETH-USDT,3652.36,3653.28,9.0,1.0
2025-07-25T08:37:44.830644,ETH-USDT,3652.37,3653.28,2.0,1.0
2025-07-25T08:37:44.832253,ETH-USDT,3652.56,3653.28,2.0,1.0
2025-07-25T08:37:44.841464,ETH-USDT,3652.57,3653.28,2.0,1.0
2025-07-25T08:37:44.850165,ETH-USDT,3652.76,3653.28,2.0,1.0
2025-07-25T08:37:44.857948,ETH-USDT,3652.77,3653.28,2.0,1.0
2025-07-25T08:37:44.861666,ETH-USDT,3652.96,3653.28,2.0,1.0
2025-07-25T08:37:44.888017,ETH-USDT,3652.77,3653.28,2.0,1.0
2025-07-25T08:37:44.893334,ETH-USDT,3652.96,3653.28,2.0,1.0
2025-07-25T08:37:44.893345,ETH-USDT,3652.96,3653.28,4.0,1.0
2025-07-25T08:37:44.893352,ETH-USDT,3652.96,3653.6,4.0,11.0
2025-07-25T08:37:44.898153,ETH-USDT,3652.96,3653.6,2.0,11.0
2025-07-25T08:37:44.898163,ETH-USDT,3653.15,3653.6,2.0,11.0
2025-07-25T08:37:44.898830,ETH-USDT,3653.15,3654.04,2.0,5.0
2025-07-25T08:37:44.908187,ETH-USDT,3653.15,3654.04,2.0,2.0
2025-07-25T08:37:44.908203,ETH-USDT,3652.96,3654.04,2.0,2.0
2025-07-25T08:37:44.908212,ETH-USDT,3652.96,3654.03,2.0,1.0
2025-07-25T08:37:44.909051,ETH-USDT,3652.77,3654.03,2.0,1.0
2025-07-25T08:37:44.917434,ETH-USDT,3652.36,3654.03,9.0,1.0
2025-07-25T08:37:44.922610,ETH-USDT,3652.36,3654.02,9.0,1.0
2025-07-25T08:37:44.934225,ETH-USDT,3652.37,3654.02,2.0,1.0
2025-07-25T08:37:44.938145,ETH-USDT,3652.37,3654.01,2.0,1.0
2025-07-25T08:37:44.944546,ETH-USDT,3652.37,3654.0,2.0,9.0
2025-07-25T08:37:44.952705,ETH-USDT,3652.37,3653.99,2.0,1.0
2025-07-25T08:37:44.971085,LTC-USDT,111.32,111.39,8.0,3.0
2025-07-25T08:37:44.977490,LTC-USDT,111.33,111.39,2.0,3.0
2025-07-25T08:37:45.090978,XRP-USDT,3.0829,3.0852,16.0,10.0
2025-07-25T08:37:45.324307,ETH-USDT,3652.37,3653.99,4.0,1.0
2025-07-25T08:37:45.324327,ETH-USDT,3652.37,3653.99,4.0,3.0
2025-07-25T08:37:45.401927,XRP-USDT,3.0829,3.086,16.0,10.0
2025-07-25T08:37:45.409758,XRP-USDT,3.0829,3.0859,16.0,6.0
2025-07-25T08:37:45.605188,ETH-USDT,3652.37,3653.99,4.0,1.0
2025-07-25T08:37:45.654129,LTC-USDT,111.33,111.41,2.0,215.0
2025-07-25T08:37:45.660060,ETH-USDT,3652.56,3653.99,2.0,1.0
2025-07-25T08:37:45.660078,LTC-USDT,111.33,111.4,2.0,2.0
2025-07-25T08:37:45.661154,SOL-USDT,177.81,178.02,62.0,23.0
2025-07-25T08:37:45.671150,ETH-USDT,3652.56,3653.98,2.0,1.0
2025-07-25T08:37:45.671163,SOL-USDT,177.81,178.04,62.0,23.0
2025-07-25T08:37:45.698960,ETH-USDT,3652.57,3653.98,2.0,1.0
2025-07-25T08:37:45.698972,ETH-USDT,3652.57,3653.97,2.0,1.0
2025-07-25T08:37:45.716094,ETH-USDT,3652.76,3653.97,2.0,1.0
2025-07-25T08:37:45.716105,ETH-USDT,3652.76,3653.96,2.0,1.0
2025-07-25T08:37:45.721291,ETH-USDT,3652.77,3653.96,2.0,1.0
2025-07-25T08:37:45.728455,ETH-USDT,3652.77,3653.95,2.0,1.0
2025-07-25T08:37:46.041748,ETH-USDT,3652.77,3653.94,2.0,1.0
2025-07-25T08:37:46.054764,ETH-USDT,3652.77,3653.75,2.0,1.0
2025-07-25T08:37:46.054774,ETH-USDT,3652.37,3653.75,2.0,1.0
2025-07-25T08:37:46.058375,ETH-USDT,3652.37,3652.78,2.0,1.0
2025-07-25T08:37:46.063816,ETH-USDT,3652.37,3652.77,2.0,1.0
2025-07-25T08:37:46.063830,ETH-USDT,3652.38,3652.77,2.0,1.0
2025-07-25T08:37:46.070204,ETH-USDT,3652.57,3652.77,2.0,1.0
2025-07-25T08:37:46.075526,ETH-USDT,3652.57,3652.58,2.0,2.0
2025-07-25T08:37:46.077452,ETH-USDT,3652.57,3652.58,2.0,3.0
2025-07-25T08:37:46.078370,ETH-USDT,3652.38,3652.58,2.0,3.0
2025-07-25T08:37:46.079624,ETH-USDT,3652.38,3652.58,2.0,1.0
2025-07-25T08:37:46.083301,ETH-USDT,3652.37,3652.58,2.0,1.0
2025-07-25T08:37:46.083313,ETH-USDT,3652.57,3652.58,2.0,1.0
2025-07-25T08:37:46.089590,ETH-USDT,3652.37,3652.58,2.0,1.0
2025-07-25T08:37:46.089601,ETH-USDT,3652.56,3652.58,2.0,1.0
2025-07-25T08:37:46.093584,ETH-USDT,3652.37,3652.58,2.0,1.0
2025-07-25T08:37:46.095907,ETH-USDT,3652.37,3652.57,2.0,2.0
2025-07-25T08:37:46.096160,ETH-USDT,3652.37,3652.57,2.0,3.0
2025-07-25T08:37:46.099942,ETH-USDT,3652.37,3652.38,2.0,1.0
2025-07-25T08:37:46.111158,ETH-USDT,3652.37,3652.38,4.0,1.0
2025-07-25T08:37:46.120221,ETH-USDT,3652.37,3652.38,2.0,1.0
2025-07-25T08:37:46.123633,ETH-USDT,3652.37,3652.38,4.0,1.0
2025-07-25T08:37:46.125331,ETH-USDT,3652.37,3652.38,4.0,2.0
2025-07-25T08:37:46.129814,ETH-USDT,3652.37,3652.38,2.0,2.0
2025-07-25T08:37:46.132930,ETH-USDT,3652.37,3652.38,2.0,1.0
2025-07-25T08:37:46.137973,ETH-USDT,3652.37,3652.38,2.0,3.0
2025-07-25T08:37:46.140732,ETH-USDT,3652.37,3652.38,4.0,3.0
2025-07-25T08:37:46.143926,ETH-USDT,3652.37,3652.38,4.0,1.0
2025-07-25T08:37:46.147942,ETH-USDT,3652.37,3652.38,2.0,1.0
2025-07-25T08:37:46.151651,ETH-USDT,3652.37,3652.38,2.0,3.0
2025-07-25T08:37:46.168271,ETH-USDT,3652.37,3652.38,2.0,1.0
2025-07-25T08:37:46.168281,ETH-USDT,3652.37,3652.38,4.0,1.0
2025-07-25T08:37:46.171395,ETH-USDT,3652.37,3652.38,2.0,1.0
2025-07-25T08:37:46.173035,ETH-USDT,3652.37,3652.38,2.0,3.0
2025-07-25T08:37:46.176450,ETH-USDT,3652.37,3652.38,4.0,3.0
2025-07-25T08:37:46.177868,ETH-USDT,3652.37,3652.38,4.0,1.0
2025-07-25T08:37:46.181406,ETH-USDT,3652.37,3652.38,2.0,1.0
2025-07-25T08:37:46.193085,ETH-USDT,3652.37,3653.22,2.0,5.0
2025-07-25T08:37:46.193096,ETH-USDT,3652.37,3653.22,4.0,5.0
2025-07-25T08:37:46.193102,ETH-USDT,3652.37,3652.38,4.0,2.0
2025-07-25T08:37:46.193108,ETH-USDT,3652.37,3652.38,2.0,2.0
2025-07-25T08:37:46.199007,ETH-USDT,3652.35,3652.38,27.0,2.0
2025-07-25T08:37:46.199017,ETH-USDT,3652.35,3653.22,27.0,2.0
2025-07-25T08:37:46.208169,ETH-USDT,3652.35,3652.36,27.0,1.0
2025-07-25T08:37:46.208180,ETH-USDT,3652.35,3652.36,27.0,3.0
2025-07-25T08:37:46.208187,SOL-USDT,177.81,178.04,357.0,23.0
2025-07-25T08:37:46.212194,ETH-USDT,3652.35,3652.36,27.0,1.0
2025-07-25T08:37:46.218275,ETH-USDT,3652.35,3652.36,29.0,1.0
2025-07-25T08:37:46.218286,ETH-USDT,3652.35,3652.36,29.0,3.0
2025-07-25T08:37:46.224164,ETH-USDT,3652.35,3652.36,27.0,3.0
2025-07-25T08:37:46.226216,ETH-USDT,3652.35,3652.36,27.0,1.0
2025-07-25T08:37:46.229850,ETH-USDT,3652.35,3652.36,29.0,1.0
2025-07-25T08:37:46.248591,ETH-USDT,3652.35,3652.36,27.0,1.0
2025-07-25T08:37:46.248984,ETH-USDT,3652.35,3652.36,27.0,3.0
2025-07-25T08:37:46.323907,ETH-USDT,3652.35,3652.36,27.0,1.0
2025-07-25T08:37:46.323920,ETH-USDT,3652.35,3652.36,29.0,1.0
2025-07-25T08:37:46.363079,ETH-USDT,3652.35,3653.2,29.0,3.0
2025-07-25T08:37:46.367039,ETH-USDT,3652.35,3653.2,29.0,2.0
2025-07-25T08:37:46.371378,ETH-USDT,3652.54,3653.2,2.0,2.0
2025-07-25T08:37:46.376753,ETH-USDT,3652.54,3653.19,2.0,1.0
2025-07-25T08:37:46.376765,ETH-USDT,3652.35,3653.19,27.0,1.0
2025-07-25T08:37:46.385872,ETH-USDT,3652.35,3653.0,27.0,2.0
2025-07-25T08:37:46.385883,ETH-USDT,3652.35,3652.99,27.0,1.0
2025-07-25T08:37:46.386217,ETH-USDT,3652.54,3652.99,2.0,1.0
2025-07-25T08:37:46.394541,ETH-USDT,3652.36,3652.99,8.0,1.0
2025-07-25T08:37:46.396193,ETH-USDT,3652.36,3652.98,8.0,1.0
2025-07-25T08:37:46.404708,ETH-USDT,3652.55,3652.98,2.0,1.0
2025-07-25T08:37:46.411115,ETH-USDT,3652.36,3652.98,8.0,1.0
2025-07-25T08:37:46.413698,SOL-USDT,177.81,178.04,62.0,23.0
2025-07-25T08:37:46.422020,ETH-USDT,3652.35,3652.98,27.0,1.0
2025-07-25T08:37:46.426433,ETH-USDT,3652.35,3652.97,27.0,1.0
2025-07-25T08:37:46.426444,ETH-USDT,3652.55,3652.97,2.0,1.0
2025-07-25T08:37:46.432453,ETH-USDT,3652.36,3652.97,8.0,1.0
2025-07-25T08:37:46.444938,ETH-USDT,3652.55,3652.97,2.0,1.0
2025-07-25T08:37:46.459315,ETH-USDT,3652.55,3652.96,2.0,1.0
2025-07-25T08:37:46.459328,ETH-USDT,3652.55,3652.78,2.0,1.0
2025-07-25T08:37:46.459334,ETH-USDT,3652.36,3652.78,8.0,1.0
2025-07-25T08:37:46.459340,ETH-USDT,3652.36,3653.83,8.0,5.0
2025-07-25T08:37:46.459346,ETH-USDT,3652.36,3652.77,8.0,2.0
2025-07-25T08:37:46.460156,ETH-USDT,3652.55,3652.77,2.0,2.0
2025-07-25T08:37:46.461031,ETH-USDT,3652.55,3653.83,2.0,2.0
2025-07-25T08:37:46.465156,ETH-USDT,3652.37,3653.83,2.0,2.0
2025-07-25T08:37:46.469323,ETH-USDT,3652.37,3653.82,2.0,1.0
2025-07-25T08:37:46.512462,SOL-USDT,177.81,178.04,357.0,23.0
2025-07-25T08:37:46.892897,ETH-USDT,3652.37,3653.81,2.0,1.0
2025-07-25T08:37:46.901994,ETH-USDT,3652.37,3653.76,2.0,9.0
2025-07-25T08:37:46.908748,ETH-USDT,3652.37,3652.38,2.0,1.0
2025-07-25T08:37:46.908759,ETH-USDT,3652.35,3652.38,27.0,1.0
2025-07-25T08:37:46.912463,ETH-USDT,3652.35,3652.36,27.0,1.0
2025-07-25T08:37:46.922378,ETH-USDT,3652.35,3652.36,29.0,1.0
2025-07-25T08:37:46.922389,ETH-USDT,3652.35,3653.75,29.0,4.0
2025-07-25T08:37:46.924608,ETH-USDT,3652.35,3653.75,27.0,4.0
2025-07-25T08:37:46.924619,ETH-USDT,3652.35,3652.36,27.0,1.0
2025-07-25T08:37:46.940742,ETH-USDT,3652.35,3652.36,27.0,2.0
2025-07-25T08:37:46.940753,ETH-USDT,3652.35,3652.36,29.0,2.0
2025-07-25T08:37:46.947276,ETH-USDT,3652.35,3652.36,29.0,1.0
2025-07-25T08:37:46.947287,ETH-USDT,3652.35,3652.36,27.0,1.0
2025-07-25T08:37:46.947584,ETH-USDT,3652.35,3652.36,27.0,3.0
2025-07-25T08:37:46.960062,ETH-USDT,3652.35,3652.36,27.0,1.0
2025-07-25T08:37:46.960073,ETH-USDT,3652.35,3652.36,29.0,1.0
2025-07-25T08:37:46.964423,ETH-USDT,3652.35,3652.36,27.0,1.0
2025-07-25T08:37:46.974761,ETH-USDT,3652.35,3652.36,27.0,3.0
2025-07-25T08:37:46.988007,ETH-USDT,3652.35,3652.36,29.0,3.0
2025-07-25T08:37:46.988020,ETH-USDT,3652.35,3652.36,29.0,1.0
2025-07-25T08:37:46.989595,ETH-USDT,3652.35,3652.36,27.0,1.0
2025-07-25T08:37:46.995477,ETH-USDT,3652.35,3652.36,27.0,3.0
2025-07-25T08:37:47.001137,ETH-USDT,3652.35,3652.36,29.0,3.0
2025-07-25T08:37:47.001148,ETH-USDT,3652.35,3652.36,29.0,1.0
2025-07-25T08:37:47.029403,ETH-USDT,3652.35,3652.36,27.0,1.0
2025-07-25T08:37:47.029417,ETH-USDT,3652.35,3652.36,27.0,3.0
2025-07-25T08:37:47.029424,ETH-USDT,3652.35,3652.36,27.0,1.0
2025-07-25T08:37:47.029430,ETH-USDT,3652.35,3652.36,29.0,1.0
2025-07-25T08:37:47.048539,ETH-USDT,3652.35,3652.36,31.0,1.0
2025-07-25T08:37:47.048551,ETH-USDT,3652.35,3652.36,31.0,3.0
2025-07-25T08:37:47.048557,ETH-USDT,3652.35,3652.36,29.0,3.0
2025-07-25T08:37:47.059519,ETH-USDT,3652.35,3652.36,31.0,3.0
2025-07-25T08:37:47.059532,ETH-USDT,3652.35,3652.36,31.0,1.0
2025-07-25T08:37:47.065151,ETH-USDT,3652.35,3652.36,31.0,2.0
2025-07-25T08:37:47.066165,ETH-USDT,3652.35,3652.36,29.0,2.0
2025-07-25T08:37:47.068941,ETH-USDT,3652.35,3652.36,29.0,1.0
2025-07-25T08:37:47.070799,ETH-USDT,3652.35,3652.36,31.0,1.0
2025-07-25T08:37:47.074004,ETH-USDT,3652.35,3653.2,31.0,5.0
2025-07-25T08:37:47.075760,ETH-USDT,3652.35,3653.2,29.0,5.0
2025-07-25T08:37:47.076275,ETH-USDT,3652.35,3653.2,29.0,2.0
2025-07-25T08:37:47.101301,ETH-USDT,3652.36,3653.2,9.0,2.0
2025-07-25T08:37:47.109904,ETH-USDT,3652.55,3653.2,2.0,2.0
2025-07-25T08:37:47.116088,ETH-USDT,3652.37,3653.2,2.0,2.0
2025-07-25T08:37:47.116396,ETH-USDT,3652.37,3653.01,2.0,2.0
2025-07-25T08:37:47.120523,ETH-USDT,3652.56,3653.01,2.0,2.0
2025-07-25T08:37:47.120535,ETH-USDT,3652.56,3653.01,4.0,2.0
2025-07-25T08:37:47.125339,ETH-USDT,3652.56,3653.01,2.0,2.0
2025-07-25T08:37:47.127274,ETH-USDT,3652.56,3653.83,2.0,68.0
2025-07-25T08:37:47.129938,ETH-USDT,3652.75,3653.83,2.0,68.0
2025-07-25T08:37:47.134937,ETH-USDT,3652.75,3653.82,2.0,1.0
2025-07-25T08:37:47.135602,ETH-USDT,3652.56,3653.82,2.0,1.0
2025-07-25T08:37:47.138147,ETH-USDT,3652.56,3653.63,2.0,2.0
2025-07-25T08:37:47.141013,ETH-USDT,3652.36,3653.63,9.0,2.0
2025-07-25T08:37:47.142587,ETH-USDT,3652.36,3653.62,9.0,1.0
2025-07-25T08:37:47.148494,ETH-USDT,3652.36,3653.62,9.0,3.0
2025-07-25T08:37:47.153663,ETH-USDT,3652.37,3653.62,2.0,3.0
2025-07-25T08:37:47.157280,ETH-USDT,3652.37,3653.61,2.0,1.0
2025-07-25T08:37:47.157614,ETH-USDT,3652.37,3653.61,4.0,1.0
2025-07-25T08:37:47.162752,ETH-USDT,3652.37,3653.61,4.0,3.0
2025-07-25T08:37:47.383645,ETH-USDT,3652.56,3653.61,2.0,3.0
2025-07-25T08:37:47.390007,ETH-USDT,3652.56,3653.61,4.0,3.0
2025-07-25T08:37:47.392086,ETH-USDT,3652.56,3653.61,2.0,3.0
2025-07-25T08:37:47.399008,ETH-USDT,3652.57,3653.61,2.0,3.0
2025-07-25T08:37:47.399019,ETH-USDT,3652.75,3653.61,2.0,3.0
2025-07-25T08:37:47.399025,ETH-USDT,3652.76,3653.61,2.0,3.0
2025-07-25T08:37:47.415132,ETH-USDT,3652.76,3653.61,4.0,3.0
2025-07-25T08:37:47.419490,ETH-USDT,3652.95,3653.61,2.0,3.0
2025-07-25T08:37:47.423456,ETH-USDT,3652.95,3653.6,2.0,1.0
2025-07-25T08:37:47.428544,ETH-USDT,3652.76,3653.6,2.0,1.0
2025-07-25T08:37:47.432868,ETH-USDT,3652.96,3653.6,2.0,1.0
2025-07-25T08:37:47.436973,ETH-USDT,3653.15,3653.6,2.0,1.0
2025-07-25T08:37:47.436984,ETH-USDT,3653.15,3653.59,2.0,1.0
2025-07-25T08:37:47.441625,ETH-USDT,3652.96,3653.59,2.0,1.0
2025-07-25T08:37:47.456610,ETH-USDT,3652.75,3653.59,2.0,1.0
2025-07-25T08:37:47.456624,ETH-USDT,3652.75,3653.58,2.0,1.0
2025-07-25T08:37:47.466159,ETH-USDT,3652.76,3653.58,2.0,1.0
2025-07-25T08:37:47.470501,ETH-USDT,3652.76,3653.57,2.0,1.0
2025-07-25T08:37:47.651054,ETH-USDT,3652.76,3653.61,2.0,2.0
2025-07-25T08:37:47.659911,ETH-USDT,3652.76,3654.17,2.0,68.0
2025-07-25T08:37:47.692953,ETH-USDT,3652.76,3654.42,2.0,154.0
2025-07-25T08:37:47.711607,ETH-USDT,3652.76,3654.15,2.0,9.0
2025-07-25T08:37:47.712547,ETH-USDT,3652.76,3654.15,2.0,20.0
2025-07-25T08:37:47.718180,ETH-USDT,3652.76,3654.15,2.0,11.0
2025-07-25T08:37:47.718426,XRP-USDT,3.0829,3.0859,98.0,6.0
2025-07-25T08:37:47.718439,ETH-USDT,3652.76,3654.14,2.0,1.0
2025-07-25T08:37:47.872995,XRP-USDT,3.0829,3.0859,16.0,6.0
2025-07-25T08:37:48.037271,LTC-USDT,111.33,111.41,2.0,215.0
2025-07-25T08:37:48.085993,LTC-USDT,111.33,111.4,2.0,3.0
2025-07-25T08:37:48.124692,LTC-USDT,111.33,111.41,2.0,215.0
2025-07-25T08:37:48.229742,LTC-USDT,111.33,111.4,2.0,3.0
2025-07-25T08:37:48.337481,ETH-USDT,3652.76,3654.13,2.0,1.0
2025-07-25T08:37:48.420048,XRP-USDT,3.0829,3.0861,16.0,69.0
2025-07-25T08:37:48.424447,XRP-USDT,3.0829,3.0861,98.0,69.0
2025-07-25T08:37:48.452664,ETH-USDT,3652.76,3654.13,29.0,1.0
2025-07-25T08:37:48.457409,ETH-USDT,3652.77,3654.13,9.0,1.0
2025-07-25T08:37:48.462889,ETH-USDT,3652.77,3654.12,9.0,1.0
2025-07-25T08:37:48.466253,ETH-USDT,3652.78,3654.12,2.0,1.0
2025-07-25T08:37:48.531956,LTC-USDT,111.33,111.41,2.0,215.0
2025-07-25T08:37:48.738361,ETH-USDT,3652.78,3654.11,2.0,1.0
2025-07-25T08:37:49.035310,LTC-USDT,111.33,111.47,2.0,5.0
2025-07-25T08:37:49.049171,LTC-USDT,111.33,111.46,2.0,3.0
2025-07-25T08:37:49.102556,ETH-USDT,3652.97,3654.11,2.0,1.0
2025-07-25T08:37:49.107844,ETH-USDT,3652.97,3654.1,2.0,1.0
2025-07-25T08:37:49.117578,ETH-USDT,3652.98,3654.1,2.0,1.0
2025-07-25T08:37:49.121355,ETH-USDT,3652.98,3654.09,2.0,1.0
2025-07-25T08:37:49.121366,ETH-USDT,3653.17,3654.09,2.0,1.0
2025-07-25T08:37:49.131894,ETH-USDT,3653.18,3654.09,2.0,1.0
2025-07-25T08:37:49.137908,ETH-USDT,3653.18,3654.08,2.0,1.0
2025-07-25T08:37:49.142673,ETH-USDT,3653.37,3654.08,2.0,1.0
2025-07-25T08:37:49.152582,ETH-USDT,3653.38,3654.08,2.0,1.0
2025-07-25T08:37:49.156334,ETH-USDT,3653.38,3654.07,2.0,1.0
2025-07-25T08:37:49.157128,ETH-USDT,3653.57,3654.07,2.0,1.0
2025-07-25T08:37:49.162722,ETH-USDT,3653.38,3654.07,2.0,1.0
2025-07-25T08:37:49.165228,ETH-USDT,3653.38,3653.88,2.0,2.0
2025-07-25T08:37:49.169157,ETH-USDT,3653.38,3654.42,2.0,154.0
2025-07-25T08:37:49.169173,ETH-USDT,3652.77,3654.42,9.0,154.0
2025-07-25T08:37:49.174868,ETH-USDT,3652.77,3654.41,9.0,1.0
2025-07-25T08:37:49.183112,ETH-USDT,3652.78,3654.41,2.0,1.0
2025-07-25T08:37:49.187204,ETH-USDT,3652.78,3654.4,2.0,1.0
2025-07-25T08:37:49.247956,ETH-USDT,3652.78,3654.39,2.0,1.0
2025-07-25T08:37:49.264949,LTC-USDT,111.33,111.45,2.0,216.0
2025-07-25T08:37:49.268233,ETH-USDT,3652.97,3654.39,2.0,1.0
2025-07-25T08:37:49.271594,LTC-USDT,111.33,111.44,2.0,12.0
2025-07-25T08:37:49.271606,LTC-USDT,111.33,111.44,2.0,15.0
2025-07-25T08:37:49.271612,ETH-USDT,3652.97,3654.39,4.0,1.0
2025-07-25T08:37:49.271619,ETH-USDT,3652.97,3654.38,4.0,1.0
2025-07-25T08:37:49.272685,LTC-USDT,111.33,111.44,2.0,12.0
2025-07-25T08:37:49.273619,LTC-USDT,111.33,111.43,2.0,3.0
2025-07-25T08:37:49.294085,ETH-USDT,3652.98,3654.38,2.0,1.0
2025-07-25T08:37:49.294096,ETH-USDT,3652.98,3654.37,2.0,1.0
2025-07-25T08:37:49.434488,SOL-USDT,177.83,178.04,2050.0,23.0
2025-07-25T08:37:49.438563,SOL-USDT,177.84,178.04,19.0,23.0
2025-07-25T08:37:49.440203,SOL-USDT,177.84,178.04,615.0,23.0
2025-07-25T08:37:49.444550,SOL-USDT,177.84,178.04,639.0,23.0
2025-07-25T08:37:49.494374,ETH-USDT,3653.17,3654.37,2.0,1.0
2025-07-25T08:37:49.498249,ETH-USDT,3653.17,3654.36,2.0,1.0
2025-07-25T08:37:49.498263,ETH-USDT,3653.17,3654.36,4.0,1.0
2025-07-25T08:37:49.502677,ETH-USDT,3653.17,3654.36,2.0,1.0
2025-07-25T08:37:49.502688,ETH-USDT,3653.36,3654.36,2.0,1.0
2025-07-25T08:37:49.507387,ETH-USDT,3653.36,3654.36,4.0,1.0
2025-07-25T08:37:49.512844,ETH-USDT,3653.36,3654.36,2.0,1.0
2025-07-25T08:37:49.512857,ETH-USDT,3653.55,3654.36,2.0,1.0
2025-07-25T08:37:49.518493,ETH-USDT,3653.55,3654.35,2.0,1.0
2025-07-25T08:37:49.523401,ETH-USDT,3653.37,3654.35,2.0,1.0
2025-07-25T08:37:49.528254,ETH-USDT,3653.36,3654.35,2.0,1.0
2025-07-25T08:37:49.533666,ETH-USDT,3653.36,3654.34,2.0,1.0
2025-07-25T08:37:49.540084,ETH-USDT,3653.37,3654.34,2.0,1.0
2025-07-25T08:37:49.543912,ETH-USDT,3653.37,3654.33,2.0,1.0
2025-07-25T08:37:49.545903,ETH-USDT,3653.55,3654.33,2.0,1.0
2025-07-25T08:37:49.547168,ETH-USDT,3653.56,3654.33,2.0,1.0
2025-07-25T08:37:49.552330,ETH-USDT,3653.37,3654.33,4.0,1.0
2025-07-25T08:37:49.554683,ETH-USDT,3653.37,3654.33,2.0,1.0
2025-07-25T08:37:49.557044,ETH-USDT,3653.37,3654.32,2.0,1.0
2025-07-25T08:37:49.566395,ETH-USDT,3653.56,3654.32,2.0,1.0
2025-07-25T08:37:49.566404,ETH-USDT,3653.37,3654.32,2.0,1.0
2025-07-25T08:37:49.569315,ETH-USDT,3653.37,3654.31,2.0,1.0
2025-07-25T08:37:49.569325,ETH-USDT,3653.38,3654.31,2.0,1.0
2025-07-25T08:37:49.571163,ETH-USDT,3653.56,3654.31,2.0,1.0
2025-07-25T08:37:49.574631,ETH-USDT,3653.57,3654.31,2.0,1.0
2025-07-25T08:37:49.582558,ETH-USDT,3653.37,3654.31,2.0,1.0
2025-07-25T08:37:49.583072,ETH-USDT,3653.37,3654.12,2.0,1.0
2025-07-25T08:37:49.587518,ETH-USDT,3653.56,3654.12,2.0,1.0
2025-07-25T08:37:49.587709,ETH-USDT,3653.56,3654.11,2.0,1.0
2025-07-25T08:37:49.593707,ETH-USDT,3653.56,3653.92,2.0,2.0
2025-07-25T08:37:49.594410,ETH-USDT,3653.37,3653.92,2.0,2.0
2025-07-25T08:37:49.597062,ETH-USDT,3653.37,3653.92,4.0,2.0
2025-07-25T08:37:49.597536,ETH-USDT,3653.37,3654.31,4.0,1.0
2025-07-25T08:37:49.599467,ETH-USDT,3653.56,3654.31,2.0,1.0
2025-07-25T08:37:49.606098,ETH-USDT,3653.37,3654.31,4.0,1.0
2025-07-25T08:37:49.606108,ETH-USDT,3653.37,3654.3,4.0,1.0
2025-07-25T08:37:49.615170,ETH-USDT,3653.37,3654.3,2.0,1.0
2025-07-25T08:37:49.633465,ETH-USDT,3653.38,3654.3,2.0,1.0
2025-07-25T08:37:49.637103,ETH-USDT,3653.38,3654.29,2.0,1.0
2025-07-25T08:37:49.637117,ETH-USDT,3653.57,3654.29,2.0,1.0
2025-07-25T08:37:49.652301,ETH-USDT,3653.37,3654.29,2.0,1.0
2025-07-25T08:37:49.657274,ETH-USDT,3653.37,3654.28,2.0,1.0
2025-07-25T08:37:49.663645,ETH-USDT,3653.56,3654.28,2.0,1.0
2025-07-25T08:37:49.670502,ETH-USDT,3653.56,3654.27,2.0,1.0
2025-07-25T08:37:49.671483,XRP-USDT,3.0829,3.0867,98.0,10.0
2025-07-25T08:37:49.675845,ETH-USDT,3653.38,3654.27,2.0,1.0
2025-07-25T08:37:49.683044,ETH-USDT,3653.37,3654.27,2.0,1.0
2025-07-25T08:37:49.683055,ETH-USDT,3653.57,3654.27,2.0,1.0
2025-07-25T08:37:49.684648,ETH-USDT,3653.56,3654.27,2.0,1.0
2025-07-25T08:37:49.688821,ETH-USDT,3653.37,3654.27,2.0,1.0
2025-07-25T08:37:49.693982,ETH-USDT,3653.56,3654.27,2.0,1.0
2025-07-25T08:37:49.703709,ETH-USDT,3653.38,3654.27,2.0,1.0
2025-07-25T08:37:49.704893,ETH-USDT,3653.57,3654.27,2.0,1.0
2025-07-25T08:37:49.710829,ETH-USDT,3653.57,3654.27,4.0,1.0
2025-07-25T08:37:49.716353,ETH-USDT,3653.57,3654.27,2.0,1.0
2025-07-25T08:37:49.716364,ETH-USDT,3653.76,3654.27,2.0,1.0
2025-07-25T08:37:49.717904,XRP-USDT,3.0829,3.0867,98.0,16.0
2025-07-25T08:37:49.726577,ETH-USDT,3653.57,3654.27,2.0,1.0
2025-07-25T08:37:49.726589,ETH-USDT,3653.76,3654.27,2.0,1.0
2025-07-25T08:37:49.734160,ETH-USDT,3653.37,3654.27,2.0,1.0
2025-07-25T08:37:49.736717,ETH-USDT,3653.37,3654.08,2.0,1.0
2025-07-25T08:37:49.743580,ETH-USDT,3653.38,3654.08,2.0,1.0
2025-07-25T08:37:49.749890,ETH-USDT,3653.57,3654.08,2.0,1.0
2025-07-25T08:37:49.749907,ETH-USDT,3653.57,3654.46,2.0,2.0
2025-07-25T08:37:49.761241,ETH-USDT,3653.58,3654.46,2.0,2.0
2025-07-25T08:37:49.764564,ETH-USDT,3653.58,3654.45,2.0,1.0
2025-07-25T08:37:49.770502,ETH-USDT,3653.58,3654.45,2.0,3.0
2025-07-25T08:37:49.774995,ETH-USDT,3653.58,3654.26,2.0,2.0
2025-07-25T08:37:49.779758,ETH-USDT,3653.58,3654.45,2.0,3.0
2025-07-25T08:37:49.779770,ETH-USDT,3653.58,3654.45,2.0,2.0
2025-07-25T08:37:49.779966,ETH-USDT,3653.77,3654.45,2.0,2.0
2025-07-25T08:37:49.783993,ETH-USDT,3653.77,3654.44,2.0,1.0
2025-07-25T08:37:49.785075,ETH-USDT,3653.58,3654.44,2.0,1.0
2025-07-25T08:37:49.789512,ETH-USDT,3653.58,3654.25,2.0,2.0
2025-07-25T08:37:49.800142,ETH-USDT,3653.37,3654.25,2.0,2.0
2025-07-25T08:37:49.800154,ETH-USDT,3653.37,3654.45,2.0,2.0
2025-07-25T08:37:49.800160,XRP-USDT,3.0829,3.0866,98.0,6.0
2025-07-25T08:37:49.803211,ETH-USDT,3653.37,3654.44,2.0,1.0
2025-07-25T08:37:49.803230,XRP-USDT,3.0829,3.0866,98.0,16.0
2025-07-25T08:37:49.805932,ETH-USDT,3653.38,3654.44,2.0,1.0
2025-07-25T08:37:49.810463,ETH-USDT,3653.57,3654.44,2.0,1.0
2025-07-25T08:37:49.817124,ETH-USDT,3653.57,3654.43,2.0,1.0
2025-07-25T08:37:49.817134,ETH-USDT,3653.38,3654.43,2.0,1.0
2025-07-25T08:37:49.822747,ETH-USDT,3653.37,3654.43,2.0,1.0
2025-07-25T08:37:49.827817,ETH-USDT,3653.37,3654.42,2.0,1.0
2025-07-25T08:37:49.834844,ETH-USDT,3653.38,3654.42,2.0,1.0
2025-07-25T08:37:49.840724,ETH-USDT,3653.38,3654.41,2.0,1.0
2025-07-25T08:37:49.916002,XRP-USDT,3.0829,3.0865,98.0,6.0
2025-07-25T08:37:49.933526,XRP-USDT,3.0829,3.0865,16.0,6.0
2025-07-25T08:37:49.933539,XRP-USDT,3.0839,3.0865,275.0,6.0
2025-07-25T08:37:49.971858,ETH-USDT,3653.38,3654.22,2.0,1.0
2025-07-25T08:37:49.976737,ETH-USDT,3653.38,3654.21,2.0,1.0
2025-07-25T08:37:49.990879,ETH-USDT,3653.38,3654.21,2.0,3.0
2025-07-25T08:37:50.030469,ETH-USDT,3653.57,3654.21,2.0,3.0
2025-07-25T08:37:50.034825,ETH-USDT,3653.57,3654.2,2.0,1.0
2025-07-25T08:37:50.035011,ETH-USDT,3653.38,3654.2,2.0,1.0
2025-07-25T08:37:50.042364,ETH-USDT,3653.37,3654.2,2.0,1.0
2025-07-25T08:37:50.047124,ETH-USDT,3653.37,3654.19,2.0,1.0
2025-07-25T08:37:50.070444,ETH-USDT,3653.38,3654.19,2.0,1.0
2025-07-25T08:37:50.070456,ETH-USDT,3653.56,3654.19,2.0,1.0
2025-07-25T08:37:50.071003,ETH-USDT,3653.38,3654.19,2.0,1.0
2025-07-25T08:37:50.071014,ETH-USDT,3653.57,3654.19,2.0,1.0
2025-07-25T08:37:50.081290,ETH-USDT,3653.56,3654.19,2.0,1.0
2025-07-25T08:37:50.081913,ETH-USDT,3653.58,3654.19,2.0,1.0
2025-07-25T08:37:50.088985,ETH-USDT,3653.75,3654.19,2.0,1.0
2025-07-25T08:37:50.092556,ETH-USDT,3653.77,3654.19,2.0,1.0
2025-07-25T08:37:50.155214,ETH-USDT,3653.77,3654.0,2.0,2.0
2025-07-25T08:37:50.160173,ETH-USDT,3653.37,3654.0,2.0,2.0
2025-07-25T08:37:50.160185,SOL-USDT,177.84,178.04,738.0,23.0
2025-07-25T08:37:50.163050,ETH-USDT,3653.37,3653.78,2.0,1.0
2025-07-25T08:37:50.164963,ETH-USDT,3653.56,3653.78,2.0,1.0
2025-07-25T08:37:50.164972,SOL-USDT,177.85,178.04,19.0,23.0
2025-07-25T08:37:50.164978,SOL-USDT,177.85,178.04,37.0,23.0
2025-07-25T08:37:50.168922,ETH-USDT,3653.56,3653.77,2.0,1.0
2025-07-25T08:37:50.172254,ETH-USDT,3653.37,3653.77,2.0,1.0
2025-07-25T08:37:50.172263,SOL-USDT,177.85,178.04,61.0,23.0
2025-07-25T08:37:50.172268,ETH-USDT,3653.37,3653.59,2.0,1.0
2025-07-25T08:37:50.173957,ETH-USDT,3653.37,3653.58,2.0,2.0
2025-07-25T08:37:50.177302,ETH-USDT,3653.56,3653.58,2.0,2.0
2025-07-25T08:37:50.177312,ETH-USDT,3653.56,3654.21,2.0,2.0
2025-07-25T08:37:50.183840,ETH-USDT,3653.37,3654.21,2.0,2.0
2025-07-25T08:37:50.188270,ETH-USDT,3653.37,3654.2,2.0,1.0
2025-07-25T08:37:50.197618,ETH-USDT,3653.37,3654.2,4.0,1.0
2025-07-25T08:37:50.361020,XRP-USDT,3.0839,3.0865,285.0,6.0
2025-07-25T08:37:50.361037,XRP-USDT,3.0839,3.0865,285.0,16.0
2025-07-25T08:37:50.361044,XRP-USDT,3.084,3.0865,10.0,16.0
2025-07-25T08:37:50.361050,XRP-USDT,3.084,3.0865,10.0,10.0
2025-07-25T08:37:50.361057,XRP-USDT,3.084,3.0864,10.0,6.0
2025-07-25T08:37:50.487901,ETH-USDT,3653.37,3654.2,2.0,1.0
2025-07-25T08:37:50.490219,ETH-USDT,3653.37,3654.01,2.0,2.0
2025-07-25T08:37:50.490232,ETH-USDT,3652.77,3654.01,9.0,2.0
2025-07-25T08:37:50.546481,ETH-USDT,3652.77,3654.0,9.0,1.0
2025-07-25T08:37:50.546495,ETH-USDT,3652.78,3654.0,2.0,1.0
2025-07-25T08:37:50.546502,ETH-USDT,3652.78,3653.99,2.0,1.0
2025-07-25T08:37:50.582014,SOL-USDT,177.85,178.04,1015.0,23.0
2025-07-25T08:37:50.587034,SOL-USDT,177.86,178.04,19.0,23.0
2025-07-25T08:37:50.587984,SOL-USDT,177.86,178.04,293.0,23.0
2025-07-25T08:37:50.592861,SOL-USDT,177.86,178.04,317.0,23.0
2025-07-25T08:37:50.710010,ETH-USDT,3652.97,3653.99,2.0,1.0
2025-07-25T08:37:50.714111,ETH-USDT,3652.97,3653.98,2.0,1.0
2025-07-25T08:37:50.723412,ETH-USDT,3652.98,3653.98,2.0,1.0
2025-07-25T08:37:50.727953,ETH-USDT,3652.98,3653.97,2.0,1.0
2025-07-25T08:37:50.926383,ETH-USDT,3653.17,3653.97,2.0,1.0
2025-07-25T08:37:50.931697,ETH-USDT,3653.17,3653.96,2.0,1.0
2025-07-25T08:37:50.931707,ETH-USDT,3652.98,3653.96,2.0,1.0
2025-07-25T08:37:50.942211,ETH-USDT,3653.18,3653.96,2.0,1.0
2025-07-25T08:37:50.951006,ETH-USDT,3653.18,3653.95,2.0,1.0
2025-07-25T08:37:51.075757,ETH-USDT,3653.37,3653.95,2.0,1.0
2025-07-25T08:37:51.079586,ETH-USDT,3653.37,3653.94,2.0,1.0
2025-07-25T08:37:51.079598,ETH-USDT,3653.18,3653.94,2.0,1.0
2025-07-25T08:37:51.086959,ETH-USDT,3652.77,3653.94,9.0,1.0
2025-07-25T08:37:51.108967,ETH-USDT,3652.78,3653.94,2.0,1.0
2025-07-25T08:37:51.111239,ETH-USDT,3652.97,3653.94,2.0,1.0
2025-07-25T08:37:51.121449,ETH-USDT,3652.98,3653.94,2.0,1.0
2025-07-25T08:37:51.126186,ETH-USDT,3653.17,3653.94,2.0,1.0
2025-07-25T08:37:51.130895,ETH-USDT,3653.17,3653.93,2.0,1.0
2025-07-25T08:37:51.134496,ETH-USDT,3652.98,3653.93,2.0,1.0
2025-07-25T08:37:51.138142,ETH-USDT,3652.77,3653.93,9.0,1.0
2025-07-25T08:37:51.145187,ETH-USDT,3652.77,3653.92,9.0,1.0
2025-07-25T08:37:51.150951,ETH-USDT,3652.78,3653.92,2.0,1.0
2025-07-25T08:37:51.155374,ETH-USDT,3652.97,3653.92,2.0,1.0
2025-07-25T08:37:51.155386,ETH-USDT,3652.97,3653.91,2.0,1.0
2025-07-25T08:37:51.160394,ETH-USDT,3652.97,3653.91,4.0,1.0
2025-07-25T08:37:51.164114,ETH-USDT,3653.16,3653.91,2.0,1.0
2025-07-25T08:37:51.169165,ETH-USDT,3653.16,3653.9,2.0,1.0
2025-07-25T08:37:51.169256,ETH-USDT,3653.16,3653.9,4.0,1.0
2025-07-25T08:37:51.172698,ETH-USDT,3653.16,3653.9,2.0,1.0
2025-07-25T08:37:51.173835,ETH-USDT,3653.35,3653.9,2.0,1.0
2025-07-25T08:37:51.182660,ETH-USDT,3653.35,3653.71,2.0,2.0
2025-07-25T08:37:51.185196,ETH-USDT,3653.17,3653.71,2.0,2.0
2025-07-25T08:37:51.189683,ETH-USDT,3653.17,3653.7,2.0,1.0
2025-07-25T08:37:51.192999,ETH-USDT,3653.16,3653.7,2.0,1.0
2025-07-25T08:37:51.216979,ETH-USDT,3653.35,3653.7,2.0,1.0
2025-07-25T08:37:51.225600,ETH-USDT,3653.16,3653.7,2.0,1.0
2025-07-25T08:37:51.301245,ETH-USDT,3653.35,3653.7,2.0,1.0
2025-07-25T08:37:51.306364,ETH-USDT,3653.35,3653.69,2.0,1.0
2025-07-25T08:37:51.311004,ETH-USDT,3653.16,3653.69,2.0,1.0
2025-07-25T08:37:51.318860,ETH-USDT,3653.35,3653.69,2.0,1.0
2025-07-25T08:37:51.323143,ETH-USDT,3653.35,3653.68,2.0,1.0
2025-07-25T08:37:51.328189,ETH-USDT,3653.16,3653.68,2.0,1.0
2025-07-25T08:37:51.347971,ETH-USDT,3653.35,3653.68,2.0,1.0
2025-07-25T08:37:51.351991,ETH-USDT,3653.35,3653.67,2.0,1.0
2025-07-25T08:37:51.366642,ETH-USDT,3653.16,3653.67,2.0,1.0
2025-07-25T08:37:51.366656,ETH-USDT,3653.35,3653.67,2.0,1.0
2025-07-25T08:37:51.366663,ETH-USDT,3653.35,3653.66,2.0,1.0
2025-07-25T08:37:51.368419,ETH-USDT,3653.16,3653.66,2.0,1.0
2025-07-25T08:37:51.384424,ETH-USDT,3653.35,3653.66,2.0,1.0
2025-07-25T08:37:51.403118,ETH-USDT,3653.16,3653.66,2.0,1.0
2025-07-25T08:37:51.403131,ETH-USDT,3653.35,3653.66,2.0,1.0
2025-07-25T08:37:51.407321,ETH-USDT,3653.16,3653.66,2.0,1.0
2025-07-25T08:37:51.414977,ETH-USDT,3653.35,3653.66,2.0,1.0
2025-07-25T08:37:51.456222,ETH-USDT,3653.16,3653.66,2.0,1.0
2025-07-25T08:37:51.475881,ETH-USDT,3653.35,3653.66,2.0,1.0
2025-07-25T08:37:51.483120,ETH-USDT,3653.16,3653.66,2.0,1.0
2025-07-25T08:37:51.489438,ETH-USDT,3653.35,3653.66,2.0,1.0
2025-07-25T08:37:51.498371,ETH-USDT,3653.16,3653.66,2.0,1.0
2025-07-25T08:37:51.505859,ETH-USDT,3653.35,3653.66,2.0,1.0
2025-07-25T08:37:51.518018,ETH-USDT,3653.16,3653.66,2.0,1.0
2025-07-25T08:37:51.539718,ETH-USDT,3653.35,3653.66,2.0,1.0
2025-07-25T08:37:51.546819,ETH-USDT,3653.16,3653.66,2.0,1.0
2025-07-25T08:37:51.547862,ETH-USDT,3653.35,3653.66,2.0,1.0
2025-07-25T08:37:51.560493,ETH-USDT,3653.16,3653.66,2.0,1.0
2025-07-25T08:37:51.562615,ETH-USDT,3653.16,3653.47,2.0,2.0
2025-07-25T08:37:51.572061,ETH-USDT,3653.16,3654.53,2.0,5.0
2025-07-25T08:37:51.572078,ETH-USDT,3653.16,3654.53,2.0,2.0
2025-07-25T08:37:51.579741,ETH-USDT,3653.17,3654.53,2.0,2.0
2025-07-25T08:37:51.585298,ETH-USDT,3653.17,3654.52,2.0,1.0
2025-07-25T08:37:51.797398,SOL-USDT,177.86,178.04,24.0,23.0
2025-07-25T08:37:51.898005,SOL-USDT,177.86,178.04,43.0,23.0
2025-07-25T08:37:51.899451,SOL-USDT,177.86,178.04,310.0,23.0
2025-07-25T08:37:52.246164,ETH-USDT,3653.17,3654.52,2.0,3.0
2025-07-25T08:37:52.246181,ETH-USDT,3653.17,3654.52,4.0,3.0
2025-07-25T08:37:52.371668,ETH-USDT,3653.17,3654.52,31.0,3.0
2025-07-25T08:37:53.120928,ETH-USDT,3653.17,3654.51,31.0,2.0
2025-07-25T08:37:53.125859,ETH-USDT,3653.17,3654.5,31.0,1.0
2025-07-25T08:37:53.130509,ETH-USDT,3653.17,3654.5,31.0,3.0
2025-07-25T08:37:53.247190,ETH-USDT,3653.17,3654.31,31.0,2.0
2025-07-25T08:37:53.251910,ETH-USDT,3653.17,3654.31,29.0,2.0
2025-07-25T08:37:53.259842,ETH-USDT,3653.17,3654.31,29.0,4.0
2025-07-25T08:37:53.259855,ETH-USDT,3653.17,3654.3,29.0,1.0
2025-07-25T08:37:53.259861,SOL-USDT,177.86,178.04,24.0,23.0
2025-07-25T08:37:53.266023,ETH-USDT,3653.17,3654.11,29.0,1.0
2025-07-25T08:37:53.267924,ETH-USDT,3653.17,3654.1,29.0,1.0
2025-07-25T08:37:53.278580,ETH-USDT,3653.17,3653.18,29.0,1.0
2025-07-25T08:37:53.279923,ETH-USDT,3653.17,3653.18,29.0,3.0
2025-07-25T08:37:53.282569,ETH-USDT,3653.17,3653.18,27.0,3.0
2025-07-25T08:37:53.289029,ETH-USDT,3653.17,3653.18,29.0,3.0
2025-07-25T08:37:53.290473,ETH-USDT,3653.17,3653.18,29.0,1.0
2025-07-25T08:37:53.290483,ETH-USDT,3653.17,3653.18,27.0,1.0
2025-07-25T08:37:53.297310,ETH-USDT,3653.17,3653.18,29.0,1.0
2025-07-25T08:37:53.300618,ETH-USDT,3653.17,3653.18,29.0,3.0
2025-07-25T08:37:53.306725,ETH-USDT,3653.17,3653.18,27.0,3.0
2025-07-25T08:37:53.306737,ETH-USDT,3653.17,3653.18,27.0,1.0
2025-07-25T08:37:53.322862,ETH-USDT,3653.17,3653.18,27.0,3.0
2025-07-25T08:37:53.322875,ETH-USDT,3653.17,3653.18,27.0,1.0
2025-07-25T08:37:53.322882,XRP-USDT,3.0824,3.0864,6.0,6.0
2025-07-25T08:37:53.322888,ETH-USDT,3653.17,3653.18,29.0,1.0
2025-07-25T08:37:53.327659,ETH-USDT,3653.17,3653.18,29.0,3.0
2025-07-25T08:37:53.328452,ETH-USDT,3653.17,3653.18,27.0,3.0
2025-07-25T08:37:53.332867,ETH-USDT,3653.17,3653.18,27.0,1.0
2025-07-25T08:37:53.414852,ETH-USDT,3653.17,3653.18,29.0,1.0
2025-07-25T08:37:53.414864,ETH-USDT,3653.17,3653.18,29.0,3.0
2025-07-25T08:37:53.414869,ETH-USDT,3653.17,3653.18,27.0,3.0
2025-07-25T08:37:53.414874,XRP-USDT,3.0826,3.0864,274.0,6.0
2025-07-25T08:37:53.414878,ETH-USDT,3653.17,3653.18,27.0,1.0
2025-07-25T08:37:53.414883,ETH-USDT,3653.17,3653.18,29.0,1.0
2025-07-25T08:37:53.414888,ETH-USDT,3653.17,3653.18,29.0,3.0
2025-07-25T08:37:53.414894,ETH-USDT,3653.17,3653.18,29.0,1.0
2025-07-25T08:37:53.414900,ETH-USDT,3653.17,3653.18,27.0,1.0
2025-07-25T08:37:53.414904,ETH-USDT,3653.17,3653.18,27.0,3.0
2025-07-25T08:37:53.414909,ETH-USDT,3653.17,3653.18,27.0,1.0
2025-07-25T08:37:53.414913,ETH-USDT,3653.17,3653.18,29.0,1.0
2025-07-25T08:37:53.414918,ETH-USDT,3653.17,3653.18,27.0,1.0
2025-07-25T08:37:53.414922,ETH-USDT,3653.17,3653.18,27.0,3.0
2025-07-25T08:37:53.414927,ETH-USDT,3653.17,3653.18,27.0,1.0
2025-07-25T08:37:53.414931,ETH-USDT,3653.17,3653.18,29.0,1.0
2025-07-25T08:37:53.414935,ETH-USDT,3653.17,3653.18,29.0,3.0
2025-07-25T08:37:53.414940,ETH-USDT,3653.17,3653.18,27.0,3.0
2025-07-25T08:37:53.414949,ETH-USDT,3653.17,3653.18,27.0,1.0
2025-07-25T08:37:53.414953,ETH-USDT,3653.17,3653.18,27.0,3.0
2025-07-25T08:37:53.420860,ETH-USDT,3653.17,3653.18,27.0,1.0
2025-07-25T08:37:53.420880,ETH-USDT,3653.17,3653.18,29.0,1.0
2025-07-25T08:37:53.427207,ETH-USDT,3653.17,3653.18,27.0,1.0
2025-07-25T08:37:53.431364,ETH-USDT,3653.17,3653.18,27.0,3.0
2025-07-25T08:37:53.437959,ETH-USDT,3653.17,3653.18,29.0,3.0
2025-07-25T08:37:53.437969,ETH-USDT,3653.17,3653.18,29.0,1.0
2025-07-25T08:37:53.446321,ETH-USDT,3653.17,3653.18,27.0,1.0
2025-07-25T08:37:53.449670,ETH-USDT,3653.17,3653.18,27.0,3.0
2025-07-25T08:37:53.455959,ETH-USDT,3653.17,3653.18,29.0,3.0
2025-07-25T08:37:53.458045,ETH-USDT,3653.17,3653.18,29.0,1.0
2025-07-25T08:37:53.460957,ETH-USDT,3653.17,3653.18,27.0,1.0
2025-07-25T08:37:53.465154,ETH-USDT,3653.17,3653.18,27.0,3.0
2025-07-25T08:37:53.474701,ETH-USDT,3653.17,3653.18,27.0,1.0
2025-07-25T08:37:53.476610,ETH-USDT,3653.17,3653.18,29.0,1.0
2025-07-25T08:37:53.516032,ETH-USDT,3653.17,3653.18,27.0,1.0
2025-07-25T08:37:53.516045,ETH-USDT,3653.17,3653.18,27.0,3.0
2025-07-25T08:37:53.520931,ETH-USDT,3653.17,3653.18,27.0,1.0
2025-07-25T08:37:53.523612,ETH-USDT,3653.17,3653.18,29.0,1.0
2025-07-25T08:37:53.537361,ETH-USDT,3653.17,3653.18,27.0,1.0
2025-07-25T08:37:53.537372,ETH-USDT,3653.17,3653.18,27.0,3.0
2025-07-25T08:37:53.544484,ETH-USDT,3653.17,3653.18,27.0,1.0
2025-07-25T08:37:53.550748,ETH-USDT,3653.17,3653.18,29.0,1.0
2025-07-25T08:37:53.560004,ETH-USDT,3653.17,3653.18,27.0,1.0
2025-07-25T08:37:53.560016,ETH-USDT,3653.17,3653.18,27.0,3.0
2025-07-25T08:37:53.563021,ETH-USDT,3653.17,3653.18,29.0,3.0
2025-07-25T08:37:53.563035,ETH-USDT,3653.17,3653.18,29.0,1.0
2025-07-25T08:37:53.568868,ETH-USDT,3653.17,3653.18,27.0,1.0
2025-07-25T08:37:53.572974,ETH-USDT,3653.17,3653.18,27.0,3.0
2025-07-25T08:37:53.576290,ETH-USDT,3653.17,3653.18,29.0,3.0
2025-07-25T08:37:53.576303,ETH-USDT,3653.17,3653.18,29.0,1.0
2025-07-25T08:37:53.582880,ETH-USDT,3653.17,3653.18,27.0,1.0
2025-07-25T08:37:53.587583,ETH-USDT,3653.17,3653.18,27.0,3.0
2025-07-25T08:37:53.591838,ETH-USDT,3653.17,3653.18,29.0,3.0
2025-07-25T08:37:53.592814,ETH-USDT,3653.17,3653.18,29.0,1.0
2025-07-25T08:37:53.597581,ETH-USDT,3653.17,3653.18,27.0,1.0
2025-07-25T08:37:53.602076,ETH-USDT,3653.17,3653.18,27.0,3.0
2025-07-25T08:37:53.614517,ETH-USDT,3653.17,3653.18,29.0,3.0
2025-07-25T08:37:53.614529,ETH-USDT,3653.17,3653.18,29.0,1.0
2025-07-25T08:37:53.618101,SOL-USDT,177.86,178.02,24.0,952.0
2025-07-25T08:37:53.624239,SOL-USDT,177.86,178.01,24.0,19.0
2025-07-25T08:37:53.624252,SOL-USDT,177.86,178.01,24.0,43.0
2025-07-25T08:37:53.624259,SOL-USDT,177.86,178.01,24.0,310.0
2025-07-25T08:37:53.627937,SOL-USDT,177.86,178.0,24.0,24.0
2025-07-25T08:37:53.657231,ETH-USDT,3653.17,3653.18,27.0,1.0
2025-07-25T08:37:53.946339,ETH-USDT,3653.17,3654.01,27.0,4.0
2025-07-25T08:37:53.950996,ETH-USDT,3653.17,3654.01,27.0,2.0
2025-07-25T08:37:54.188152,ETH-USDT,3653.17,3653.82,27.0,1.0
2025-07-25T08:37:54.192855,ETH-USDT,3653.17,3653.81,27.0,1.0
2025-07-25T08:37:54.196411,ETH-USDT,3653.17,3653.62,27.0,2.0
2025-07-25T08:37:54.203759,ETH-USDT,3653.17,3653.61,27.0,1.0
2025-07-25T08:37:54.204398,ETH-USDT,3653.17,3653.18,27.0,1.0
2025-07-25T08:37:54.211626,ETH-USDT,3653.17,3653.18,27.0,3.0
2025-07-25T08:37:54.223301,ETH-USDT,3653.17,3653.18,29.0,3.0
2025-07-25T08:37:54.223929,ETH-USDT,3653.17,3653.18,29.0,1.0
2025-07-25T08:37:54.231977,ETH-USDT,3653.17,3653.18,27.0,1.0
2025-07-25T08:37:54.514857,ETH-USDT,3653.17,3653.18,27.0,3.0
2025-07-25T08:37:54.514873,ETH-USDT,3653.17,3653.18,29.0,3.0
2025-07-25T08:37:54.519281,ETH-USDT,3653.17,3653.18,29.0,1.0
2025-07-25T08:37:54.520493,ETH-USDT,3653.17,3653.18,27.0,1.0
2025-07-25T08:37:54.524918,ETH-USDT,3653.17,3653.18,27.0,3.0
2025-07-25T08:37:54.529319,ETH-USDT,3653.17,3653.18,29.0,3.0
2025-07-25T08:37:54.530777,ETH-USDT,3653.17,3653.18,29.0,1.0
2025-07-25T08:37:54.552281,ETH-USDT,3653.17,3653.18,27.0,1.0
2025-07-25T08:37:54.552448,ETH-USDT,3653.17,3653.18,27.0,3.0
2025-07-25T08:37:54.556461,ETH-USDT,3653.17,3653.18,27.0,1.0
2025-07-25T08:37:54.561343,ETH-USDT,3653.17,3653.18,29.0,1.0
2025-07-25T08:37:54.680966,ETH-USDT,3653.17,3653.18,27.0,1.0
2025-07-25T08:37:54.680983,ETH-USDT,3653.17,3653.18,27.0,3.0
2025-07-25T08:37:54.689325,ETH-USDT,3653.17,3653.18,27.0,1.0
2025-07-25T08:37:54.691989,ETH-USDT,3653.17,3653.18,29.0,1.0
2025-07-25T08:37:54.721596,ETH-USDT,3653.17,3653.18,27.0,1.0
2025-07-25T08:37:54.721611,ETH-USDT,3653.17,3653.18,27.0,3.0
2025-07-25T08:37:54.731450,ETH-USDT,3653.17,3653.18,29.0,3.0
2025-07-25T08:37:54.731468,ETH-USDT,3653.17,3653.18,29.0,1.0
2025-07-25T08:37:54.738998,ETH-USDT,3653.17,3653.61,29.0,1.0
2025-07-25T08:37:54.746985,ETH-USDT,3653.17,3653.61,27.0,1.0
2025-07-25T08:37:54.746997,ETH-USDT,3653.36,3653.61,2.0,1.0
2025-07-25T08:37:54.747003,ETH-USDT,3653.36,3654.32,2.0,9.0
2025-07-25T08:37:54.747010,ETH-USDT,3653.36,3654.44,2.0,5.0
2025-07-25T08:37:54.751253,ETH-USDT,3653.17,3654.44,27.0,5.0
2025-07-25T08:37:54.751262,ETH-USDT,3653.17,3653.42,27.0,2.0
2025-07-25T08:37:54.754231,ETH-USDT,3653.17,3654.83,27.0,4.0
2025-07-25T08:37:54.754241,ETH-USDT,3653.36,3654.83,2.0,4.0
2025-07-25T08:37:54.756260,ETH-USDT,3653.36,3654.43,2.0,1.0
2025-07-25T08:37:54.765585,ETH-USDT,3653.17,3654.43,27.0,1.0
2025-07-25T08:37:54.770917,ETH-USDT,3653.17,3654.24,27.0,2.0
2025-07-25T08:37:54.777390,ETH-USDT,3653.17,3654.23,27.0,1.0
2025-07-25T08:37:54.849172,ETH-USDT,3653.17,3654.04,27.0,2.0
2025-07-25T08:37:54.855921,ETH-USDT,3653.17,3654.03,27.0,1.0
2025-07-25T08:37:54.875439,ETH-USDT,3653.17,3653.84,27.0,2.0
2025-07-25T08:37:54.880510,ETH-USDT,3653.17,3653.83,27.0,1.0
2025-07-25T08:37:54.884480,ETH-USDT,3653.17,3653.64,27.0,2.0
2025-07-25T08:37:54.890592,ETH-USDT,3653.17,3654.24,27.0,68.0
2025-07-25T08:37:54.895655,ETH-USDT,3653.17,3654.05,27.0,2.0
2025-07-25T08:37:54.975458,ETH-USDT,3653.17,3654.24,27.0,68.0
2025-07-25T08:37:54.981999,ETH-USDT,3653.17,3654.05,27.0,2.0
2025-07-25T08:37:54.984465,ETH-USDT,3653.17,3654.04,27.0,1.0
2025-07-25T08:37:55.148823,ETH-USDT,3653.17,3653.85,27.0,2.0
2025-07-25T08:37:55.179326,ETH-USDT,3653.17,3653.84,27.0,1.0
2025-07-25T08:37:55.179339,ETH-USDT,3653.17,3653.65,27.0,2.0
2025-07-25T08:37:55.179345,ETH-USDT,3653.17,3654.24,27.0,68.0
2025-07-25T08:37:55.179351,ETH-USDT,3653.17,3653.64,27.0,1.0
2025-07-25T08:37:55.179357,ETH-USDT,3653.17,3653.45,27.0,2.0
2025-07-25T08:37:55.179363,ETH-USDT,3653.17,3653.44,27.0,1.0
2025-07-25T08:37:55.179368,ETH-USDT,3653.36,3653.44,2.0,1.0
2025-07-25T08:37:55.179374,ETH-USDT,3653.17,3653.44,27.0,1.0
2025-07-25T08:37:55.182518,ETH-USDT,3653.17,3653.37,27.0,2.0
2025-07-25T08:37:55.182530,ETH-USDT,3653.17,3653.25,27.0,2.0
2025-07-25T08:37:55.185098,ETH-USDT,3653.17,3653.44,27.0,1.0
2025-07-25T08:37:55.189316,ETH-USDT,3653.24,3653.44,2.0,1.0
2025-07-25T08:37:55.189464,ETH-USDT,3653.36,3653.44,2.0,1.0
2025-07-25T08:37:55.193968,ETH-USDT,3653.36,3653.43,2.0,1.0
2025-07-25T08:37:55.197696,ETH-USDT,3653.36,3653.37,2.0,2.0
2025-07-25T08:37:55.197967,ETH-USDT,3653.17,3653.37,27.0,2.0
2025-07-25T08:37:55.205962,ETH-USDT,3653.17,3654.24,27.0,68.0
2025-07-25T08:37:55.205972,ETH-USDT,3653.36,3654.24,2.0,68.0
2025-07-25T08:37:55.208642,ETH-USDT,3653.36,3654.23,2.0,1.0
2025-07-25T08:37:55.208654,ETH-USDT,3653.36,3654.05,2.0,2.0
2025-07-25T08:37:55.208659,ETH-USDT,3653.17,3654.05,27.0,2.0
2025-07-25T08:37:55.227757,ETH-USDT,3653.17,3654.04,27.0,2.0
2025-07-25T08:37:55.227770,ETH-USDT,3653.17,3654.04,27.0,3.0
2025-07-25T08:37:55.280928,ETH-USDT,3653.17,3653.85,27.0,1.0
2025-07-25T08:37:55.286150,ETH-USDT,3653.17,3653.84,27.0,1.0
2025-07-25T08:37:55.289179,ETH-USDT,3653.17,3653.65,27.0,2.0
2025-07-25T08:37:55.293333,ETH-USDT,3653.17,3653.64,27.0,1.0
2025-07-25T08:37:55.297519,ETH-USDT,3653.17,3653.45,27.0,2.0
2025-07-25T08:37:55.301997,ETH-USDT,3653.17,3653.44,27.0,1.0
2025-07-25T08:37:55.304020,ETH-USDT,3653.36,3653.44,2.0,1.0
2025-07-25T08:37:55.311181,ETH-USDT,3653.17,3653.44,27.0,1.0
2025-07-25T08:37:55.532217,ETH-USDT,3653.36,3653.44,2.0,1.0
2025-07-25T08:37:55.532231,ETH-USDT,3653.17,3653.44,27.0,1.0
2025-07-25T08:37:55.932603,ETH-USDT,3653.17,3653.25,27.0,2.0
2025-07-25T08:37:55.932616,ETH-USDT,3653.17,3653.44,27.0,1.0
2025-07-25T08:37:55.944153,ETH-USDT,3653.17,3654.24,27.0,68.0
2025-07-25T08:37:55.944170,ETH-USDT,3653.17,3653.18,27.0,2.0
2025-07-25T08:37:55.944411,ETH-USDT,3653.17,3654.24,27.0,68.0
2025-07-25T08:37:56.094341,ETH-USDT,3653.17,3654.78,27.0,4.0
2025-07-25T08:37:56.101123,ETH-USDT,3653.17,3654.59,27.0,1.0
2025-07-25T08:37:56.106627,ETH-USDT,3653.17,3654.58,27.0,1.0
2025-07-25T08:37:56.114192,ETH-USDT,3653.17,3654.58,27.0,3.0
2025-07-25T08:37:56.164162,ETH-USDT,3653.17,3654.39,27.0,1.0
2025-07-25T08:37:56.168198,ETH-USDT,3653.17,3654.39,27.0,3.0
2025-07-25T08:37:56.168211,ETH-USDT,3653.17,3654.38,27.0,1.0
2025-07-25T08:37:56.175286,ETH-USDT,3653.17,3654.38,27.0,3.0
2025-07-25T08:37:56.197740,ETH-USDT,3653.17,3654.37,27.0,68.0
2025-07-25T08:37:56.200006,ETH-USDT,3653.18,3654.37,2.0,68.0
2025-07-25T08:37:56.200019,ETH-USDT,3653.18,3654.37,2.0,70.0
2025-07-25T08:37:56.200649,ETH-USDT,3653.18,3654.36,2.0,1.0
2025-07-25T08:37:56.255850,XRP-USDT,3.0827,3.0864,10.0,6.0
2025-07-25T08:37:56.256662,XRP-USDT,3.0827,3.0864,10.0,16.0
2025-07-25T08:37:56.260990,XRP-USDT,3.0827,3.0864,15.0,16.0
2025-07-25T08:37:56.261385,XRP-USDT,3.0827,3.0863,15.0,5.0
2025-07-25T08:37:56.267237,XRP-USDT,3.0827,3.0863,15.0,15.0
2025-07-25T08:37:56.273514,XRP-USDT,3.0827,3.0862,15.0,5.0
2025-07-25T08:37:56.276995,XRP-USDT,3.0827,3.0862,15.0,15.0
2025-07-25T08:37:56.282433,XRP-USDT,3.0827,3.0861,15.0,5.0
2025-07-25T08:37:56.287958,XRP-USDT,3.0827,3.0861,15.0,15.0
2025-07-25T08:37:56.292478,XRP-USDT,3.0827,3.086,15.0,5.0
2025-07-25T08:37:56.296249,ETH-USDT,3653.18,3654.17,2.0,1.0
2025-07-25T08:37:56.301397,ETH-USDT,3653.18,3654.16,2.0,1.0
2025-07-25T08:37:56.305455,ETH-USDT,3653.18,3653.97,2.0,1.0
2025-07-25T08:37:56.309043,ETH-USDT,3653.18,3653.96,2.0,1.0
2025-07-25T08:37:56.351753,ETH-USDT,3653.18,3653.77,2.0,2.0
2025-07-25T08:37:56.355989,ETH-USDT,3653.18,3653.76,2.0,1.0
2025-07-25T08:37:56.361723,ETH-USDT,3653.18,3653.57,2.0,2.0
2025-07-25T08:37:56.361735,ETH-USDT,3653.18,3653.19,2.0,1.0
2025-07-25T08:37:56.366602,ETH-USDT,3653.18,3653.19,2.0,3.0
2025-07-25T08:37:56.379913,ETH-USDT,3653.18,3653.19,29.0,3.0
2025-07-25T08:37:56.384894,ETH-USDT,3653.18,3653.19,29.0,1.0
2025-07-25T08:37:56.385697,ETH-USDT,3653.18,3653.19,31.0,1.0
2025-07-25T08:37:56.416027,ETH-USDT,3653.18,3653.19,29.0,1.0
2025-07-25T08:37:56.416348,ETH-USDT,3653.18,3653.19,29.0,3.0
2025-07-25T08:37:56.422233,ETH-USDT,3653.18,3653.19,29.0,1.0
2025-07-25T08:37:56.426019,ETH-USDT,3653.18,3653.19,31.0,1.0
2025-07-25T08:37:56.449272,ETH-USDT,3653.18,3653.19,29.0,1.0
2025-07-25T08:37:56.449283,ETH-USDT,3653.18,3653.19,29.0,3.0
2025-07-25T08:37:56.453238,ETH-USDT,3653.18,3653.19,29.0,1.0
2025-07-25T08:37:56.458636,ETH-USDT,3653.18,3653.19,31.0,1.0
2025-07-25T08:37:56.462184,ETH-USDT,3653.18,3653.19,29.0,1.0
2025-07-25T08:37:56.468328,ETH-USDT,3653.18,3653.19,29.0,3.0
2025-07-25T08:37:56.474130,ETH-USDT,3653.18,3653.19,29.0,1.0
2025-07-25T08:37:56.478911,ETH-USDT,3653.18,3653.19,31.0,1.0
2025-07-25T08:37:56.504944,ETH-USDT,3653.18,3653.19,31.0,3.0
2025-07-25T08:37:56.504958,ETH-USDT,3653.18,3653.19,29.0,3.0
2025-07-25T08:37:56.509848,ETH-USDT,3653.18,3653.19,27.0,3.0
2025-07-25T08:37:56.512901,ETH-USDT,3653.18,3653.19,27.0,1.0
2025-07-25T08:37:56.518342,ETH-USDT,3653.18,3653.19,29.0,1.0
2025-07-25T08:37:56.518355,ETH-USDT,3653.18,3653.19,29.0,3.0
2025-07-25T08:37:56.524315,ETH-USDT,3653.18,3653.19,27.0,3.0
2025-07-25T08:37:56.524327,ETH-USDT,3653.18,3653.19,27.0,1.0
2025-07-25T08:37:56.528772,ETH-USDT,3653.18,3653.19,29.0,1.0
2025-07-25T08:37:56.533648,ETH-USDT,3653.18,3653.19,27.0,1.0
2025-07-25T08:37:56.543072,ETH-USDT,3653.18,3653.19,27.0,3.0
2025-07-25T08:37:56.546954,ETH-USDT,3653.18,3653.19,27.0,1.0
2025-07-25T08:37:56.567116,ETH-USDT,3653.18,3653.19,27.0,3.0
2025-07-25T08:37:56.568936,ETH-USDT,3653.18,3653.19,29.0,3.0
2025-07-25T08:37:56.571620,ETH-USDT,3653.18,3653.19,29.0,1.0
2025-07-25T08:37:56.579187,ETH-USDT,3653.18,3653.19,27.0,1.0
2025-07-25T08:37:57.262853,ETH-USDT,3651.6,3653.19,3.0,1.0
2025-07-25T08:37:57.266552,ETH-USDT,3651.6,3653.18,3.0,1.0
2025-07-25T08:37:57.273956,ETH-USDT,3651.41,3653.18,49.0,1.0
2025-07-25T08:37:57.275207,ETH-USDT,3651.61,3653.18,2.0,1.0
2025-07-25T08:37:57.282012,ETH-USDT,3651.61,3653.17,2.0,1.0
2025-07-25T08:37:57.314101,ETH-USDT,3651.61,3653.16,2.0,1.0
2025-07-25T08:37:57.329040,ETH-USDT,3651.61,3653.15,2.0,1.0
2025-07-25T08:37:57.338255,SOL-USDT,177.85,178.0,37.0,24.0
2025-07-25T08:37:57.343863,SOL-USDT,177.85,178.0,60.0,24.0
2025-07-25T08:37:57.363634,ETH-USDT,3651.61,3653.14,2.0,1.0
2025-07-25T08:37:57.398688,SOL-USDT,177.85,178.0,23.0,24.0
2025-07-25T08:37:57.405466,ETH-USDT,3651.61,3653.13,2.0,1.0
2025-07-25T08:37:57.412835,ETH-USDT,3651.61,3653.12,2.0,1.0
2025-07-25T08:37:57.412858,ETH-USDT,3651.61,3651.62,2.0,1.0
2025-07-25T08:37:57.422744,ETH-USDT,3651.61,3653.12,2.0,1.0
2025-07-25T08:37:57.422757,SOL-USDT,177.84,178.0,99.0,24.0
2025-07-25T08:37:57.426681,ETH-USDT,3650.06,3653.12,8.0,1.0
2025-07-25T08:37:57.427857,ETH-USDT,3650.06,3653.11,8.0,1.0
2025-07-25T08:37:57.430542,SOL-USDT,177.83,178.0,24.0,24.0
2025-07-25T08:37:57.434658,SOL-USDT,177.83,178.0,24.0,43.0
2025-07-25T08:37:57.442450,SOL-USDT,177.83,178.0,24.0,19.0
2025-07-25T08:37:57.442462,SOL-USDT,177.83,177.99,24.0,23.0
2025-07-25T08:37:57.442469,ETH-USDT,3650.06,3653.1,8.0,1.0
2025-07-25T08:37:57.456868,ETH-USDT,3650.06,3653.09,8.0,1.0
2025-07-25T08:37:57.459373,ETH-USDT,3650.07,3653.09,2.0,1.0
2025-07-25T08:37:57.466200,ETH-USDT,3650.25,3653.09,8.0,1.0
2025-07-25T08:37:57.466212,ETH-USDT,3650.25,3653.08,8.0,1.0
2025-07-25T08:37:57.480131,ETH-USDT,3650.26,3653.08,2.0,1.0
2025-07-25T08:37:57.495025,ETH-USDT,3650.33,3653.08,8.0,1.0
2025-07-25T08:37:57.495039,ETH-USDT,3650.33,3653.07,8.0,1.0
2025-07-25T08:37:57.495046,ETH-USDT,3650.34,3653.07,5.0,1.0
2025-07-25T08:37:57.495052,ETH-USDT,3650.34,3653.07,8.0,1.0
2025-07-25T08:37:57.495058,ETH-USDT,3650.34,3653.07,3.0,1.0
2025-07-25T08:37:57.499942,ETH-USDT,3650.34,3653.06,3.0,1.0
2025-07-25T08:37:57.505009,ETH-USDT,3650.34,3653.06,11.0,1.0
2025-07-25T08:37:57.505022,ETH-USDT,3650.34,3653.06,8.0,1.0
2025-07-25T08:37:57.505030,ETH-USDT,3650.34,3653.06,10.0,1.0
2025-07-25T08:37:57.508664,ETH-USDT,3650.52,3653.06,8.0,1.0
2025-07-25T08:37:57.514878,ETH-USDT,3650.52,3653.05,8.0,1.0
2025-07-25T08:37:57.518643,ETH-USDT,3650.35,3653.05,3.0,1.0
2025-07-25T08:37:57.523976,ETH-USDT,3650.53,3653.05,2.0,1.0
2025-07-25T08:37:57.529562,ETH-USDT,3650.53,3653.04,2.0,1.0
2025-07-25T08:37:57.529573,ETH-USDT,3650.53,3653.04,10.0,1.0
2025-07-25T08:37:57.529579,ETH-USDT,3650.53,3653.04,2.0,1.0
2025-07-25T08:37:57.534283,ETH-USDT,3650.54,3653.04,3.0,1.0
2025-07-25T08:37:57.535738,ETH-USDT,3650.53,3653.04,2.0,1.0
2025-07-25T08:37:57.539483,ETH-USDT,3650.53,3653.03,2.0,1.0
2025-07-25T08:37:57.539495,ETH-USDT,3650.55,3653.03,8.0,1.0
2025-07-25T08:37:57.544727,ETH-USDT,3650.56,3653.03,3.0,1.0
2025-07-25T08:37:57.554090,ETH-USDT,3650.58,3653.03,8.0,1.0
2025-07-25T08:37:57.558999,ETH-USDT,3650.58,3653.02,8.0,68.0
2025-07-25T08:37:57.564288,ETH-USDT,3650.59,3653.02,2.0,68.0
2025-07-25T08:37:57.576417,ETH-USDT,3650.64,3653.02,8.0,68.0
2025-07-25T08:37:57.581334,ETH-USDT,3650.65,3653.02,3.0,68.0
2025-07-25T08:37:57.581345,ETH-USDT,3650.65,3653.02,8.0,68.0
2025-07-25T08:37:57.581352,ETH-USDT,3650.65,3653.02,3.0,68.0
2025-07-25T08:37:57.588340,ETH-USDT,3650.64,3653.02,8.0,68.0
2025-07-25T08:37:57.588353,ETH-USDT,3650.66,3653.02,5.0,68.0
2025-07-25T08:37:57.588360,ETH-USDT,3650.66,3653.02,8.0,68.0
2025-07-25T08:37:57.589258,ETH-USDT,3650.66,3653.02,16.0,68.0
2025-07-25T08:37:57.591579,ETH-USDT,3650.66,3653.02,11.0,68.0
2025-07-25T08:37:57.593099,ETH-USDT,3650.67,3653.02,5.0,68.0
2025-07-25T08:37:57.594063,ETH-USDT,3650.67,3653.02,13.0,68.0
2025-07-25T08:37:57.595990,ETH-USDT,3650.67,3653.02,8.0,68.0
2025-07-25T08:37:57.596820,ETH-USDT,3650.67,3653.02,11.0,68.0
2025-07-25T08:37:57.598017,ETH-USDT,3650.67,3653.02,8.0,68.0
2025-07-25T08:37:57.598030,ETH-USDT,3650.67,3653.02,10.0,68.0
2025-07-25T08:37:57.600140,ETH-USDT,3650.67,3653.02,13.0,68.0
2025-07-25T08:37:57.601664,ETH-USDT,3650.68,3653.02,5.0,68.0
2025-07-25T08:37:57.601673,ETH-USDT,3650.67,3653.02,13.0,68.0
2025-07-25T08:37:57.601678,ETH-USDT,3650.67,3653.02,10.0,68.0
2025-07-25T08:37:57.602343,ETH-USDT,3650.68,3653.02,8.0,68.0
2025-07-25T08:37:57.614947,ETH-USDT,3650.69,3653.02,2.0,68.0
2025-07-25T08:37:57.618171,ETH-USDT,3650.69,3653.0,2.0,10.0
2025-07-25T08:37:57.628322,ETH-USDT,3650.69,3653.0,10.0,10.0
2025-07-25T08:37:57.632408,ETH-USDT,3650.7,3653.0,8.0,10.0
2025-07-25T08:37:57.644941,ETH-USDT,3650.71,3653.0,2.0,10.0
2025-07-25T08:37:57.648922,ETH-USDT,3650.71,3653.0,5.0,10.0
2025-07-25T08:37:57.662501,ETH-USDT,3650.71,3653.0,13.0,10.0
2025-07-25T08:37:57.662514,ETH-USDT,3650.71,3653.02,13.0,68.0
2025-07-25T08:37:57.665465,ETH-USDT,3650.71,3653.02,10.0,68.0
2025-07-25T08:37:57.665898,ETH-USDT,3650.72,3653.02,5.0,68.0
2025-07-25T08:37:57.668964,ETH-USDT,3650.71,3653.02,10.0,68.0
2025-07-25T08:37:57.668977,ETH-USDT,3650.72,3653.02,3.0,68.0
2025-07-25T08:37:57.673243,ETH-USDT,3650.72,3653.02,11.0,68.0
2025-07-25T08:37:57.692517,ETH-USDT,3650.72,3653.02,8.0,68.0
2025-07-25T08:37:57.692541,ETH-USDT,3650.73,3653.02,2.0,68.0
2025-07-25T08:37:57.692556,ETH-USDT,3650.73,3653.02,10.0,68.0
2025-07-25T08:37:57.694479,ETH-USDT,3650.74,3653.02,5.0,68.0
2025-07-25T08:37:57.694490,ETH-USDT,3650.74,3653.02,8.0,68.0
2025-07-25T08:37:57.694735,ETH-USDT,3650.74,3653.02,3.0,68.0
2025-07-25T08:37:57.707713,ETH-USDT,3650.75,3653.02,2.0,68.0
2025-07-25T08:37:57.740588,ETH-USDT,3650.75,3653.02,10.0,68.0
2025-07-25T08:37:57.743108,ETH-USDT,3650.76,3653.02,3.0,68.0
2025-07-25T08:37:57.743122,ETH-USDT,3650.76,3653.02,8.0,68.0
2025-07-25T08:37:57.748935,ETH-USDT,3650.76,3653.02,3.0,68.0
2025-07-25T08:37:57.753528,ETH-USDT,3650.77,3653.02,2.0,68.0
2025-07-25T08:37:58.124325,ETH-USDT,3650.77,3653.01,2.0,20.0
2025-07-25T08:37:58.131937,ETH-USDT,3650.77,3653.0,2.0,1.0
2025-07-25T08:37:58.132501,XRP-USDT,3.0827,3.086,10.0,5.0
2025-07-25T08:37:58.164913,SOL-USDT,177.81,177.99,355.0,23.0
2025-07-25T08:37:58.199983,SOL-USDT,177.81,177.99,62.0,23.0
2025-07-25T08:37:58.226886,ETH-USDT,3650.77,3653.0,2.0,9.0
2025-07-25T08:37:58.232650,ETH-USDT,3650.77,3652.99,2.0,8.0
2025-07-25T08:37:58.239627,ETH-USDT,3650.77,3652.98,2.0,1.0
2025-07-25T08:37:58.270645,ETH-USDT,3650.77,3652.98,2.0,9.0
2025-07-25T08:37:58.276185,SOL-USDT,177.81,177.99,43.0,23.0
2025-07-25T08:37:58.296753,ETH-USDT,3650.77,3652.97,2.0,8.0
2025-07-25T08:37:58.302474,ETH-USDT,3650.77,3652.96,2.0,1.0
2025-07-25T08:37:58.347054,XRP-USDT,3.0823,3.086,10.0,5.0
2025-07-25T08:37:58.354020,SOL-USDT,177.81,177.99,20.0,23.0
2025-07-25T08:37:58.354033,ETH-USDT,3650.77,3652.96,2.0,9.0
2025-07-25T08:37:58.365638,ETH-USDT,3650.77,3652.96,2.0,1.0
2025-07-25T08:37:58.365651,ETH-USDT,3650.77,3652.95,2.0,8.0
2025-07-25T08:37:58.365658,LTC-USDT,111.32,111.43,8.0,3.0
2025-07-25T08:37:58.376429,ETH-USDT,3650.77,3652.95,2.0,9.0
2025-07-25T08:37:58.376443,LTC-USDT,111.33,111.43,3.0,3.0
2025-07-25T08:37:58.378835,ETH-USDT,3650.77,3652.82,2.0,8.0
2025-07-25T08:37:58.383179,ETH-USDT,3650.77,3652.81,2.0,1.0
2025-07-25T08:37:58.394379,ETH-USDT,3650.77,3652.8,2.0,1.0
2025-07-25T08:37:58.403705,ETH-USDT,3650.77,3652.8,2.0,9.0
2025-07-25T08:37:58.408370,ETH-USDT,3650.77,3652.8,2.0,12.0
2025-07-25T08:37:58.410344,ETH-USDT,3650.77,3652.8,2.0,9.0
2025-07-25T08:37:58.410356,ETH-USDT,3650.77,3652.79,2.0,8.0
2025-07-25T08:37:58.417770,ETH-USDT,3650.77,3652.79,2.0,13.0
2025-07-25T08:37:58.417816,ETH-USDT,3650.77,3652.79,2.0,14.0
2025-07-25T08:37:58.417826,ETH-USDT,3650.77,3652.79,2.0,9.0
2025-07-25T08:37:58.419746,ETH-USDT,3650.77,3652.78,2.0,4.0
2025-07-25T08:37:58.419755,ETH-USDT,3650.77,3652.79,2.0,9.0
2025-07-25T08:37:58.419983,ETH-USDT,3650.77,3652.79,2.0,12.0
2025-07-25T08:37:58.420339,ETH-USDT,3650.77,3652.78,2.0,3.0
2025-07-25T08:37:58.437235,ETH-USDT,3650.77,3652.77,2.0,1.0
2025-07-25T08:37:58.482306,XRP-USDT,3.0823,3.0859,10.0,105.0
2025-07-25T08:37:58.491181,XRP-USDT,3.0823,3.0858,10.0,5.0
2025-07-25T08:37:58.491193,XRP-USDT,3.0823,3.0858,10.0,38.0
2025-07-25T08:37:58.491200,SOL-USDT,177.81,177.99,43.0,23.0
2025-07-25T08:37:58.498969,XRP-USDT,3.0823,3.0858,10.0,33.0
2025-07-25T08:37:58.498982,XRP-USDT,3.0823,3.0857,10.0,5.0
2025-07-25T08:37:58.504074,XRP-USDT,3.0823,3.0857,10.0,26.0
2025-07-25T08:37:58.511248,XRP-USDT,3.0823,3.0857,10.0,21.0
2025-07-25T08:37:58.523483,XRP-USDT,3.0823,3.0856,10.0,5.0
2025-07-25T08:37:58.609487,SOL-USDT,177.81,177.95,43.0,951.0
2025-07-25T08:37:58.614906,SOL-USDT,177.81,177.95,20.0,951.0
2025-07-25T08:37:58.616709,SOL-USDT,177.81,177.94,20.0,23.0
2025-07-25T08:37:58.617004,SOL-USDT,177.81,177.94,20.0,289.0
2025-07-25T08:37:58.617012,SOL-USDT,177.81,177.94,20.0,308.0
2025-07-25T08:37:58.622390,SOL-USDT,177.81,177.93,20.0,23.0
2025-07-25T08:37:58.667444,ETH-USDT,3650.77,3652.72,2.0,68.0
2025-07-25T08:37:58.668409,ETH-USDT,3650.77,3652.71,2.0,20.0
2025-07-25T08:37:58.671603,ETH-USDT,3650.77,3652.71,2.0,21.0
2025-07-25T08:37:58.826827,LTC-USDT,111.31,111.43,2.0,3.0
2025-07-25T08:37:58.848763,SOL-USDT,177.81,177.93,43.0,23.0
2025-07-25T08:37:58.932490,LTC-USDT,111.32,111.43,8.0,3.0
2025-07-25T08:37:58.946640,LTC-USDT,111.33,111.43,3.0,3.0
2025-07-25T08:37:58.973493,SOL-USDT,177.81,177.93,20.0,23.0
2025-07-25T08:37:59.022052,SOL-USDT,177.81,177.93,43.0,23.0
2025-07-25T08:37:59.139277,LTC-USDT,111.31,111.43,2.0,3.0
2025-07-25T08:37:59.224010,XRP-USDT,3.0823,3.0856,10.0,15.0
2025-07-25T08:37:59.230917,XRP-USDT,3.0823,3.0855,10.0,5.0
2025-07-25T08:37:59.239928,XRP-USDT,3.0823,3.0855,10.0,15.0
2025-07-25T08:37:59.245012,XRP-USDT,3.0823,3.0854,10.0,5.0
2025-07-25T08:37:59.248176,XRP-USDT,3.0814,3.0854,10.0,5.0
2025-07-25T08:37:59.252638,ETH-USDT,3650.77,3652.71,2.0,1.0
2025-07-25T08:37:59.253927,XRP-USDT,3.0814,3.0854,15.0,5.0
2025-07-25T08:37:59.300063,SOL-USDT,177.81,177.93,20.0,23.0
2025-07-25T08:37:59.346818,ETH-USDT,3650.77,3652.7,2.0,68.0
2025-07-25T08:37:59.366998,ETH-USDT,3650.77,3652.69,2.0,1.0
2025-07-25T08:37:59.392779,SOL-USDT,177.81,177.93,43.0,23.0
2025-07-25T08:37:59.413358,LTC-USDT,111.32,111.43,8.0,3.0
2025-07-25T08:37:59.417926,LTC-USDT,111.33,111.43,3.0,3.0
2025-07-25T08:37:59.483955,ETH-USDT,3650.77,3652.68,2.0,68.0
2025-07-25T08:37:59.492616,ETH-USDT,3650.77,3652.67,2.0,1.0
2025-07-25T08:37:59.615209,ETH-USDT,3650.77,3652.66,2.0,1.0
2025-07-25T08:37:59.623867,LTC-USDT,111.31,111.43,2.0,3.0
2025-07-25T08:37:59.757298,ETH-USDT,3650.77,3652.65,2.0,1.0
2025-07-25T08:37:59.902048,LTC-USDT,111.32,111.43,8.0,3.0
2025-07-25T08:37:59.907492,LTC-USDT,111.33,111.43,3.0,3.0
2025-07-25T08:38:00.110364,LTC-USDT,111.31,111.43,2.0,3.0
2025-07-25T08:38:00.190643,ETH-USDT,3650.77,3652.65,2.0,9.0
2025-07-25T08:38:00.190653,ETH-USDT,3650.77,3652.65,2.0,1.0
2025-07-25T08:38:00.190659,ETH-USDT,3650.77,3652.59,2.0,8.0
2025-07-25T08:38:00.196052,ETH-USDT,3650.77,3652.58,2.0,1.0
2025-07-25T08:38:00.328720,ETH-USDT,3650.77,3652.57,2.0,1.0
2025-07-25T08:38:00.377046,LTC-USDT,111.32,111.43,8.0,3.0
2025-07-25T08:38:00.384218,LTC-USDT,111.33,111.43,3.0,3.0
2025-07-25T08:38:00.472013,ETH-USDT,3650.77,3652.56,2.0,1.0
2025-07-25T08:38:00.587071,LTC-USDT,111.31,111.43,2.0,3.0
2025-07-25T08:38:00.862180,LTC-USDT,111.32,111.43,8.0,3.0
2025-07-25T08:38:00.868837,LTC-USDT,111.33,111.43,3.0,3.0
2025-07-25T08:38:01.076592,LTC-USDT,111.31,111.43,2.0,3.0
2025-07-25T08:38:01.194365,ETH-USDT,3650.77,3652.55,2.0,1.0
2025-07-25T08:38:01.355914,LTC-USDT,111.31,111.43,10.0,3.0
2025-07-25T08:38:01.359475,LTC-USDT,111.32,111.43,3.0,3.0
2025-07-25T08:38:01.493539,ETH-USDT,3650.77,3652.54,2.0,1.0
2025-07-25T08:38:01.499922,ETH-USDT,3650.77,3652.48,2.0,8.0
2025-07-25T08:38:01.499935,ETH-USDT,3650.77,3652.35,2.0,1.0
2025-07-25T08:38:01.499943,ETH-USDT,3649.68,3652.35,2.0,1.0
2025-07-25T08:38:01.504163,ETH-USDT,3649.68,3652.29,2.0,2.0
2025-07-25T08:38:01.511929,ETH-USDT,3649.69,3652.29,2.0,2.0
2025-07-25T08:38:01.512106,ETH-USDT,3649.69,3652.29,10.0,2.0
2025-07-25T08:38:01.516280,ETH-USDT,3649.69,3652.28,10.0,1.0
2025-07-25T08:38:01.517433,ETH-USDT,3649.69,3652.28,12.0,1.0
2025-07-25T08:38:01.519852,ETH-USDT,3649.69,3652.28,4.0,1.0
2025-07-25T08:38:01.519866,ETH-USDT,3649.72,3652.28,8.0,1.0
2025-07-25T08:38:01.525593,ETH-USDT,3649.73,3652.28,4.0,1.0
2025-07-25T08:38:01.531187,ETH-USDT,3649.73,3652.27,4.0,1.0
2025-07-25T08:38:01.531199,ETH-USDT,3649.73,3652.27,6.0,1.0
2025-07-25T08:38:01.535116,ETH-USDT,3649.73,3652.27,8.0,1.0
2025-07-25T08:38:01.598568,ETH-USDT,3649.73,3652.26,8.0,1.0
2025-07-25T08:38:01.606561,ETH-USDT,3649.73,3652.25,8.0,8.0
2025-07-25T08:38:01.613093,ETH-USDT,3649.73,3652.24,8.0,1.0
2025-07-25T08:38:01.613103,ETH-USDT,3649.73,3652.24,8.0,4.0
2025-07-25T08:38:01.619443,ETH-USDT,3649.73,3652.24,4.0,4.0
2025-07-25T08:38:01.631920,ETH-USDT,3649.73,3652.23,4.0,1.0
2025-07-25T08:38:01.650348,SOL-USDT,177.81,177.93,20.0,23.0
2025-07-25T08:38:01.655253,ETH-USDT,3649.73,3652.23,4.0,9.0
2025-07-25T08:38:01.657734,ETH-USDT,3649.73,3652.22,4.0,6.0
2025-07-25T08:38:01.658509,ETH-USDT,3649.73,3652.22,4.0,9.0
2025-07-25T08:38:01.658518,ETH-USDT,3649.73,3652.22,4.0,3.0
2025-07-25T08:38:01.663100,ETH-USDT,3649.73,3652.22,4.0,4.0
2025-07-25T08:38:01.708558,ETH-USDT,3649.73,3652.22,4.0,12.0
2025-07-25T08:38:01.708575,ETH-USDT,3649.73,3652.21,4.0,8.0
2025-07-25T08:38:01.712468,ETH-USDT,3649.73,3652.21,4.0,14.0
2025-07-25T08:38:01.712904,ETH-USDT,3649.73,3652.2,4.0,1.0
2025-07-25T08:38:01.715602,ETH-USDT,3649.73,3652.2,4.0,7.0
2025-07-25T08:38:01.716949,ETH-USDT,3649.73,3652.2,4.0,15.0
2025-07-25T08:38:01.721732,ETH-USDT,3649.73,3652.19,4.0,3.0
2025-07-25T08:38:01.727006,ETH-USDT,3649.73,3652.18,4.0,1.0
2025-07-25T08:38:01.735188,ETH-USDT,3649.73,3652.18,4.0,9.0
2025-07-25T08:38:01.741418,ETH-USDT,3649.73,3652.17,4.0,5.0
2025-07-25T08:38:01.741436,ETH-USDT,3649.73,3652.18,4.0,9.0
2025-07-25T08:38:01.741446,ETH-USDT,3649.73,3652.17,4.0,3.0
2025-07-25T08:38:01.744033,ETH-USDT,3649.73,3652.16,4.0,1.0
2025-07-25T08:38:01.793546,SOL-USDT,177.81,177.93,43.0,23.0
2025-07-25T08:38:01.928942,ETH-USDT,3649.73,3652.16,4.0,9.0
2025-07-25T08:38:01.931371,ETH-USDT,3649.73,3652.15,4.0,5.0
2025-07-25T08:38:01.932838,ETH-USDT,3649.73,3652.16,4.0,9.0
2025-07-25T08:38:01.933484,ETH-USDT,3649.73,3652.15,4.0,3.0
2025-07-25T08:38:01.936778,ETH-USDT,3649.73,3652.14,4.0,1.0
2025-07-25T08:38:01.945666,ETH-USDT,3649.73,3652.14,4.0,9.0
2025-07-25T08:38:01.950075,ETH-USDT,3649.73,3652.13,4.0,5.0
2025-07-25T08:38:01.952529,ETH-USDT,3649.73,3652.13,4.0,8.0
2025-07-25T08:38:01.952538,ETH-USDT,3649.73,3652.13,4.0,3.0
2025-07-25T08:38:01.957311,ETH-USDT,3649.73,3652.12,4.0,1.0
2025-07-25T08:38:02.132204,ETH-USDT,3649.73,3652.12,4.0,9.0
2025-07-25T08:38:02.136852,ETH-USDT,3649.73,3652.11,4.0,5.0
2025-07-25T08:38:02.139349,ETH-USDT,3649.73,3652.11,4.0,13.0
2025-07-25T08:38:02.139558,ETH-USDT,3649.73,3652.11,4.0,8.0
2025-07-25T08:38:02.141493,ETH-USDT,3649.73,3652.1,4.0,1.0
2025-07-25T08:38:02.147041,ETH-USDT,3649.73,3652.1,4.0,6.0
2025-07-25T08:38:02.147056,ETH-USDT,3649.73,3652.1,4.0,9.0
2025-07-25T08:38:02.152181,ETH-USDT,3649.73,3652.1,4.0,4.0
2025-07-25T08:38:02.152196,ETH-USDT,3649.73,3652.09,4.0,8.0
2025-07-25T08:38:02.153084,ETH-USDT,3649.73,3652.08,4.0,1.0
2025-07-25T08:38:02.158333,ETH-USDT,3649.73,3652.08,4.0,6.0
2025-07-25T08:38:02.158347,ETH-USDT,3649.73,3652.08,4.0,1.0
2025-07-25T08:38:02.158356,ETH-USDT,3649.73,3652.08,4.0,4.0
2025-07-25T08:38:02.159984,ETH-USDT,3649.73,3652.08,4.0,12.0
2025-07-25T08:38:02.165714,ETH-USDT,3649.73,3652.07,4.0,5.0
2025-07-25T08:38:02.165730,ETH-USDT,3649.73,3652.05,4.0,8.0
2025-07-25T08:38:02.170641,ETH-USDT,3649.73,3652.04,4.0,5.0
2025-07-25T08:38:02.179203,ETH-USDT,3649.73,3652.04,4.0,8.0
2025-07-25T08:38:02.180337,ETH-USDT,3649.73,3652.04,4.0,3.0
2025-07-25T08:38:02.193426,XRP-USDT,3.0814,3.0854,15.0,15.0
2025-07-25T08:38:02.193438,XRP-USDT,3.0814,3.0854,5.0,15.0
2025-07-25T08:38:02.193445,XRP-USDT,3.0814,3.0854,5.0,10.0
2025-07-25T08:38:02.193935,XRP-USDT,3.0814,3.0853,5.0,5.0
2025-07-25T08:38:02.199057,XRP-USDT,3.0814,3.0853,5.0,15.0
2025-07-25T08:38:02.199163,XRP-USDT,3.0804,3.0853,5.0,15.0
2025-07-25T08:38:02.204824,XRP-USDT,3.0804,3.0852,5.0,5.0
2025-07-25T08:38:02.209293,XRP-USDT,3.0804,3.0852,5.0,15.0
2025-07-25T08:38:02.215275,XRP-USDT,3.0804,3.0851,5.0,5.0
2025-07-25T08:38:02.220648,XRP-USDT,3.0804,3.0851,5.0,15.0
2025-07-25T08:38:02.224986,XRP-USDT,3.0804,3.0851,5.0,10.0
2025-07-25T08:38:02.225925,XRP-USDT,3.0804,3.085,5.0,5.0
2025-07-25T08:38:02.295072,XRP-USDT,3.0805,3.085,274.0,5.0
2025-07-25T08:38:02.299368,XRP-USDT,3.0805,3.085,284.0,5.0
2025-07-25T08:38:02.419536,SOL-USDT,177.81,177.93,20.0,23.0
2025-07-25T08:38:02.446203,ETH-USDT,3649.73,3652.04,4.0,11.0
2025-07-25T08:38:02.447492,ETH-USDT,3649.73,3652.04,2.0,11.0
2025-07-25T08:38:02.450882,ETH-USDT,3649.73,3652.03,2.0,1.0
2025-07-25T08:38:02.457588,SOL-USDT,177.81,177.93,20.0,467.0
2025-07-25T08:38:02.457598,ETH-USDT,3649.73,3652.03,2.0,6.0
2025-07-25T08:38:02.457603,ETH-USDT,3649.73,3651.86,2.0,8.0
2025-07-25T08:38:02.460181,SOL-USDT,177.81,177.92,20.0,23.0
2025-07-25T08:38:02.461214,SOL-USDT,177.81,177.92,20.0,42.0
2025-07-25T08:38:02.461224,SOL-USDT,177.81,177.92,20.0,163.0
2025-07-25T08:38:02.461229,ETH-USDT,3649.73,3651.85,2.0,1.0
2025-07-25T08:38:02.468593,SOL-USDT,177.81,177.91,20.0,23.0
2025-07-25T08:38:02.481126,ETH-USDT,3649.73,3651.84,2.0,8.0
2025-07-25T08:38:02.481138,ETH-USDT,3649.73,3651.83,2.0,1.0
2025-07-25T08:38:02.483531,ETH-USDT,3649.73,3651.82,2.0,8.0
2025-07-25T08:38:02.487480,ETH-USDT,3649.73,3651.81,2.0,1.0
2025-07-25T08:38:02.489461,ETH-USDT,3649.73,3651.81,2.0,4.0
2025-07-25T08:38:02.489470,ETH-USDT,3649.73,3651.81,2.0,9.0
2025-07-25T08:38:02.489474,ETH-USDT,3649.73,3651.81,2.0,4.0
2025-07-25T08:38:02.496656,ETH-USDT,3649.73,3651.8,2.0,8.0
2025-07-25T08:38:02.501755,ETH-USDT,3649.73,3651.79,2.0,5.0
2025-07-25T08:38:02.501767,ETH-USDT,3649.73,3651.79,2.0,6.0
2025-07-25T08:38:02.522913,ETH-USDT,3649.73,3651.79,2.0,1.0
2025-07-25T08:38:02.526451,ETH-USDT,3649.73,3651.75,2.0,8.0
2025-07-25T08:38:02.537648,ETH-USDT,3649.73,3651.74,2.0,1.0
2025-07-25T08:38:02.537662,ETH-USDT,3649.73,3651.74,2.0,6.0
2025-07-25T08:38:02.537669,ETH-USDT,3649.73,3651.74,2.0,1.0
2025-07-25T08:38:02.538552,ETH-USDT,3649.73,3651.74,2.0,4.0
2025-07-25T08:38:02.543400,ETH-USDT,3649.73,3651.74,2.0,12.0
2025-07-25T08:38:02.543840,ETH-USDT,3649.73,3651.74,2.0,4.0
2025-07-25T08:38:02.551142,ETH-USDT,3649.73,3651.74,2.0,1.0
2025-07-25T08:38:02.551153,ETH-USDT,3649.73,3651.73,2.0,5.0
2025-07-25T08:38:02.551160,ETH-USDT,3649.73,3651.73,2.0,8.0
2025-07-25T08:38:02.551165,ETH-USDT,3649.73,3651.73,2.0,5.0
2025-07-25T08:38:02.551171,ETH-USDT,3649.73,3651.74,2.0,1.0
2025-07-25T08:38:02.554644,ETH-USDT,3649.73,3651.72,2.0,1.0
2025-07-25T08:38:02.563172,ETH-USDT,3649.73,3651.72,2.0,9.0
2025-07-25T08:38:02.565074,ETH-USDT,3649.73,3651.72,2.0,1.0
2025-07-25T08:38:02.567633,ETH-USDT,3649.73,3651.71,2.0,3.0
2025-07-25T08:38:02.572160,ETH-USDT,3649.73,3651.72,2.0,1.0
2025-07-25T08:38:02.573523,ETH-USDT,3649.73,3652.04,2.0,8.0
2025-07-25T08:38:02.573531,ETH-USDT,3649.73,3651.7,2.0,1.0
2025-07-25T08:38:02.594220,ETH-USDT,3649.73,3651.69,2.0,8.0
2025-07-25T08:38:02.600177,ETH-USDT,3649.73,3651.68,2.0,1.0
2025-07-25T08:38:02.600189,ETH-USDT,3649.73,3651.68,2.0,4.0
2025-07-25T08:38:02.606520,ETH-USDT,3649.73,3651.67,2.0,8.0
2025-07-25T08:38:02.610485,ETH-USDT,3649.73,3651.66,2.0,1.0
2025-07-25T08:38:02.611602,ETH-USDT,3649.73,3651.66,2.0,6.0
2025-07-25T08:38:02.613103,ETH-USDT,3649.73,3651.66,2.0,1.0
2025-07-25T08:38:02.613597,ETH-USDT,3649.73,3651.66,2.0,4.0
2025-07-25T08:38:02.619630,ETH-USDT,3649.73,3651.66,2.0,12.0
2025-07-25T08:38:02.624003,ETH-USDT,3649.73,3651.65,2.0,3.0
2025-07-25T08:38:02.624909,ETH-USDT,3649.73,3651.6,2.0,8.0
2025-07-25T08:38:02.631867,ETH-USDT,3649.73,3651.59,2.0,5.0
2025-07-25T08:38:02.631879,ETH-USDT,3649.73,3651.59,2.0,8.0
2025-07-25T08:38:02.631885,ETH-USDT,3649.73,3651.59,2.0,3.0
2025-07-25T08:38:02.643403,ETH-USDT,3649.73,3651.59,2.0,71.0
2025-07-25T08:38:02.648699,ETH-USDT,3649.73,3651.59,2.0,68.0
2025-07-25T08:38:02.648987,ETH-USDT,3649.73,3651.58,2.0,23.0
2025-07-25T08:38:02.654533,ETH-USDT,3649.73,3651.57,2.0,1.0
2025-07-25T08:38:02.777218,SOL-USDT,177.81,177.91,20.0,467.0
2025-07-25T08:38:02.781432,SOL-USDT,177.81,177.9,20.0,23.0
2025-07-25T08:38:02.781445,SOL-USDT,177.81,177.9,20.0,144.0
2025-07-25T08:38:02.781451,SOL-USDT,177.81,177.9,20.0,163.0
2025-07-25T08:38:02.788539,SOL-USDT,177.81,177.89,20.0,23.0
2025-07-25T08:38:02.881606,ETH-USDT,3649.73,3651.56,2.0,1.0
2025-07-25T08:38:02.882718,ETH-USDT,3649.27,3651.56,2.0,1.0
2025-07-25T08:38:02.888868,ETH-USDT,3649.27,3651.51,2.0,8.0
2025-07-25T08:38:02.896567,ETH-USDT,3649.27,3651.5,2.0,1.0
2025-07-25T08:38:02.901068,ETH-USDT,3649.28,3651.5,2.0,1.0
2025-07-25T08:38:02.901080,LTC-USDT,111.3,111.43,8.0,3.0
2025-07-25T08:38:02.906392,ETH-USDT,3649.28,3651.49,2.0,8.0
2025-07-25T08:38:02.908216,ETH-USDT,3649.28,3651.49,2.0,9.0
2025-07-25T08:38:02.908226,LTC-USDT,111.31,111.43,3.0,3.0
2025-07-25T08:38:02.923290,ETH-USDT,3649.28,3651.48,2.0,1.0
2025-07-25T08:38:02.923303,ETH-USDT,3649.15,3651.48,50.0,1.0
2025-07-25T08:38:02.943172,ETH-USDT,3649.15,3651.48,52.0,1.0
2025-07-25T08:38:02.978583,SOL-USDT,177.81,177.89,10.0,23.0
2025-07-25T08:38:03.125886,ETH-USDT,3649.16,3651.48,2.0,1.0
2025-07-25T08:38:03.125900,ETH-USDT,3649.16,3651.47,2.0,1.0
2025-07-25T08:38:03.125907,ETH-USDT,3649.16,3651.47,18.0,1.0
2025-07-25T08:38:03.132811,ETH-USDT,3649.17,3651.47,2.0,1.0
2025-07-25T08:38:03.136987,ETH-USDT,3649.17,3651.46,2.0,1.0
2025-07-25T08:38:03.137602,ETH-USDT,3649.17,3651.46,4.0,1.0
2025-07-25T08:38:03.142862,ETH-USDT,3649.17,3651.45,4.0,9.0
2025-07-25T08:38:03.143302,ETH-USDT,3649.17,3651.45,4.0,18.0
2025-07-25T08:38:03.144179,ETH-USDT,3649.17,3651.45,4.0,29.0
2025-07-25T08:38:03.145368,ETH-USDT,3649.17,3651.45,4.0,40.0
2025-07-25T08:38:03.145576,ETH-USDT,3649.17,3651.45,4.0,49.0
2025-07-25T08:38:03.147820,ETH-USDT,3649.17,3651.44,4.0,3.0
2025-07-25T08:38:03.149011,ETH-USDT,3649.17,3651.44,4.0,9.0
2025-07-25T08:38:03.149980,ETH-USDT,3649.17,3651.45,4.0,49.0
2025-07-25T08:38:03.150520,ETH-USDT,3649.17,3651.44,4.0,14.0
2025-07-25T08:38:03.151703,ETH-USDT,3649.17,3651.43,4.0,1.0
2025-07-25T08:38:03.208856,ETH-USDT,3649.17,3651.19,4.0,68.0
2025-07-25T08:38:03.208882,ETH-USDT,3649.17,3651.18,4.0,1.0
2025-07-25T08:38:03.208894,ETH-USDT,3649.17,3651.18,4.0,21.0
2025-07-25T08:38:03.252496,SOL-USDT,177.74,177.89,24.0,23.0
2025-07-25T08:38:03.260713,SOL-USDT,177.74,177.89,24.0,467.0
2025-07-25T08:38:03.265105,SOL-USDT,177.74,177.88,24.0,19.0
2025-07-25T08:38:03.265124,SOL-USDT,177.74,177.88,24.0,140.0
2025-07-25T08:38:03.265134,SOL-USDT,177.74,177.88,24.0,163.0
2025-07-25T08:38:03.269384,SOL-USDT,177.74,177.87,24.0,23.0
2025-07-25T08:38:03.280585,SOL-USDT,177.8,177.87,10.0,23.0
2025-07-25T08:38:03.376190,ETH-USDT,3649.17,3651.18,4.0,1.0
2025-07-25T08:38:03.376204,LTC-USDT,111.31,111.43,11.0,3.0
2025-07-25T08:38:03.376211,LTC-USDT,111.32,111.43,3.0,3.0
2025-07-25T08:38:03.465469,ETH-USDT,3649.17,3651.17,4.0,68.0
2025-07-25T08:38:03.465484,ETH-USDT,3649.17,3651.16,4.0,1.0
2025-07-25T08:38:03.470330,ETH-USDT,3649.17,3651.15,4.0,9.0
2025-07-25T08:38:03.472840,ETH-USDT,3649.17,3651.15,4.0,18.0
2025-07-25T08:38:03.477735,ETH-USDT,3649.17,3651.14,4.0,1.0
2025-07-25T08:38:03.506162,SOL-USDT,177.8,177.87,20.0,23.0
2025-07-25T08:38:03.608762,ETH-USDT,3649.17,3651.13,4.0,68.0
2025-07-25T08:38:03.615596,ETH-USDT,3649.17,3651.12,4.0,1.0
2025-07-25T08:38:03.634815,ETH-USDT,3649.17,3651.1,4.0,9.0
2025-07-25T08:38:03.634830,ETH-USDT,3649.17,3651.1,4.0,18.0
2025-07-25T08:38:03.639175,ETH-USDT,3649.17,3651.09,4.0,1.0
2025-07-25T08:38:04.108771,ETH-USDT,3649.18,3651.09,2.0,1.0
2025-07-25T08:38:04.114053,ETH-USDT,3649.18,3651.08,2.0,1.0
2025-07-25T08:38:04.149286,ETH-USDT,3649.19,3651.08,2.0,1.0
2025-07-25T08:38:04.149297,ETH-USDT,3649.19,3651.08,4.0,1.0
2025-07-25T08:38:04.149302,ETH-USDT,3649.19,3651.07,4.0,1.0
2025-07-25T08:38:04.175836,XRP-USDT,3.0806,3.085,10.0,5.0
2025-07-25T08:38:04.175848,XRP-USDT,3.0806,3.085,10.0,15.0
2025-07-25T08:38:04.175854,XRP-USDT,3.0806,3.085,16.0,15.0
2025-07-25T08:38:04.184554,XRP-USDT,3.0806,3.0849,16.0,6.0
2025-07-25T08:38:04.184567,XRP-USDT,3.0806,3.0849,16.0,16.0
2025-07-25T08:38:04.192682,XRP-USDT,3.0806,3.0849,16.0,10.0
2025-07-25T08:38:04.192694,XRP-USDT,3.0806,3.0848,16.0,6.0
2025-07-25T08:38:04.192701,XRP-USDT,3.0806,3.0848,16.0,16.0
2025-07-25T08:38:04.211039,ETH-USDT,3649.19,3651.06,4.0,68.0
2025-07-25T08:38:04.211050,XRP-USDT,3.0806,3.0847,16.0,6.0
2025-07-25T08:38:04.211055,ETH-USDT,3649.19,3651.05,4.0,1.0
2025-07-25T08:38:04.211059,XRP-USDT,3.0806,3.0847,16.0,16.0
2025-07-25T08:38:04.211064,XRP-USDT,3.0806,3.0846,16.0,6.0
2025-07-25T08:38:04.340510,ETH-USDT,3649.19,3651.04,4.0,1.0
2025-07-25T08:38:04.548654,ETH-USDT,3649.19,3651.04,12.0,1.0
2025-07-25T08:38:04.565309,ETH-USDT,3649.38,3651.04,2.0,1.0
2025-07-25T08:38:04.576321,ETH-USDT,3649.38,3651.03,2.0,1.0
2025-07-25T08:38:04.576336,ETH-USDT,3649.38,3651.03,4.0,1.0
2025-07-25T08:38:04.576344,ETH-USDT,3649.57,3651.03,2.0,1.0
2025-07-25T08:38:04.576350,ETH-USDT,3649.57,3651.03,2.0,69.0
2025-07-25T08:38:04.578904,ETH-USDT,3649.57,3651.03,4.0,69.0
2025-07-25T08:38:04.583053,ETH-USDT,3649.58,3651.03,2.0,69.0
2025-07-25T08:38:04.587286,ETH-USDT,3649.58,3651.03,4.0,69.0
2025-07-25T08:38:04.587301,ETH-USDT,3649.58,3651.02,4.0,1.0
2025-07-25T08:38:04.684903,ETH-USDT,3649.77,3651.02,2.0,1.0
2025-07-25T08:38:04.691748,ETH-USDT,3649.77,3651.01,2.0,1.0
2025-07-25T08:38:04.696858,ETH-USDT,3649.78,3651.01,2.0,1.0
2025-07-25T08:38:04.700761,ETH-USDT,3649.78,3651.0,2.0,1.0
2025-07-25T08:38:05.007736,ETH-USDT,3649.97,3651.0,2.0,1.0
2025-07-25T08:38:05.012400,ETH-USDT,3649.97,3650.99,2.0,1.0
2025-07-25T08:38:05.016886,ETH-USDT,3649.98,3650.99,2.0,1.0
2025-07-25T08:38:05.021550,ETH-USDT,3650.17,3650.99,2.0,1.0
2025-07-25T08:38:05.032479,ETH-USDT,3650.18,3650.99,2.0,1.0
2025-07-25T08:38:05.046154,ETH-USDT,3650.37,3650.99,2.0,1.0
2025-07-25T08:38:05.051172,ETH-USDT,3650.38,3650.99,2.0,1.0
2025-07-25T08:38:05.055174,ETH-USDT,3650.57,3650.99,2.0,1.0
2025-07-25T08:38:05.095814,XRP-USDT,3.0806,3.0846,103.0,6.0
2025-07-25T08:38:05.095833,XRP-USDT,3.0807,3.0846,10.0,6.0
2025-07-25T08:38:05.099418,ETH-USDT,3649.19,3650.99,8.0,1.0
2025-07-25T08:38:05.100523,ETH-USDT,3649.19,3650.8,8.0,2.0
2025-07-25T08:38:05.106947,ETH-USDT,3649.38,3650.8,2.0,2.0
2025-07-25T08:38:05.106963,ETH-USDT,3649.38,3651.24,2.0,68.0
2025-07-25T08:38:05.118057,ETH-USDT,3649.39,3651.24,2.0,68.0
2025-07-25T08:38:05.123133,ETH-USDT,3649.39,3651.23,2.0,1.0
2025-07-25T08:38:05.123177,XRP-USDT,3.0807,3.0846,16.0,6.0
2025-07-25T08:38:05.179210,LTC-USDT,111.32,111.39,3.0,215.0
2025-07-25T08:38:05.184442,LTC-USDT,111.32,111.38,3.0,29.0
2025-07-25T08:38:05.184461,LTC-USDT,111.32,111.38,3.0,32.0
2025-07-25T08:38:05.188194,LTC-USDT,111.32,111.37,3.0,3.0
2025-07-25T08:38:05.225335,ETH-USDT,3649.39,3651.22,2.0,1.0
2025-07-25T08:38:06.086236,ETH-USDT,3649.39,3651.22,4.0,1.0
2025-07-25T08:38:06.139528,LTC-USDT,111.3,111.37,8.0,3.0
2025-07-25T08:38:06.144866,LTC-USDT,111.31,111.37,3.0,3.0
2025-07-25T08:38:06.144880,XRP-USDT,3.0808,3.0846,10.0,6.0
2025-07-25T08:38:06.144888,XRP-USDT,3.0808,3.0846,10.0,16.0
2025-07-25T08:38:06.149764,XRP-USDT,3.0808,3.0846,16.0,16.0
2025-07-25T08:38:06.154344,XRP-USDT,3.0808,3.0845,16.0,6.0
2025-07-25T08:38:06.158923,XRP-USDT,3.0808,3.0845,16.0,16.0
2025-07-25T08:38:06.164032,XRP-USDT,3.0808,3.0845,16.0,10.0
2025-07-25T08:38:06.164047,XRP-USDT,3.0808,3.0844,16.0,6.0
2025-07-25T08:38:06.169382,XRP-USDT,3.0808,3.0844,16.0,16.0
2025-07-25T08:38:06.175672,XRP-USDT,3.0808,3.0843,16.0,6.0
2025-07-25T08:38:06.180134,XRP-USDT,3.0808,3.0843,16.0,16.0
2025-07-25T08:38:06.183028,XRP-USDT,3.0808,3.0842,16.0,6.0
2025-07-25T08:38:06.300583,ETH-USDT,3649.39,3651.22,12.0,1.0
2025-07-25T08:38:06.303136,ETH-USDT,3649.4,3651.22,4.0,1.0
2025-07-25T08:38:06.308013,ETH-USDT,3649.4,3651.21,4.0,1.0
2025-07-25T08:38:06.308206,ETH-USDT,3649.4,3651.21,6.0,1.0
2025-07-25T08:38:06.311943,ETH-USDT,3649.42,3651.21,8.0,1.0
2025-07-25T08:38:06.317930,ETH-USDT,3649.43,3651.21,7.0,1.0
2025-07-25T08:38:06.317943,ETH-USDT,3649.43,3651.21,12.0,1.0
2025-07-25T08:38:06.317950,ETH-USDT,3649.43,3651.21,5.0,1.0
2025-07-25T08:38:06.325053,ETH-USDT,3649.61,3651.21,2.0,1.0
2025-07-25T08:38:06.325073,ETH-USDT,3649.62,3651.21,2.0,1.0
2025-07-25T08:38:06.335227,ETH-USDT,3649.62,3651.21,4.0,1.0
2025-07-25T08:38:06.336256,ETH-USDT,3649.62,3651.21,12.0,1.0
2025-07-25T08:38:06.336267,ETH-USDT,3649.62,3651.21,4.0,1.0
2025-07-25T08:38:06.339660,ETH-USDT,3649.62,3651.21,2.0,1.0
2025-07-25T08:38:06.343234,ETH-USDT,3649.81,3651.21,2.0,1.0
2025-07-25T08:38:06.351687,ETH-USDT,3649.82,3651.21,8.0,1.0
2025-07-25T08:38:06.355090,ETH-USDT,3649.82,3651.21,10.0,1.0
2025-07-25T08:38:06.357299,ETH-USDT,3650.01,3651.21,2.0,1.0
2025-07-25T08:38:06.371314,ETH-USDT,3650.02,3651.21,2.0,1.0
2025-07-25T08:38:06.377684,ETH-USDT,3650.21,3651.21,2.0,1.0
2025-07-25T08:38:06.391358,ETH-USDT,3650.22,3651.21,2.0,1.0
2025-07-25T08:38:06.396579,ETH-USDT,3650.41,3651.21,2.0,1.0
2025-07-25T08:38:06.406634,ETH-USDT,3650.42,3651.21,2.0,1.0
2025-07-25T08:38:06.414444,ETH-USDT,3650.61,3651.21,2.0,1.0
2025-07-25T08:38:06.418084,ETH-USDT,3650.42,3651.21,2.0,1.0
2025-07-25T08:38:06.425870,ETH-USDT,3650.61,3651.21,2.0,1.0
2025-07-25T08:38:06.433543,ETH-USDT,3650.62,3651.21,2.0,1.0
2025-07-25T08:38:06.442880,ETH-USDT,3650.81,3651.21,2.0,1.0
2025-07-25T08:38:06.442894,ETH-USDT,3650.81,3651.02,2.0,2.0
2025-07-25T08:38:06.442901,ETH-USDT,3650.62,3651.02,2.0,2.0
2025-07-25T08:38:06.442906,ETH-USDT,3650.62,3651.2,2.0,1.0
2025-07-25T08:38:06.445308,ETH-USDT,3650.62,3651.01,2.0,1.0
2025-07-25T08:38:06.448390,ETH-USDT,3650.62,3651.01,2.0,3.0
2025-07-25T08:38:06.448404,ETH-USDT,3649.45,3651.01,5.0,3.0
2025-07-25T08:38:06.454409,ETH-USDT,3649.45,3650.82,5.0,2.0
2025-07-25T08:38:06.454423,ETH-USDT,3650.81,3650.82,2.0,2.0
2025-07-25T08:38:06.457425,ETH-USDT,3649.45,3650.82,5.0,2.0
2025-07-25T08:38:06.457448,ETH-USDT,3649.45,3651.53,5.0,20.0
2025-07-25T08:38:06.462136,ETH-USDT,3649.46,3651.53,2.0,20.0
2025-07-25T08:38:06.462150,ETH-USDT,3649.46,3651.52,2.0,1.0
2025-07-25T08:38:06.573760,SOL-USDT,177.8,177.88,20.0,140.0
2025-07-25T08:38:06.578743,SOL-USDT,177.8,177.89,20.0,444.0
2025-07-25T08:38:06.579963,SOL-USDT,177.8,177.91,20.0,23.0
2025-07-25T08:38:06.579973,SOL-USDT,177.8,177.93,20.0,803.0
2025-07-25T08:38:06.579980,SOL-USDT,177.8,177.93,20.0,780.0
2025-07-25T08:38:06.581021,ETH-USDT,3649.53,3651.52,8.0,1.0
2025-07-25T08:38:06.583355,SOL-USDT,177.81,177.93,20.0,780.0
2025-07-25T08:38:06.588014,LTC-USDT,111.31,111.38,3.0,43.0
2025-07-25T08:38:06.588777,ETH-USDT,3649.53,3651.51,8.0,1.0
2025-07-25T08:38:06.597589,SOL-USDT,177.81,177.97,20.0,23.0
2025-07-25T08:38:06.601121,ETH-USDT,3649.54,3651.51,2.0,1.0
2025-07-25T08:38:06.610651,SOL-USDT,177.81,177.99,20.0,23.0
2025-07-25T08:38:06.610662,LTC-USDT,111.31,111.39,3.0,215.0
2025-07-25T08:38:06.610667,SOL-USDT,177.82,177.99,23.0,23.0
2025-07-25T08:38:06.610672,XRP-USDT,3.0808,3.0843,16.0,10.0
2025-07-25T08:38:06.610677,ETH-USDT,3649.71,3651.51,8.0,1.0
2025-07-25T08:38:06.613397,ETH-USDT,3649.71,3651.5,8.0,1.0
2025-07-25T08:38:06.615169,SOL-USDT,177.82,178.01,23.0,23.0
2025-07-25T08:38:06.623063,SOL-USDT,177.82,178.01,43.0,23.0
2025-07-25T08:38:06.626024,SOL-USDT,177.82,178.04,43.0,23.0
2025-07-25T08:38:06.626037,SOL-USDT,177.82,178.04,20.0,23.0
2025-07-25T08:38:06.626044,ETH-USDT,3649.72,3651.5,2.0,1.0
2025-07-25T08:38:06.626050,SOL-USDT,177.83,178.04,23.0,23.0
2025-07-25T08:38:06.656020,ETH-USDT,3649.77,3651.5,8.0,1.0
2025-07-25T08:38:06.656033,SOL-USDT,177.83,178.04,43.0,23.0
2025-07-25T08:38:06.659250,ETH-USDT,3649.96,3651.5,2.0,1.0
2025-07-25T08:38:06.659262,SOL-USDT,177.84,178.04,23.0,23.0
2025-07-25T08:38:06.659269,ETH-USDT,3649.96,3651.5,10.0,1.0
2025-07-25T08:38:06.659275,SOL-USDT,177.84,178.04,43.0,23.0
2025-07-25T08:38:06.659282,ETH-USDT,3649.96,3651.5,2.0,1.0
2025-07-25T08:38:06.660890,ETH-USDT,3649.97,3651.5,3.0,1.0
2025-07-25T08:38:06.660907,SOL-USDT,177.84,178.04,20.0,23.0
2025-07-25T08:38:06.660918,SOL-USDT,177.85,178.04,23.0,23.0
2025-07-25T08:38:06.662377,ETH-USDT,3649.78,3651.5,5.0,1.0
2025-07-25T08:38:06.662778,ETH-USDT,3650.15,3651.5,2.0,1.0
2025-07-25T08:38:06.674250,ETH-USDT,3650.15,3651.5,10.0,1.0
2025-07-25T08:38:06.674263,ETH-USDT,3650.15,3651.5,2.0,1.0
2025-07-25T08:38:06.676580,ETH-USDT,3650.17,3651.5,8.0,1.0
2025-07-25T08:38:06.682748,ETH-USDT,3650.18,3651.5,3.0,1.0
2025-07-25T08:38:06.691257,ETH-USDT,3650.37,3651.5,2.0,1.0
2025-07-25T08:38:06.700962,ETH-USDT,3650.38,3651.5,2.0,1.0
2025-07-25T08:38:06.715496,ETH-USDT,3650.57,3651.5,2.0,1.0
2025-07-25T08:38:06.735487,ETH-USDT,3650.58,3651.5,2.0,1.0
2025-07-25T08:38:06.740116,ETH-USDT,3650.77,3651.5,2.0,1.0
2025-07-25T08:38:06.752774,ETH-USDT,3650.58,3651.5,2.0,1.0
2025-07-25T08:38:06.753891,ETH-USDT,3650.18,3651.5,8.0,1.0
2025-07-25T08:38:06.753900,ETH-USDT,3650.78,3651.5,2.0,1.0
2025-07-25T08:38:06.760582,ETH-USDT,3650.97,3651.5,2.0,1.0
2025-07-25T08:38:06.760593,LTC-USDT,111.31,111.38,3.0,3.0
2025-07-25T08:38:06.785935,XRP-USDT,3.0816,3.0843,274.0,10.0
2025-07-25T08:38:06.785949,LTC-USDT,111.31,111.39,3.0,215.0
2025-07-25T08:38:06.798844,ETH-USDT,3650.18,3651.5,8.0,1.0
2025-07-25T08:38:06.805028,ETH-USDT,3650.37,3651.5,2.0,1.0
2025-07-25T08:38:06.868745,LTC-USDT,111.32,111.39,8.0,215.0
2025-07-25T08:38:06.870377,LTC-USDT,111.33,111.39,3.0,215.0
2025-07-25T08:38:06.891990,SOL-USDT,177.85,178.04,23.0,42.0
2025-07-25T08:38:06.892006,SOL-USDT,177.85,178.04,23.0,308.0
2025-07-25T08:38:06.897124,SOL-USDT,177.85,178.03,23.0,23.0
2025-07-25T08:38:06.923653,ETH-USDT,3650.38,3651.5,2.0,1.0
2025-07-25T08:38:06.939959,ETH-USDT,3650.38,3651.49,2.0,1.0
2025-07-25T08:38:06.939972,ETH-USDT,3650.57,3651.49,2.0,1.0
2025-07-25T08:38:06.964435,ETH-USDT,3650.58,3651.49,2.0,1.0
2025-07-25T08:38:06.964447,ETH-USDT,3650.77,3651.49,2.0,1.0
2025-07-25T08:38:06.964454,ETH-USDT,3650.77,3651.48,2.0,1.0
2025-07-25T08:38:06.964460,ETH-USDT,3650.58,3651.48,2.0,1.0
2025-07-25T08:38:06.964466,ETH-USDT,3650.58,3651.47,2.0,1.0
2025-07-25T08:38:06.964472,ETH-USDT,3650.18,3651.47,8.0,1.0
2025-07-25T08:38:06.964477,ETH-USDT,3650.77,3651.47,2.0,1.0
2025-07-25T08:38:06.968584,ETH-USDT,3650.96,3651.47,2.0,1.0
2025-07-25T08:38:06.975457,ETH-USDT,3650.96,3651.46,2.0,1.0
2025-07-25T08:38:06.979719,ETH-USDT,3650.77,3651.46,2.0,1.0
2025-07-25T08:38:06.979731,ETH-USDT,3650.77,3651.27,2.0,1.0
2025-07-25T08:38:06.980629,ETH-USDT,3649.97,3651.27,8.0,1.0
2025-07-25T08:38:06.986086,ETH-USDT,3649.97,3651.26,8.0,1.0
2025-07-25T08:38:06.998881,ETH-USDT,3649.98,3651.26,2.0,1.0
2025-07-25T08:38:06.999436,ETH-USDT,3649.98,3651.25,2.0,1.0
2025-07-25T08:38:06.999448,ETH-USDT,3650.17,3651.25,2.0,1.0
2025-07-25T08:38:07.012176,ETH-USDT,3650.18,3651.25,2.0,1.0
2025-07-25T08:38:07.021072,ETH-USDT,3650.18,3651.24,2.0,1.0
2025-07-25T08:38:07.021083,ETH-USDT,3650.37,3651.24,2.0,1.0
2025-07-25T08:38:07.030957,ETH-USDT,3650.38,3651.24,2.0,1.0
2025-07-25T08:38:07.033416,ETH-USDT,3650.38,3651.23,2.0,1.0
2025-07-25T08:38:07.033427,ETH-USDT,3650.57,3651.23,2.0,1.0
2025-07-25T08:38:07.041861,ETH-USDT,3650.38,3651.23,2.0,1.0
2025-07-25T08:38:07.049485,ETH-USDT,3650.38,3651.22,2.0,1.0
2025-07-25T08:38:07.049496,ETH-USDT,3649.97,3651.22,8.0,1.0
2025-07-25T08:38:07.049502,ETH-USDT,3650.58,3651.22,2.0,1.0
2025-07-25T08:38:07.051311,ETH-USDT,3650.77,3651.22,2.0,1.0
2025-07-25T08:38:07.057662,ETH-USDT,3650.77,3651.21,2.0,1.0
2025-07-25T08:38:07.061677,ETH-USDT,3650.58,3651.21,2.0,1.0
2025-07-25T08:38:07.064065,ETH-USDT,3649.97,3651.21,8.0,1.0
2025-07-25T08:38:07.075819,ETH-USDT,3650.77,3651.21,2.0,1.0
2025-07-25T08:38:07.075832,ETH-USDT,3650.77,3651.2,2.0,1.0
2025-07-25T08:38:07.075838,ETH-USDT,3649.97,3651.2,8.0,1.0
2025-07-25T08:38:07.080764,ETH-USDT,3649.98,3651.2,2.0,1.0
2025-07-25T08:38:07.080775,XRP-USDT,3.0816,3.0844,274.0,10.0
2025-07-25T08:38:07.080811,XRP-USDT,3.0816,3.0848,274.0,69.0
2025-07-25T08:38:07.080842,ETH-USDT,3649.98,3651.01,2.0,1.0
2025-07-25T08:38:07.085274,ETH-USDT,3650.17,3651.01,2.0,1.0
2025-07-25T08:38:07.088103,LTC-USDT,111.33,111.38,3.0,3.0
2025-07-25T08:38:07.088114,ETH-USDT,3650.17,3652.01,2.0,68.0
2025-07-25T08:38:07.088120,ETH-USDT,3650.17,3652.0,2.0,20.0
2025-07-25T08:38:07.090772,LTC-USDT,111.33,111.39,3.0,215.0
2025-07-25T08:38:07.095157,ETH-USDT,3650.18,3652.0,2.0,20.0
2025-07-25T08:38:07.099335,ETH-USDT,3650.18,3651.99,2.0,1.0
2025-07-25T08:38:07.115257,SOL-USDT,177.93,178.03,10.0,23.0
2025-07-25T08:38:07.138239,XRP-USDT,3.0817,3.0848,10.0,69.0
2025-07-25T08:38:07.141909,XRP-USDT,3.0817,3.0848,16.0,69.0
2025-07-25T08:38:07.141921,XRP-USDT,3.0817,3.0848,98.0,69.0
2025-07-25T08:38:07.409273,XRP-USDT,3.0817,3.0848,16.0,69.0
2025-07-25T08:38:07.419731,ETH-USDT,3650.18,3651.98,2.0,1.0
2025-07-25T08:38:07.429479,ETH-USDT,3650.18,3651.94,2.0,8.0
2025-07-25T08:38:07.433599,ETH-USDT,3650.18,3651.98,2.0,1.0
2025-07-25T08:38:07.433611,ETH-USDT,3650.18,3651.93,2.0,1.0
2025-07-25T08:38:07.440919,LTC-USDT,111.33,111.38,3.0,3.0
2025-07-25T08:38:07.442700,ETH-USDT,3649.4,3651.93,2.0,1.0
2025-07-25T08:38:07.445996,ETH-USDT,3649.4,3651.92,2.0,1.0
2025-07-25T08:38:07.448612,ETH-USDT,3649.4,3651.74,2.0,2.0
2025-07-25T08:38:07.454811,ETH-USDT,3649.4,3651.74,10.0,2.0
2025-07-25T08:38:07.456933,LTC-USDT,111.33,111.39,3.0,215.0
2025-07-25T08:38:07.456945,ETH-USDT,3649.4,3651.73,10.0,1.0
2025-07-25T08:38:07.464360,ETH-USDT,3649.53,3651.73,8.0,1.0
2025-07-25T08:38:07.468093,ETH-USDT,3649.53,3651.72,8.0,1.0
2025-07-25T08:38:07.469352,ETH-USDT,3649.53,3651.72,10.0,1.0
2025-07-25T08:38:07.476203,ETH-USDT,3649.54,3651.72,8.0,1.0
2025-07-25T08:38:07.478771,ETH-USDT,3649.54,3651.72,10.0,1.0
2025-07-25T08:38:07.482379,ETH-USDT,3649.54,3651.71,10.0,1.0
2025-07-25T08:38:07.482390,ETH-USDT,3649.54,3651.71,12.0,1.0
2025-07-25T08:38:07.485648,ETH-USDT,3649.54,3651.71,4.0,1.0
2025-07-25T08:38:07.485657,ETH-USDT,3649.62,3651.71,8.0,1.0
2025-07-25T08:38:07.489397,ETH-USDT,3649.62,3651.7,8.0,9.0
2025-07-25T08:38:07.489408,ETH-USDT,3649.62,3651.7,8.0,18.0
2025-07-25T08:38:07.489415,ETH-USDT,3649.62,3651.7,8.0,27.0
2025-07-25T08:38:07.502186,ETH-USDT,3649.62,3651.69,8.0,6.0
2025-07-25T08:38:07.502198,ETH-USDT,3649.62,3651.69,8.0,15.0
2025-07-25T08:38:07.504979,ETH-USDT,3649.63,3651.69,2.0,15.0
2025-07-25T08:38:07.504989,ETH-USDT,3649.63,3651.69,2.0,6.0
2025-07-25T08:38:07.511517,ETH-USDT,3649.63,3651.68,2.0,1.0
2025-07-25T08:38:07.518716,ETH-USDT,3649.64,3651.68,8.0,1.0
2025-07-25T08:38:07.526842,ETH-USDT,3649.64,3651.67,8.0,1.0
2025-07-25T08:38:07.533400,ETH-USDT,3649.65,3651.67,2.0,1.0
2025-07-25T08:38:07.537327,ETH-USDT,3649.65,3651.66,2.0,1.0
2025-07-25T08:38:07.545120,ETH-USDT,3649.65,3651.66,10.0,1.0
2025-07-25T08:38:07.545486,SOL-USDT,177.86,178.03,99.0,23.0
2025-07-25T08:38:07.546861,XRP-USDT,3.0817,3.0847,16.0,6.0
2025-07-25T08:38:07.549633,ETH-USDT,3649.76,3651.66,8.0,1.0
2025-07-25T08:38:07.549643,XRP-USDT,3.0817,3.0847,16.0,16.0
2025-07-25T08:38:07.555101,ETH-USDT,3649.76,3651.65,8.0,1.0
2025-07-25T08:38:07.569475,ETH-USDT,3649.77,3651.65,2.0,1.0
2025-07-25T08:38:07.574215,ETH-USDT,3649.77,3651.65,10.0,1.0
2025-07-25T08:38:07.577596,ETH-USDT,3649.95,3651.65,8.0,1.0
2025-07-25T08:38:07.590282,ETH-USDT,3649.96,3651.65,2.0,1.0
2025-07-25T08:38:07.602727,ETH-USDT,3649.96,3651.64,2.0,68.0
2025-07-25T08:38:07.670988,XRP-USDT,3.0817,3.0847,16.0,10.0
2025-07-25T08:38:07.760858,SOL-USDT,177.88,178.03,10.0,23.0
2025-07-25T08:38:07.778469,ETH-USDT,3649.96,3651.74,2.0,2.0
2025-07-25T08:38:07.989683,XRP-USDT,3.0817,3.0847,98.0,10.0
2025-07-25T08:38:07.992104,XRP-USDT,3.0817,3.0847,16.0,10.0
2025-07-25T08:38:08.074031,ETH-USDT,3649.96,3651.74,4.0,2.0
2025-07-25T08:38:08.074043,ETH-USDT,3649.97,3651.74,4.0,2.0
2025-07-25T08:38:08.074477,ETH-USDT,3649.97,3651.73,4.0,1.0
2025-07-25T08:38:08.075844,ETH-USDT,3649.97,3651.73,6.0,1.0
2025-07-25T08:38:08.078181,ETH-USDT,3649.97,3651.73,2.0,1.0
2025-07-25T08:38:08.079372,ETH-USDT,3649.98,3651.73,2.0,1.0
2025-07-25T08:38:08.122900,XRP-USDT,3.0818,3.0847,10.0,10.0
2025-07-25T08:38:08.127316,XRP-USDT,3.0818,3.0847,16.0,10.0
2025-07-25T08:38:08.143903,XRP-USDT,3.0818,3.0847,16.0,16.0
2025-07-25T08:38:08.143914,XRP-USDT,3.0818,3.0846,16.0,6.0
2025-07-25T08:38:08.145169,XRP-USDT,3.0818,3.0846,16.0,16.0
2025-07-25T08:38:08.336613,SOL-USDT,177.89,178.03,10.0,23.0
2025-07-25T08:38:08.431723,XRP-USDT,3.0818,3.0845,16.0,6.0
2025-07-25T08:38:08.432860,LTC-USDT,111.33,111.38,3.0,3.0
2025-07-25T08:38:08.434843,ETH-USDT,3649.98,3651.72,2.0,1.0
2025-07-25T08:38:08.438554,ETH-USDT,3649.98,3651.54,2.0,2.0
2025-07-25T08:38:08.438565,XRP-USDT,3.0818,3.0845,16.0,16.0
2025-07-25T08:38:08.444043,LTC-USDT,111.33,111.39,3.0,215.0
2025-07-25T08:38:08.461158,ETH-USDT,3649.98,3651.53,2.0,1.0
2025-07-25T08:38:08.461169,LTC-USDT,111.33,111.38,3.0,3.0
2025-07-25T08:38:08.461175,XRP-USDT,3.0818,3.0844,16.0,6.0
2025-07-25T08:38:08.461810,XRP-USDT,3.0818,3.0844,16.0,16.0
2025-07-25T08:38:08.470131,ETH-USDT,3649.98,3651.53,2.0,4.0
2025-07-25T08:38:08.470142,ETH-USDT,3649.98,3651.53,2.0,1.0
2025-07-25T08:38:08.470152,ETH-USDT,3649.98,3651.53,2.0,4.0
2025-07-25T08:38:08.474528,ETH-USDT,3649.98,3651.53,2.0,7.0
2025-07-25T08:38:08.489445,ETH-USDT,3649.98,3651.34,2.0,1.0
2025-07-25T08:38:08.494388,ETH-USDT,3649.98,3651.33,2.0,1.0
2025-07-25T08:38:08.507729,ETH-USDT,3649.98,3651.14,2.0,1.0
2025-07-25T08:38:08.511738,ETH-USDT,3649.98,3651.13,2.0,1.0
2025-07-25T08:38:08.524049,ETH-USDT,3649.98,3650.94,2.0,1.0
2025-07-25T08:38:08.536061,ETH-USDT,3649.98,3650.93,2.0,1.0
2025-07-25T08:38:08.541286,LTC-USDT,111.33,111.39,3.0,215.0
2025-07-25T08:38:08.590115,LTC-USDT,111.31,111.39,3.0,215.0
2025-07-25T08:38:08.714055,ETH-USDT,3649.98,3650.74,2.0,1.0
2025-07-25T08:38:08.717582,ETH-USDT,3649.98,3650.73,2.0,1.0
2025-07-25T08:38:08.721702,ETH-USDT,3649.98,3650.54,2.0,2.0
2025-07-25T08:38:08.726456,ETH-USDT,3649.98,3650.53,2.0,1.0
2025-07-25T08:38:08.733969,ETH-USDT,3649.98,3650.34,2.0,2.0
2025-07-25T08:38:08.738515,ETH-USDT,3649.98,3651.74,2.0,20.0
2025-07-25T08:38:08.738526,ETH-USDT,3650.17,3651.74,2.0,20.0
2025-07-25T08:38:08.743706,ETH-USDT,3650.17,3651.73,2.0,1.0
2025-07-25T08:38:08.744824,ETH-USDT,3650.17,3651.54,2.0,2.0
2025-07-25T08:38:08.744834,ETH-USDT,3649.98,3651.54,2.0,2.0
2025-07-25T08:38:08.749548,ETH-USDT,3649.79,3651.54,2.0,2.0
2025-07-25T08:38:08.749952,ETH-USDT,3649.79,3651.53,2.0,1.0
2025-07-25T08:38:08.761485,ETH-USDT,3649.8,3651.53,2.0,1.0
2025-07-25T08:38:08.766533,ETH-USDT,3649.8,3651.52,2.0,1.0
2025-07-25T08:38:08.776408,XRP-USDT,3.0818,3.0843,16.0,6.0
2025-07-25T08:38:08.777228,LTC-USDT,111.31,111.38,3.0,3.0
2025-07-25T08:38:08.782490,XRP-USDT,3.0818,3.0843,16.0,16.0
2025-07-25T08:38:08.782500,LTC-USDT,111.31,111.39,3.0,215.0
2025-07-25T08:38:08.782507,ETH-USDT,3649.8,3651.5,2.0,9.0
2025-07-25T08:38:08.788869,ETH-USDT,3649.8,3651.49,2.0,1.0
2025-07-25T08:38:08.788880,ETH-USDT,3649.8,3651.49,2.0,5.0
2025-07-25T08:38:08.830943,ETH-USDT,3649.8,3651.49,2.0,1.0
2025-07-25T08:38:08.858756,LTC-USDT,111.33,111.39,8.0,215.0
2025-07-25T08:38:08.863528,LTC-USDT,111.34,111.39,3.0,215.0
2025-07-25T08:38:09.007401,XRP-USDT,3.0819,3.0843,6.0,16.0
2025-07-25T08:38:09.007419,XRP-USDT,3.0819,3.0843,16.0,16.0
2025-07-25T08:38:09.007426,XRP-USDT,3.0819,3.0843,16.0,10.0
2025-07-25T08:38:09.007433,XRP-USDT,3.082,3.0843,6.0,10.0
2025-07-25T08:38:09.017185,ETH-USDT,3649.81,3651.49,8.0,1.0
2025-07-25T08:38:09.022709,ETH-USDT,3649.82,3651.49,4.0,1.0
2025-07-25T08:38:09.036317,ETH-USDT,3649.82,3651.49,6.0,1.0
2025-07-25T08:38:09.052691,ETH-USDT,3649.82,3652.1,6.0,46.0
2025-07-25T08:38:09.059080,ETH-USDT,3649.82,3652.1,2.0,46.0
2025-07-25T08:38:09.067990,ETH-USDT,3649.82,3652.1,2.0,57.0
2025-07-25T08:38:09.073546,LTC-USDT,111.31,111.39,3.0,215.0
2025-07-25T08:38:09.090774,ETH-USDT,3649.82,3652.1,2.0,66.0
2025-07-25T08:38:09.093819,ETH-USDT,3649.82,3651.97,2.0,68.0
2025-07-25T08:38:09.095706,ETH-USDT,3649.82,3651.96,2.0,1.0
2025-07-25T08:38:09.095724,ETH-USDT,3649.82,3651.96,2.0,21.0
2025-07-25T08:38:09.114400,LTC-USDT,111.33,111.39,8.0,215.0
2025-07-25T08:38:09.120433,LTC-USDT,111.34,111.39,3.0,215.0
2025-07-25T08:38:09.141069,XRP-USDT,3.082,3.0844,6.0,10.0
2025-07-25T08:38:09.180707,XRP-USDT,3.082,3.0847,6.0,10.0
2025-07-25T08:38:09.180721,ETH-USDT,3649.82,3651.96,10.0,21.0
2025-07-25T08:38:09.180729,ETH-USDT,3649.82,3651.96,2.0,21.0
2025-07-25T08:38:09.180735,ETH-USDT,3649.82,3651.96,2.0,1.0
2025-07-25T08:38:09.180740,ETH-USDT,3649.84,3651.96,8.0,1.0
2025-07-25T08:38:09.185233,ETH-USDT,3649.82,3651.96,2.0,1.0
2025-07-25T08:38:09.185245,ETH-USDT,3649.83,3651.96,5.0,1.0
2025-07-25T08:38:09.186951,ETH-USDT,3649.82,3651.96,2.0,1.0
2025-07-25T08:38:09.186960,ETH-USDT,3649.83,3651.96,3.0,1.0
2025-07-25T08:38:09.186965,ETH-USDT,3649.82,3651.96,2.0,1.0
2025-07-25T08:38:09.189935,ETH-USDT,3649.85,3651.96,3.0,1.0
2025-07-25T08:38:09.189947,ETH-USDT,3649.85,3651.96,8.0,1.0
2025-07-25T08:38:09.189953,ETH-USDT,3649.85,3651.96,3.0,1.0
2025-07-25T08:38:09.191746,ETH-USDT,3649.82,3651.96,2.0,1.0
2025-07-25T08:38:09.192308,ETH-USDT,3649.82,3651.95,2.0,1.0
2025-07-25T08:38:09.196774,ETH-USDT,3649.85,3651.95,2.0,1.0
2025-07-25T08:38:09.203151,ETH-USDT,3649.85,3651.95,10.0,1.0
2025-07-25T08:38:09.203162,ETH-USDT,3649.86,3651.95,8.0,1.0
2025-07-25T08:38:09.209200,ETH-USDT,3649.86,3651.95,11.0,1.0
2025-07-25T08:38:09.216234,ETH-USDT,3649.86,3651.95,11.0,10.0
2025-07-25T08:38:09.216243,ETH-USDT,3650.0,3651.95,8.0,10.0
2025-07-25T08:38:09.221213,ETH-USDT,3650.0,3651.95,8.0,19.0
2025-07-25T08:38:09.223143,ETH-USDT,3650.01,3651.95,5.0,19.0
2025-07-25T08:38:09.223922,XRP-USDT,3.082,3.0851,6.0,10.0
2025-07-25T08:38:09.226119,ETH-USDT,3650.0,3651.95,8.0,19.0
2025-07-25T08:38:09.227220,ETH-USDT,3650.01,3651.95,3.0,19.0
2025-07-25T08:38:09.231810,ETH-USDT,3650.01,3651.95,11.0,19.0
2025-07-25T08:38:09.233689,ETH-USDT,3650.01,3651.95,13.0,19.0
2025-07-25T08:38:09.236867,ETH-USDT,3650.03,3651.95,8.0,19.0
2025-07-25T08:38:09.243152,ETH-USDT,3650.03,3651.94,8.0,1.0
2025-07-25T08:38:09.243163,ETH-USDT,3650.04,3651.94,5.0,1.0
2025-07-25T08:38:09.246383,ETH-USDT,3650.04,3651.94,8.0,1.0
2025-07-25T08:38:09.246395,ETH-USDT,3650.04,3651.94,3.0,1.0
2025-07-25T08:38:09.252665,ETH-USDT,3650.04,3651.94,5.0,1.0
2025-07-25T08:38:09.256706,LTC-USDT,111.34,111.43,3.0,3.0
2025-07-25T08:38:09.258244,SOL-USDT,177.89,178.03,33.0,23.0
2025-07-25T08:38:09.279370,LTC-USDT,111.34,111.46,3.0,3.0
2025-07-25T08:38:09.300924,ETH-USDT,3650.04,3651.94,13.0,1.0
2025-07-25T08:38:09.308642,ETH-USDT,3650.05,3651.94,3.0,1.0
2025-07-25T08:38:09.315253,ETH-USDT,3650.05,3651.93,3.0,1.0
2025-07-25T08:38:09.317719,ETH-USDT,3650.05,3651.93,3.0,69.0
2025-07-25T08:38:09.317730,ETH-USDT,3650.06,3651.93,8.0,69.0
2025-07-25T08:38:09.322307,LTC-USDT,111.31,111.46,3.0,3.0
2025-07-25T08:38:09.322319,ETH-USDT,3650.06,3651.93,10.0,69.0
2025-07-25T08:38:09.325331,ETH-USDT,3650.07,3651.93,5.0,69.0
2025-07-25T08:38:09.325342,ETH-USDT,3650.06,3651.93,10.0,69.0
2025-07-25T08:38:09.330363,ETH-USDT,3650.08,3651.93,8.0,69.0
2025-07-25T08:38:09.330374,ETH-USDT,3650.08,3651.93,8.0,1.0
2025-07-25T08:38:09.333154,ETH-USDT,3650.08,3651.93,11.0,1.0
2025-07-25T08:38:09.333165,ETH-USDT,3650.08,3651.93,16.0,1.0
2025-07-25T08:38:09.333171,ETH-USDT,3650.09,3651.93,5.0,1.0
2025-07-25T08:38:09.336501,ETH-USDT,3650.08,3651.93,15.0,1.0
2025-07-25T08:38:09.336512,ETH-USDT,3650.09,3651.93,3.0,1.0
2025-07-25T08:38:09.336518,ETH-USDT,3650.22,3651.93,8.0,1.0
2025-07-25T08:38:09.336523,SOL-USDT,177.9,178.03,23.0,23.0
2025-07-25T08:38:09.338627,ETH-USDT,3650.27,3651.93,2.0,1.0
2025-07-25T08:38:09.351856,ETH-USDT,3650.28,3651.93,2.0,1.0
2025-07-25T08:38:09.361459,ETH-USDT,3650.28,3651.95,2.0,27.0
2025-07-25T08:38:09.362872,ETH-USDT,3650.47,3651.95,2.0,27.0
2025-07-25T08:38:09.375597,ETH-USDT,3650.47,3651.95,2.0,18.0
2025-07-25T08:38:09.375611,ETH-USDT,3650.47,3651.95,2.0,9.0
2025-07-25T08:38:09.376410,ETH-USDT,3650.48,3651.95,2.0,9.0
2025-07-25T08:38:09.380197,ETH-USDT,3650.48,3652.1,2.0,11.0
2025-07-25T08:38:09.385015,ETH-USDT,3650.48,3652.79,2.0,5.0
