timestamp,symbol,bid,ask,bid_vol,ask_vol
2025-07-25T07:28:32.651919,BTC-USDT,115568.08,115568.09,0.0019,16.2234
2025-07-25T07:28:32.651978,ETH-USDT,3640.52,3640.79,5.606,0.083
2025-07-25T07:28:32.652025,SOL-USDT,177.56,177.59,105.01,114.717
2025-07-25T07:28:32.652064,SOL-USDT,177.52,177.59,116.643,114.717
2025-07-25T07:28:32.652096,ETH-USDT,3640.7,3640.79,7.794,0.083
2025-07-25T07:28:32.652127,BTC-USDT,115568.08,115568.09,0.0019,16.2234
2025-07-25T07:28:32.652158,XRP-USDT,3.0823,3.0824,77877.8,39.0
2025-07-25T07:28:32.652194,LTC-USDT,111.71,111.77,124.644,9.559
2025-07-25T07:28:33.428390,LTC-USDT,111.68,111.71,123.925,62.159
2025-07-25T07:28:33.443775,XRP-USDT,3.0846,3.0847,54642.1,10575.6
2025-07-25T07:28:33.451625,SOL-USDT,177.56,177.59,105.01,92.953
2025-07-25T07:28:33.453099,ETH-USDT,3640.84,3640.93,5.461,7.228
2025-07-25T07:28:34.473075,LTC-USDT,111.68,111.71,123.925,62.159
2025-07-25T07:28:34.499069,SOL-USDT,177.53,177.59,94.029,92.953
2025-07-25T07:28:34.500756,ETH-USDT,3640.84,3640.93,5.461,7.228
2025-07-25T07:28:34.513422,BTC-USDT,115580.34,115580.35,8.1987,6.898
2025-07-25T07:28:35.573763,LTC-USDT,111.65,111.71,61.116,62.159
2025-07-25T07:28:35.587895,XRP-USDT,3.0837,3.0838,152004.3,15438.8
2025-07-25T07:28:35.611686,BTC-USDT,115580.34,115580.35,8.1987,6.898
2025-07-25T07:28:36.620266,LTC-USDT,111.64,111.68,114.281,66.36
2025-07-25T07:28:36.633454,XRP-USDT,3.0835,3.0836,165605.4,12040.1
2025-07-25T07:28:36.642661,SOL-USDT,177.53,177.56,94.029,92.897
2025-07-25T07:28:37.700260,BTC-USDT,115580.34,115580.35,8.1987,6.898
2025-07-25T07:28:38.709607,LTC-USDT,111.68,111.71,87.461,62.159
2025-07-25T07:28:39.765865,XRP-USDT,3.0841,3.0842,23535.7,6067.4
2025-07-25T07:28:39.775611,SOL-USDT,177.53,177.59,94.029,108.343
2025-07-25T07:28:39.788154,BTC-USDT,115580.34,115580.35,8.1987,6.898
2025-07-25T07:28:41.877189,BTC-USDT,115580.34,115580.35,8.1987,6.898
2025-07-25T07:28:42.886040,LTC-USDT,111.67,111.71,40.667,62.159
2025-07-25T07:28:42.921199,BTC-USDT,115580.34,115580.35,8.1987,6.898
2025-07-25T07:28:43.967364,BTC-USDT,115580.34,115580.35,8.1987,6.898
2025-07-25T07:28:44.988931,XRP-USDT,3.0844,3.0845,80753.9,26.5
2025-07-25T07:28:46.047596,SOL-USDT,177.55,177.6,102.673,108.931
2025-07-25T07:28:46.049232,ETH-USDT,3641.15,3641.24,6.829,0.031
2025-07-25T07:28:46.061761,BTC-USDT,115580.34,115580.35,8.1987,6.898
2025-07-25T07:28:47.078509,LTC-USDT,111.66,111.71,44.913,62.159
2025-07-25T07:28:47.095205,XRP-USDT,3.0845,3.0846,19108.4,4923.4
2025-07-25T07:28:47.110515,SOL-USDT,177.55,177.6,102.673,108.931
2025-07-25T07:28:47.112747,ETH-USDT,3641.63,3641.72,5.38,0.014
2025-07-25T07:28:48.137430,LTC-USDT,111.68,111.71,86.65,62.159
2025-07-25T07:28:48.164165,ETH-USDT,3641.63,3641.88,5.38,2.236
2025-07-25T07:28:48.178240,BTC-USDT,115580.34,115580.35,8.1987,6.898
2025-07-25T07:28:49.202510,XRP-USDT,3.0848,3.0849,40783.6,130.0
2025-07-25T07:28:49.213272,ETH-USDT,3642.24,3642.34,6.697,6.434
2025-07-25T07:28:49.225706,BTC-USDT,115580.34,115580.35,8.1987,6.898
2025-07-25T07:28:50.257629,SOL-USDT,177.58,177.62,134.068,103.302
2025-07-25T07:28:50.259561,ETH-USDT,3642.24,3642.34,6.697,6.434
2025-07-25T07:28:50.272218,BTC-USDT,115580.34,115580.35,8.1987,6.898
2025-07-25T07:28:51.282046,LTC-USDT,111.68,111.73,86.65,43.959
2025-07-25T07:28:51.297281,XRP-USDT,3.0857,3.0858,90858.0,70476.6
2025-07-25T07:28:51.307678,SOL-USDT,177.58,177.62,134.068,103.302
2025-07-25T07:28:51.309647,ETH-USDT,3642.32,3642.73,6.239,4.512
2025-07-25T07:28:52.362266,BTC-USDT,115580.35,115580.36,18.0969,0.0128
2025-07-25T07:28:53.385519,XRP-USDT,3.0856,3.0857,61250.8,27861.6
2025-07-25T07:28:53.408667,BTC-USDT,115580.35,115580.36,18.0969,0.0128
2025-07-25T07:28:56.544629,LTC-USDT,111.71,111.74,103.559,14.169
2025-07-25T07:28:56.558214,XRP-USDT,3.086,3.0861,26936.0,53322.9
2025-07-25T07:28:56.569108,SOL-USDT,177.65,177.69,127.197,95.802
2025-07-25T07:28:56.570723,ETH-USDT,3642.71,3642.82,5.626,5.358
2025-07-25T07:28:56.582245,BTC-USDT,115595.48,115595.49,20.1725,1.5279
2025-07-25T07:28:57.591478,LTC-USDT,111.71,111.74,103.559,14.169
2025-07-25T07:28:57.614529,SOL-USDT,177.65,177.69,127.197,95.802
2025-07-25T07:28:57.616021,ETH-USDT,3642.36,3642.45,1.189,5.482
2025-07-25T07:28:57.626824,BTC-USDT,115595.48,115600.0,20.1725,1.761
2025-07-25T07:28:58.637040,LTC-USDT,111.7,111.74,28.601,14.169
2025-07-25T07:28:58.661882,SOL-USDT,177.62,177.65,123.751,96.733
2025-07-25T07:28:58.664133,ETH-USDT,3641.67,3641.76,2.71,6.777
2025-07-25T07:28:58.676870,BTC-USDT,115603.77,115618.3,0.7124,3.7043
2025-07-25T07:28:59.685638,LTC-USDT,111.7,111.75,28.601,26.09
2025-07-25T07:28:59.699844,XRP-USDT,3.0851,3.0852,25155.9,50833.6
2025-07-25T07:28:59.709689,SOL-USDT,177.6,177.68,93.727,113.401
2025-07-25T07:28:59.711320,ETH-USDT,3641.77,3642.25,4.506,2.241
2025-07-25T07:28:59.722699,BTC-USDT,115618.29,115618.3,9.5812,3.7043
2025-07-25T07:29:00.731870,LTC-USDT,111.73,111.77,79.573,15.183
2025-07-25T07:29:00.744742,XRP-USDT,3.0857,3.0858,9953.3,55520.1
2025-07-25T07:29:00.755124,SOL-USDT,177.64,177.68,134.486,113.401
2025-07-25T07:29:00.756641,ETH-USDT,3642.16,3642.25,6.819,2.241
2025-07-25T07:29:01.778071,LTC-USDT,111.7,111.74,28.601,38.79
2025-07-25T07:29:01.799455,SOL-USDT,177.63,177.68,120.155,113.401
2025-07-25T07:29:01.801343,ETH-USDT,3642.16,3642.25,6.819,2.241
2025-07-25T07:29:01.813519,BTC-USDT,115618.29,115618.3,9.5812,3.7043
2025-07-25T07:29:02.821284,LTC-USDT,111.68,111.74,56.957,38.79
2025-07-25T07:29:02.844371,ETH-USDT,3642.95,3643.04,7.518,0.046
2025-07-25T07:29:03.865116,LTC-USDT,111.71,111.74,101.676,38.79
2025-07-25T07:29:03.880153,XRP-USDT,3.0859,3.086,25800.3,71596.7
2025-07-25T07:29:03.890514,SOL-USDT,177.66,177.72,90.738,97.967
2025-07-25T07:29:03.892164,ETH-USDT,3642.95,3643.04,7.518,0.046
2025-07-25T07:29:03.903066,BTC-USDT,115618.29,115618.3,9.5812,3.7043
2025-07-25T07:29:04.913231,LTC-USDT,111.71,111.74,101.676,38.79
2025-07-25T07:29:04.927097,XRP-USDT,3.0852,3.0853,36808.0,35532.1
2025-07-25T07:29:04.939299,ETH-USDT,3642.27,3642.48,5.606,7.837
2025-07-25T07:29:05.959655,LTC-USDT,111.68,111.71,56.957,98.627
2025-07-25T07:29:05.982875,SOL-USDT,177.63,177.69,132.211,118.057
2025-07-25T07:29:05.985233,ETH-USDT,3642.25,3642.34,0.069,5.813
2025-07-25T07:29:05.995706,BTC-USDT,115618.29,115618.3,9.5812,3.7043
2025-07-25T07:29:07.004140,LTC-USDT,111.68,111.71,56.957,98.627
2025-07-25T07:29:08.048973,LTC-USDT,111.68,111.71,56.957,98.627
2025-07-25T07:29:08.062260,XRP-USDT,3.0849,3.085,63790.5,5803.7
2025-07-25T07:29:08.073013,SOL-USDT,177.66,177.69,117.011,118.057
2025-07-25T07:29:08.074675,ETH-USDT,3642.03,3642.12,1.821,6.676
2025-07-25T07:29:08.087091,BTC-USDT,115618.29,115618.3,9.5812,3.7043
2025-07-25T07:29:09.099603,LTC-USDT,111.68,111.72,56.957,26.86
2025-07-25T07:29:09.111092,XRP-USDT,3.0848,3.0849,40783.6,1152.8
2025-07-25T07:29:09.123279,ETH-USDT,3642.03,3642.12,1.821,6.676
2025-07-25T07:29:10.180983,BTC-USDT,115618.29,115618.3,9.5812,3.7043
2025-07-25T07:29:11.205434,XRP-USDT,3.0849,3.085,89766.6,5803.7
2025-07-25T07:29:11.218622,ETH-USDT,3642.24,3642.34,5.325,5.813
2025-07-25T07:29:11.230938,BTC-USDT,115618.29,115618.3,9.5812,3.7043
2025-07-25T07:29:13.309962,ETH-USDT,3642.39,3642.48,7.257,7.837
2025-07-25T07:29:14.330236,LTC-USDT,111.68,111.74,56.957,38.79
2025-07-25T07:29:14.365859,BTC-USDT,115618.29,115618.3,9.5812,3.7043
2025-07-25T07:29:15.397412,XRP-USDT,3.0849,3.085,89766.6,1000.0
2025-07-25T07:29:15.422831,BTC-USDT,115618.29,115618.3,9.5812,3.7043
2025-07-25T07:29:17.476447,LTC-USDT,111.68,111.74,78.346,38.79
2025-07-25T07:29:17.490184,XRP-USDT,3.0848,3.085,40783.6,1000.0
2025-07-25T07:29:18.523752,LTC-USDT,111.68,111.74,56.957,38.79
2025-07-25T07:29:18.550429,ETH-USDT,3642.03,3642.13,1.821,6.156
2025-07-25T07:29:18.563375,BTC-USDT,115618.29,115618.3,9.5812,3.7043
2025-07-25T07:29:19.573541,LTC-USDT,111.66,111.71,44.913,58.239
2025-07-25T07:29:19.586139,XRP-USDT,3.0842,3.0843,27912.0,40024.9
2025-07-25T07:29:19.598142,ETH-USDT,3641.19,3641.28,6.118,5.306
2025-07-25T07:29:19.609373,BTC-USDT,115618.29,115618.3,9.5812,3.7043
2025-07-25T07:29:20.641181,SOL-USDT,177.63,177.69,127.089,118.057
2025-07-25T07:29:20.642578,ETH-USDT,3641.15,3641.28,6.829,5.306
2025-07-25T07:29:21.676641,LTC-USDT,111.64,111.68,37.927,66.015
2025-07-25T07:29:21.682560,XRP-USDT,3.0836,3.0837,44618.6,25550.7
2025-07-25T07:29:21.694608,SOL-USDT,177.63,177.66,127.089,93.756
2025-07-25T07:29:21.696834,ETH-USDT,3640.58,3640.67,0.165,7.861
2025-07-25T07:29:22.719860,LTC-USDT,111.64,111.68,37.927,66.015
2025-07-25T07:29:22.734570,XRP-USDT,3.0832,3.0833,99596.7,20445.4
2025-07-25T07:29:22.743750,SOL-USDT,177.56,177.6,125.089,104.714
2025-07-25T07:29:22.745496,ETH-USDT,3640.58,3640.67,0.165,7.861
2025-07-25T07:29:22.758243,BTC-USDT,115618.29,115618.3,9.5812,3.7043
2025-07-25T07:29:23.792126,SOL-USDT,177.56,177.63,125.089,100.822
2025-07-25T07:29:23.794454,ETH-USDT,3640.14,3640.67,5.794,7.861
2025-07-25T07:29:23.805755,BTC-USDT,115618.29,115618.3,9.5812,3.7043
2025-07-25T07:29:24.815762,LTC-USDT,111.64,111.69,37.927,15.964
2025-07-25T07:29:24.837257,SOL-USDT,177.56,177.6,125.089,111.571
2025-07-25T07:29:24.838926,ETH-USDT,3640.17,3640.26,1.174,7.312
2025-07-25T07:29:25.873571,XRP-USDT,3.0838,3.0839,20820.3,19007.6
2025-07-25T07:29:25.883108,SOL-USDT,177.56,177.6,125.089,111.571
2025-07-25T07:29:25.899821,BTC-USDT,115610.32,115610.33,0.2202,16.9162
2025-07-25T07:29:27.957240,LTC-USDT,111.63,111.69,42.62,15.964
2025-07-25T07:29:27.981162,SOL-USDT,177.53,177.6,123.678,111.571
2025-07-25T07:29:27.982880,ETH-USDT,3639.99,3640.08,0.548,6.572
2025-07-25T07:29:27.997340,BTC-USDT,115610.32,115610.33,0.2202,16.9162
2025-07-25T07:29:29.007189,LTC-USDT,111.61,111.66,44.564,54.009
2025-07-25T07:29:29.032406,SOL-USDT,177.53,177.57,123.678,118.351
2025-07-25T07:29:29.037879,ETH-USDT,3639.95,3640.08,6.321,6.572
2025-07-25T07:29:30.224471,XRP-USDT,3.0836,3.0837,643.8,15942.2
2025-07-25T07:29:30.251857,BTC-USDT,115610.32,115610.33,0.2202,16.9162
2025-07-25T07:29:31.294398,ETH-USDT,3639.75,3639.84,5.315,5.533
2025-07-25T07:29:33.255261,ETH-USDT,3639.75,3639.84,5.315,5.533
2025-07-25T07:29:33.255287,BTC-USDT,115610.32,115610.33,0.2202,16.9162
2025-07-25T07:29:33.373049,XRP-USDT,3.0835,3.0836,2480.9,27316.3
2025-07-25T07:29:34.439114,BTC-USDT,115610.32,115610.33,0.2202,16.9162
2025-07-25T07:29:35.447758,LTC-USDT,111.63,111.66,104.413,20.894
2025-07-25T07:29:35.460944,XRP-USDT,3.0834,3.0835,9094.8,280.3
2025-07-25T07:29:35.470191,SOL-USDT,177.51,177.54,112.489,131.232
2025-07-25T07:29:35.484102,BTC-USDT,115610.32,115610.33,0.2202,16.9162
2025-07-25T07:29:36.493010,LTC-USDT,111.63,111.67,104.413,29.306
2025-07-25T07:29:36.517356,SOL-USDT,177.49,177.54,106.381,131.232
2025-07-25T07:29:36.518879,ETH-USDT,3639.2,3639.29,4.48,7.904
2025-07-25T07:29:37.556561,XRP-USDT,3.0831,3.0832,53858.7,49128.0
2025-07-25T07:29:37.563452,SOL-USDT,177.49,177.54,106.381,131.232
2025-07-25T07:29:37.565883,ETH-USDT,3638.52,3638.86,0.227,7.319
2025-07-25T07:29:38.588309,LTC-USDT,111.6,111.63,33.411,68.091
2025-07-25T07:29:38.611240,SOL-USDT,177.47,177.51,119.613,133.037
2025-07-25T07:29:38.612918,ETH-USDT,3638.52,3638.65,0.227,6.449
2025-07-25T07:29:38.624683,BTC-USDT,115610.32,115610.33,0.2202,16.9162
2025-07-25T07:29:39.634211,LTC-USDT,111.6,111.63,33.411,68.091
2025-07-25T07:29:39.647973,XRP-USDT,3.0819,3.082,15704.0,10044.3
2025-07-25T07:29:39.664400,ETH-USDT,3638.34,3638.44,0.023,6.251
2025-07-25T07:29:39.670760,BTC-USDT,115610.32,115610.33,0.2202,16.9162
2025-07-25T07:29:40.679882,LTC-USDT,111.6,111.64,33.411,33.023
2025-07-25T07:29:40.703448,ETH-USDT,3637.98,3638.07,0.029,7.658
2025-07-25T07:29:41.757376,BTC-USDT,115610.32,115610.33,0.2202,16.9162
2025-07-25T07:29:42.766160,LTC-USDT,111.62,111.65,123.884,29.165
2025-07-25T07:29:42.799670,BTC-USDT,115610.32,115610.33,0.2202,16.9162
2025-07-25T07:29:43.845496,BTC-USDT,115610.32,115610.33,0.2202,16.9162
2025-07-25T07:29:44.855453,LTC-USDT,111.62,111.67,123.884,24.113
2025-07-25T07:29:44.868650,XRP-USDT,3.0819,3.082,15704.0,10044.3
2025-07-25T07:29:44.879384,SOL-USDT,177.47,177.53,119.613,133.019
2025-07-25T07:29:44.880969,ETH-USDT,3637.72,3637.81,0.065,7.657
2025-07-25T07:29:45.902457,LTC-USDT,111.62,111.69,225.739,15.964
2025-07-25T07:29:45.915395,XRP-USDT,3.0823,3.0824,113552.9,4489.1
2025-07-25T07:29:45.924919,SOL-USDT,177.47,177.53,119.613,133.019
2025-07-25T07:29:45.926448,ETH-USDT,3637.46,3637.65,0.723,5.52
2025-07-25T07:29:45.937702,BTC-USDT,115610.32,115610.33,0.2202,16.9162
2025-07-25T07:29:46.946652,LTC-USDT,111.62,111.66,57.242,67.082
2025-07-25T07:29:46.959669,XRP-USDT,3.0815,3.0816,21391.3,31520.8
2025-07-25T07:29:46.972399,SOL-USDT,177.5,177.53,114.508,133.019
2025-07-25T07:29:46.972438,ETH-USDT,3637.08,3637.38,0.052,7.589
2025-07-25T07:29:46.983142,BTC-USDT,115610.32,115610.33,0.2202,16.9162
2025-07-25T07:29:47.992406,LTC-USDT,111.62,111.69,57.242,15.964
2025-07-25T07:29:48.015251,SOL-USDT,177.5,177.53,114.508,133.019
2025-07-25T07:29:48.029132,BTC-USDT,115599.09,115599.1,4.9402,14.5883
2025-07-25T07:29:49.041212,LTC-USDT,111.62,111.69,57.242,15.964
2025-07-25T07:29:49.060750,XRP-USDT,3.0816,3.0817,75975.1,13534.6
2025-07-25T07:29:49.066950,SOL-USDT,177.5,177.54,114.508,106.364
2025-07-25T07:29:50.149877,LTC-USDT,111.65,111.69,110.969,15.964
2025-07-25T07:29:50.172189,ETH-USDT,3637.79,3637.88,7.855,0.076
2025-07-25T07:29:50.189543,BTC-USDT,115599.09,115599.1,4.9402,14.5883
2025-07-25T07:29:51.197935,LTC-USDT,111.65,111.68,110.969,79.637
2025-07-25T07:29:51.211522,XRP-USDT,3.0823,3.0824,104356.2,4489.1
2025-07-25T07:29:51.222340,SOL-USDT,177.53,177.57,130.408,118.351
2025-07-25T07:29:51.223973,ETH-USDT,3637.37,3637.73,6.744,6.429
2025-07-25T07:29:52.244818,LTC-USDT,111.65,111.68,110.969,79.637
2025-07-25T07:29:52.267924,SOL-USDT,177.52,177.57,123.911,118.351
2025-07-25T07:29:52.269204,ETH-USDT,3637.08,3637.38,0.052,6.679
2025-07-25T07:29:52.280866,BTC-USDT,115599.09,115599.1,4.9402,14.5883
2025-07-25T07:29:53.290020,LTC-USDT,111.65,111.68,110.969,79.637
2025-07-25T07:29:53.302872,XRP-USDT,3.0818,3.0819,55365.9,16064.9
2025-07-25T07:29:54.358481,ETH-USDT,3636.56,3636.65,5.1,5.742
2025-07-25T07:29:54.369849,BTC-USDT,115599.09,115599.1,4.9402,14.5883
2025-07-25T07:29:55.392626,XRP-USDT,3.0815,3.0816,21391.3,65341.1
2025-07-25T07:29:55.402529,SOL-USDT,177.47,177.53,107.994,126.808
2025-07-25T07:29:55.416657,BTC-USDT,115599.09,115599.1,4.9402,14.5883
2025-07-25T07:29:56.446741,SOL-USDT,177.47,177.5,107.994,111.853
2025-07-25T07:29:56.448317,ETH-USDT,3636.14,3636.23,5.459,0.216
2025-07-25T07:29:56.460461,BTC-USDT,115599.09,115599.1,4.9402,14.5883
2025-07-25T07:29:57.468953,LTC-USDT,111.64,111.68,50.174,79.637
2025-07-25T07:29:57.482488,XRP-USDT,3.08,3.0801,74208.2,34611.7
2025-07-25T07:29:57.494314,ETH-USDT,3635.62,3635.71,7.405,5.932
2025-07-25T07:29:57.506070,BTC-USDT,115599.09,115599.11,4.9402,0.0926
2025-07-25T07:29:58.515287,LTC-USDT,111.58,111.63,34.111,100.624
2025-07-25T07:29:58.537221,SOL-USDT,177.43,177.47,58.733,97.58
2025-07-25T07:29:58.538805,ETH-USDT,3635.25,3635.34,0.94,5.859
2025-07-25T07:29:58.550156,BTC-USDT,115599.09,115599.1,4.9402,7.4531
2025-07-25T07:29:59.559580,LTC-USDT,111.56,111.6,23.698,85.126
2025-07-25T07:29:59.573615,XRP-USDT,3.0781,3.0782,2843.4,22247.7
2025-07-25T07:29:59.584367,SOL-USDT,177.35,177.4,28.884,130.284
2025-07-25T07:29:59.585841,ETH-USDT,3634.58,3635.06,3.734,7.323
2025-07-25T07:29:59.598086,BTC-USDT,115595.81,115599.1,0.0035,7.4531
2025-07-25T07:30:00.608142,LTC-USDT,111.56,111.6,23.698,85.126
2025-07-25T07:30:00.633512,ETH-USDT,3633.63,3634.11,6.552,0.005
2025-07-25T07:30:00.646215,BTC-USDT,115568.8,115568.81,0.0049,12.4927
2025-07-25T07:30:01.655574,LTC-USDT,111.56,111.59,23.698,69.895
2025-07-25T07:30:01.669423,XRP-USDT,3.078,3.0781,37400.5,59.8
2025-07-25T07:30:01.680366,SOL-USDT,177.31,177.34,40.084,117.774
2025-07-25T07:30:01.680766,ETH-USDT,3634.16,3634.25,0.845,5.708
2025-07-25T07:30:01.692415,BTC-USDT,115564.07,115564.08,0.0002,11.932
2025-07-25T07:30:02.704687,LTC-USDT,111.51,111.55,31.242,79.386
2025-07-25T07:30:02.721965,XRP-USDT,3.078,3.0781,37400.5,59.8
2025-07-25T07:30:02.732195,SOL-USDT,177.17,177.2,19.724,129.908
2025-07-25T07:30:02.733755,ETH-USDT,3633.26,3633.35,0.118,5.369
2025-07-25T07:30:03.755485,LTC-USDT,111.49,111.55,37.759,79.386
2025-07-25T07:30:03.770047,XRP-USDT,3.0769,3.077,16024.0,48854.5
2025-07-25T07:30:03.780129,SOL-USDT,177.19,177.22,135.213,126.64
2025-07-25T07:30:03.782304,ETH-USDT,3632.62,3632.71,6.664,5.537
2025-07-25T07:30:03.796350,BTC-USDT,115560.0,115564.08,0.2193,11.932
2025-07-25T07:30:04.810356,LTC-USDT,111.47,111.53,17.43,36.23
2025-07-25T07:30:04.834936,SOL-USDT,177.15,177.22,100.699,113.124
2025-07-25T07:30:04.840629,ETH-USDT,3630.34,3630.51,0.063,6.006
2025-07-25T07:30:04.850206,BTC-USDT,115560.0,115560.01,0.2193,16.4188
2025-07-25T07:30:05.861451,LTC-USDT,111.5,111.54,126.558,12.124
2025-07-25T07:30:05.876950,XRP-USDT,3.0773,3.0774,21470.8,23563.8
2025-07-25T07:30:05.895067,SOL-USDT,177.21,177.25,91.06,112.476
2025-07-25T07:30:05.895135,ETH-USDT,3632.7,3632.85,5.779,7.757
2025-07-25T07:30:05.898286,BTC-USDT,115543.67,115564.48,13.3292,0.0001
2025-07-25T07:30:06.907023,LTC-USDT,111.5,111.54,126.558,12.124
2025-07-25T07:30:06.919584,XRP-USDT,3.0781,3.0782,87447.4,22247.7
2025-07-25T07:30:06.929809,SOL-USDT,177.24,177.27,108.927,102.518
2025-07-25T07:30:06.933179,ETH-USDT,3633.13,3633.24,7.561,0.151
2025-07-25T07:30:07.954935,LTC-USDT,111.53,111.6,101.589,23.421
2025-07-25T07:30:07.969202,XRP-USDT,3.0781,3.0782,87447.4,22247.7
2025-07-25T07:30:07.978236,SOL-USDT,177.27,177.3,126.329,92.804
2025-07-25T07:30:07.980228,ETH-USDT,3634.45,3634.54,6.629,0.567
2025-07-25T07:30:07.992367,BTC-USDT,115000.0,115564.48,1.001,0.0001
2025-07-25T07:30:09.003067,LTC-USDT,111.59,111.63,109.933,100.624
2025-07-25T07:30:09.018842,XRP-USDT,3.0804,3.0805,58441.2,25336.6
2025-07-25T07:30:09.029594,SOL-USDT,177.37,177.42,125.783,91.747
2025-07-25T07:30:09.031493,ETH-USDT,3635.86,3635.95,7.297,3.27
2025-07-25T07:30:09.044052,BTC-USDT,115557.67,115557.68,29.1423,1.4634
2025-07-25T07:30:10.053206,LTC-USDT,111.62,111.65,106.11,74.35
2025-07-25T07:30:10.079843,SOL-USDT,177.43,177.47,113.33,97.58
2025-07-25T07:30:10.079881,ETH-USDT,3636.16,3636.25,5.6,0.777
2025-07-25T07:30:10.091951,BTC-USDT,115586.63,115586.64,24.5264,2.5241
2025-07-25T07:30:11.100879,LTC-USDT,111.62,111.65,106.11,74.35
2025-07-25T07:30:11.114429,XRP-USDT,3.0816,3.0817,71958.1,63235.1
2025-07-25T07:30:11.125291,SOL-USDT,177.43,177.47,113.33,97.58
2025-07-25T07:30:11.127291,ETH-USDT,3636.83,3636.92,7.559,3.186
2025-07-25T07:30:12.149153,LTC-USDT,111.65,111.69,111.352,42.879
2025-07-25T07:30:12.163272,XRP-USDT,3.0816,3.0817,71958.1,63235.1
2025-07-25T07:30:12.172750,SOL-USDT,177.47,177.51,131.25,128.408
2025-07-25T07:30:12.174278,ETH-USDT,3637.17,3637.26,6.595,1.591
2025-07-25T07:30:12.188085,BTC-USDT,115602.49,115602.5,29.2556,1.1413
2025-07-25T07:30:13.211116,XRP-USDT,3.0825,3.0826,10927.3,9939.6
2025-07-25T07:30:13.221857,SOL-USDT,177.46,177.51,103.104,128.408
2025-07-25T07:30:13.223393,ETH-USDT,3636.83,3636.92,7.559,5.389
2025-07-25T07:30:14.264074,SOL-USDT,177.5,177.53,108.206,126.808
2025-07-25T07:30:14.265374,ETH-USDT,3637.27,3637.38,7.66,6.679
2025-07-25T07:30:14.275758,BTC-USDT,115604.0,115604.01,0.9744,20.2967
2025-07-25T07:30:15.284167,LTC-USDT,111.68,111.72,126.652,19.353
2025-07-25T07:30:15.295703,XRP-USDT,3.0826,3.0827,76046.9,16202.6
2025-07-25T07:30:15.305260,SOL-USDT,177.53,177.57,95.241,118.351
2025-07-25T07:30:15.306822,ETH-USDT,3637.79,3637.88,7.605,0.063
2025-07-25T07:30:15.319390,BTC-USDT,115604.0,115604.01,0.9744,20.2967
2025-07-25T07:30:16.328918,LTC-USDT,111.68,111.74,126.652,38.79
2025-07-25T07:30:16.350822,SOL-USDT,177.53,177.57,95.241,118.351
2025-07-25T07:30:16.352211,ETH-USDT,3637.64,3637.73,7.092,5.773
2025-07-25T07:30:16.363523,BTC-USDT,115604.0,115604.01,0.9744,20.2967
2025-07-25T07:30:17.377408,LTC-USDT,111.67,111.71,32.861,73.614
2025-07-25T07:30:17.387443,XRP-USDT,3.0828,3.0829,12953.7,12867.9
2025-07-25T07:30:17.396652,SOL-USDT,177.5,177.53,106.766,92.972
2025-07-25T07:30:17.398247,ETH-USDT,3637.43,3637.52,7.392,1.87
2025-07-25T07:30:18.418097,LTC-USDT,111.65,111.71,111.352,73.614
2025-07-25T07:30:18.440036,SOL-USDT,177.48,177.51,118.365,119.223
2025-07-25T07:30:18.441148,ETH-USDT,3637.38,3637.52,3.525,1.87
2025-07-25T07:30:18.453303,BTC-USDT,115604.0,115604.01,0.9744,20.2967
2025-07-25T07:30:19.461963,LTC-USDT,111.61,111.64,48.267,104.91
2025-07-25T07:30:19.474862,XRP-USDT,3.0811,3.0812,10558.5,54325.4
2025-07-25T07:30:19.484264,SOL-USDT,177.42,177.47,124.433,129.293
2025-07-25T07:30:19.485859,ETH-USDT,3635.95,3636.12,6.724,7.733
2025-07-25T07:30:19.497259,BTC-USDT,115000.0,115604.01,1.001,20.2967
2025-07-25T07:30:20.509487,LTC-USDT,111.57,111.61,80.636,80.994
2025-07-25T07:30:20.533369,SOL-USDT,177.37,177.4,125.783,115.947
2025-07-25T07:30:20.534943,ETH-USDT,3635.95,3636.43,6.63,1.793
2025-07-25T07:30:20.545156,BTC-USDT,115580.88,115580.89,2.4673,16.5991
2025-07-25T07:30:21.555531,LTC-USDT,111.57,111.61,80.636,80.994
2025-07-25T07:30:21.570441,XRP-USDT,3.0803,3.0804,22799.4,9156.2
2025-07-25T07:30:21.578823,SOL-USDT,177.36,177.41,104.644,106.248
2025-07-25T07:30:21.580213,ETH-USDT,3636.34,3636.43,7.776,1.793
2025-07-25T07:30:22.599668,LTC-USDT,111.57,111.61,80.636,80.994
2025-07-25T07:30:22.622611,SOL-USDT,177.44,177.47,130.757,129.293
2025-07-25T07:30:22.624763,ETH-USDT,3637.18,3637.27,6.358,1.738
2025-07-25T07:30:22.634932,BTC-USDT,115580.0,115580.01,0.0452,15.6193
2025-07-25T07:30:23.646237,LTC-USDT,111.6,111.64,88.106,104.91
2025-07-25T07:30:23.660432,XRP-USDT,3.0806,3.0807,48943.4,14106.6
2025-07-25T07:30:23.671105,SOL-USDT,177.48,177.51,111.406,119.223
2025-07-25T07:30:23.673182,ETH-USDT,3637.6,3637.69,7.275,1.055
2025-07-25T07:30:23.684006,BTC-USDT,115580.0,115580.01,0.0452,15.6193
2025-07-25T07:30:24.692673,LTC-USDT,111.6,111.64,88.106,104.91
2025-07-25T07:30:24.716885,SOL-USDT,177.44,177.47,130.757,100.682
2025-07-25T07:30:24.725974,ETH-USDT,3637.25,3637.34,0.806,5.602
2025-07-25T07:30:25.743176,LTC-USDT,111.59,111.64,23.452,104.91
2025-07-25T07:30:25.754868,XRP-USDT,3.0805,3.0806,46214.0,24785.8
2025-07-25T07:30:25.764237,SOL-USDT,177.44,177.51,130.757,119.223
2025-07-25T07:30:25.766124,ETH-USDT,3637.59,3637.69,7.876,1.055
2025-07-25T07:30:25.778652,BTC-USDT,115580.0,115580.01,0.0452,15.6193
2025-07-25T07:30:26.801344,XRP-USDT,3.0816,3.0817,26582.9,27004.0
2025-07-25T07:30:26.811622,SOL-USDT,177.47,177.53,108.397,130.553
2025-07-25T07:30:26.813114,ETH-USDT,3637.66,3637.75,6.22,0.651
2025-07-25T07:30:27.846691,XRP-USDT,3.0816,3.0817,26582.9,27004.0
2025-07-25T07:30:27.861311,ETH-USDT,3637.95,3638.04,6.451,5.173
2025-07-25T07:30:27.871923,BTC-USDT,115580.0,115580.01,0.0452,15.6193
2025-07-25T07:30:28.881061,LTC-USDT,111.62,111.67,125.986,35.873
2025-07-25T07:30:28.904057,SOL-USDT,177.46,177.53,107.845,130.553
2025-07-25T07:30:28.905709,ETH-USDT,3637.25,3637.49,0.806,5.354
2025-07-25T07:30:29.930055,LTC-USDT,111.61,111.64,50.157,60.403
2025-07-25T07:30:29.942956,XRP-USDT,3.0814,3.0815,38553.8,53894.9
2025-07-25T07:30:29.951991,SOL-USDT,177.41,177.45,130.491,100.71
2025-07-25T07:30:29.953341,ETH-USDT,3637.4,3637.49,7.363,5.354
2025-07-25T07:30:29.964393,BTC-USDT,115580.0,115580.01,0.0452,15.6193
2025-07-25T07:30:30.974036,LTC-USDT,111.61,111.64,50.157,81.432
2025-07-25T07:30:30.986951,XRP-USDT,3.0811,3.0812,11713.0,90808.6
2025-07-25T07:30:30.997172,SOL-USDT,177.46,177.49,93.951,132.783
2025-07-25T07:30:30.999501,ETH-USDT,3637.4,3637.49,7.363,6.823
2025-07-25T07:30:32.020646,LTC-USDT,111.59,111.64,77.489,81.432
2025-07-25T07:30:32.060622,BTC-USDT,115580.0,115580.01,0.0452,15.6193
2025-07-25T07:30:33.082123,XRP-USDT,3.0817,3.0818,9996.5,21705.6
2025-07-25T07:30:33.091716,SOL-USDT,177.44,177.5,123.559,118.88
2025-07-25T07:30:33.093160,ETH-USDT,3637.72,3638.04,7.206,5.173
2025-07-25T07:30:34.225549,SOL-USDT,177.44,177.47,123.559,120.814
2025-07-25T07:30:34.230134,ETH-USDT,3637.03,3637.12,6.901,0.282
2025-07-25T07:30:34.243860,BTC-USDT,115580.0,115580.01,0.0452,15.6193
2025-07-25T07:30:35.256976,LTC-USDT,111.57,111.61,80.636,68.303
2025-07-25T07:30:35.269589,XRP-USDT,3.0812,3.0813,34015.4,9893.5
2025-07-25T07:30:35.279111,SOL-USDT,177.42,177.47,122.547,120.814
2025-07-25T07:30:35.280908,ETH-USDT,3637.4,3637.49,6.11,2.868
2025-07-25T07:30:36.301262,LTC-USDT,111.59,111.64,90.676,81.432
2025-07-25T07:30:36.336300,BTC-USDT,115580.0,115580.01,0.0452,15.6193
2025-07-25T07:30:37.369889,ETH-USDT,3637.43,3637.52,6.79,4.936
2025-07-25T07:30:38.390950,LTC-USDT,111.57,111.61,80.636,85.146
2025-07-25T07:30:38.425733,BTC-USDT,115580.0,115580.01,0.0452,15.6193
2025-07-25T07:30:39.435093,LTC-USDT,111.56,111.61,28.906,85.146
2025-07-25T07:30:39.448814,XRP-USDT,3.0804,3.0805,36877.4,25736.4
2025-07-25T07:30:39.459055,SOL-USDT,177.41,177.47,130.491,120.814
2025-07-25T07:30:39.460624,ETH-USDT,3637.64,3637.73,6.523,7.281
2025-07-25T07:30:39.471831,BTC-USDT,115580.0,115580.01,0.0452,15.6193
2025-07-25T07:30:40.481631,LTC-USDT,111.55,111.61,43.759,85.146
2025-07-25T07:30:40.505439,SOL-USDT,177.39,177.43,124.469,91.808
2025-07-25T07:30:40.507442,ETH-USDT,3636.95,3637.21,7.226,5.329
2025-07-25T07:30:41.527896,LTC-USDT,111.55,111.58,43.759,82.095
2025-07-25T07:30:41.550571,SOL-USDT,177.38,177.41,134.474,128.469
2025-07-25T07:30:41.552493,ETH-USDT,3636.95,3637.05,7.226,6.063
2025-07-25T07:30:42.575131,LTC-USDT,111.55,111.61,43.759,33.206
2025-07-25T07:30:42.600401,ETH-USDT,3636.43,3636.52,0.042,6.087
2025-07-25T07:30:42.611559,BTC-USDT,115580.0,115580.01,0.0452,15.6193
2025-07-25T07:30:43.622966,LTC-USDT,111.58,111.61,94.452,33.206
2025-07-25T07:30:43.650198,SOL-USDT,177.37,177.43,131.386,109.555
2025-07-25T07:30:43.650958,ETH-USDT,3636.39,3636.92,5.889,4.076
2025-07-25T07:30:43.665616,BTC-USDT,115580.0,115580.01,0.0452,15.6193
2025-07-25T07:30:44.675764,LTC-USDT,111.58,111.62,94.452,35.008
2025-07-25T07:30:44.705028,SOL-USDT,177.32,177.39,110.162,105.895
2025-07-25T07:30:44.706133,ETH-USDT,3636.34,3636.65,0.091,7.535
2025-07-25T07:30:45.730500,LTC-USDT,111.57,111.62,34.008,35.008
2025-07-25T07:30:45.748573,XRP-USDT,3.0797,3.0798,52066.7,650.0
2025-07-25T07:30:45.759518,SOL-USDT,177.33,177.36,105.034,110.764
2025-07-25T07:30:45.763968,ETH-USDT,3636.34,3636.65,0.091,7.535
2025-07-25T07:30:46.783279,LTC-USDT,111.59,111.62,104.781,35.008
2025-07-25T07:30:46.797439,XRP-USDT,3.0808,3.0809,38328.7,23358.2
2025-07-25T07:30:46.808023,SOL-USDT,177.4,177.43,131.198,109.555
2025-07-25T07:30:46.810156,ETH-USDT,3637.07,3637.16,7.045,0.534
2025-07-25T07:30:46.825168,BTC-USDT,115580.0,115580.01,0.0452,15.6193
2025-07-25T07:30:47.835726,LTC-USDT,111.6,111.62,116.906,0.089
2025-07-25T07:30:47.853085,XRP-USDT,3.0808,3.0809,38328.7,23358.2
2025-07-25T07:30:47.865452,SOL-USDT,177.4,177.44,131.198,99.99
2025-07-25T07:30:47.870008,ETH-USDT,3637.07,3637.16,7.045,0.534
2025-07-25T07:30:47.881472,BTC-USDT,115580.0,115580.01,0.0452,15.6193
2025-07-25T07:30:48.892325,LTC-USDT,111.6,111.62,116.906,0.089
2025-07-25T07:30:48.919660,SOL-USDT,177.37,177.4,96.852,91.717
2025-07-25T07:30:48.921325,ETH-USDT,3637.61,3637.7,5.438,3.159
2025-07-25T07:30:49.956460,XRP-USDT,3.081,3.0811,44852.6,42760.4
2025-07-25T07:30:49.965773,SOL-USDT,177.37,177.41,96.852,127.205
2025-07-25T07:30:49.967130,ETH-USDT,3637.61,3637.7,5.438,3.159
2025-07-25T07:30:49.978127,BTC-USDT,115580.0,115580.01,0.0452,15.6193
2025-07-25T07:30:50.998711,XRP-USDT,3.0811,3.0812,35056.3,43281.9
2025-07-25T07:30:52.074563,BTC-USDT,115580.0,115580.01,0.0452,15.6193
2025-07-25T07:30:53.111529,SOL-USDT,177.35,177.38,127.258,98.242
2025-07-25T07:30:53.112374,ETH-USDT,3637.18,3637.28,5.251,5.305
2025-07-25T07:30:54.133317,LTC-USDT,111.59,111.62,104.781,0.089
2025-07-25T07:30:54.154505,SOL-USDT,177.33,177.38,105.034,98.242
2025-07-25T07:30:54.156302,ETH-USDT,3637.18,3637.28,5.251,5.305
2025-07-25T07:30:54.168727,BTC-USDT,115580.0,115580.01,0.0452,15.6193
2025-07-25T07:30:55.192673,XRP-USDT,3.081,3.0811,44852.6,5785.5
2025-07-25T07:30:55.203284,SOL-USDT,177.37,177.41,90.269,130.158
2025-07-25T07:30:56.249080,ETH-USDT,3637.56,3637.65,6.574,7.856
2025-07-25T07:30:56.260217,BTC-USDT,115580.0,115580.01,0.0452,15.6193
2025-07-25T07:30:57.284874,XRP-USDT,3.0815,3.0816,21999.6,20858.8
2025-07-25T07:30:57.295719,SOL-USDT,177.37,177.42,90.269,112.114
2025-07-25T07:30:57.308849,BTC-USDT,115580.0,115580.01,0.0452,15.6193
2025-07-25T07:30:58.406099,SOL-USDT,177.4,177.44,126.841,99.99
2025-07-25T07:30:58.421460,BTC-USDT,115580.0,115580.01,0.0452,15.6193
2025-07-25T07:30:59.443351,XRP-USDT,3.0817,3.0818,17628.5,21705.6
2025-07-25T07:30:59.454429,SOL-USDT,177.4,177.44,126.841,99.99
2025-07-25T07:30:59.467716,BTC-USDT,115580.0,115580.01,0.0452,15.6193
2025-07-25T07:31:00.499554,SOL-USDT,177.37,177.44,110.884,99.99
2025-07-25T07:31:00.500964,ETH-USDT,3637.28,3637.37,6.405,0.295
2025-07-25T07:31:01.533839,XRP-USDT,3.0818,3.0819,42186.6,17860.5
2025-07-25T07:31:01.543192,SOL-USDT,177.37,177.44,110.884,99.99
2025-07-25T07:31:01.544801,ETH-USDT,3637.55,3637.65,5.717,7.856
2025-07-25T07:31:02.588453,SOL-USDT,177.41,177.44,116.774,99.99
2025-07-25T07:31:02.590327,ETH-USDT,3637.06,3637.15,6.014,6.558
2025-07-25T07:31:02.601834,BTC-USDT,115580.0,115580.01,0.0452,15.6193
2025-07-25T07:31:03.623763,XRP-USDT,3.0815,3.0816,21999.6,11589.8
2025-07-25T07:31:03.633257,SOL-USDT,177.37,177.41,110.884,128.659
2025-07-25T07:31:03.646632,BTC-USDT,115580.0,115580.01,0.0452,15.6193
2025-07-25T07:31:04.670920,XRP-USDT,3.0815,3.0816,21999.6,11589.8
2025-07-25T07:31:04.682475,SOL-USDT,177.35,177.41,95.283,128.659
2025-07-25T07:31:04.684380,ETH-USDT,3636.6,3636.69,0.273,7.315
2025-07-25T07:31:05.706407,LTC-USDT,111.55,111.61,43.759,124.354
2025-07-25T07:31:05.719311,XRP-USDT,3.082,3.0821,16954.1,169874.6
2025-07-25T07:31:05.729127,SOL-USDT,177.33,177.38,105.034,93.725
2025-07-25T07:31:05.730560,ETH-USDT,3636.53,3636.62,0.125,6.701
2025-07-25T07:31:05.741883,BTC-USDT,115580.0,115580.01,0.0452,15.6193
2025-07-25T07:31:06.767007,XRP-USDT,3.082,3.0821,16954.1,169873.3
2025-07-25T07:31:06.777745,SOL-USDT,177.32,177.35,111.336,92.081
2025-07-25T07:31:06.778962,ETH-USDT,3636.13,3636.22,0.033,6.549
2025-07-25T07:31:06.790265,BTC-USDT,115580.0,115580.01,0.0452,15.6193
2025-07-25T07:31:07.800112,LTC-USDT,111.58,111.62,89.861,0.089
2025-07-25T07:31:07.813064,XRP-USDT,3.0814,3.0815,34382.9,42724.2
2025-07-25T07:31:07.823395,SOL-USDT,177.39,177.42,98.795,121.445
2025-07-25T07:31:07.824951,ETH-USDT,3636.7,3636.79,5.43,0.08
2025-07-25T07:31:07.837122,BTC-USDT,115580.0,115580.01,0.0452,15.6193
2025-07-25T07:31:08.846881,LTC-USDT,111.61,111.62,29.956,0.089
2025-07-25T07:31:08.859982,XRP-USDT,3.0814,3.0815,34382.9,42724.2
2025-07-25T07:31:08.870007,SOL-USDT,177.39,177.44,98.795,108.745
2025-07-25T07:31:08.871678,ETH-USDT,3636.95,3637.04,6.468,0.849
2025-07-25T07:31:09.894192,LTC-USDT,111.6,111.62,31.013,0.089
2025-07-25T07:31:09.910130,XRP-USDT,3.0834,3.0835,65898.0,31801.3
2025-07-25T07:31:09.926149,ETH-USDT,3636.95,3637.04,6.468,0.849
2025-07-25T07:31:09.940401,BTC-USDT,115580.0,115580.01,0.0452,15.6193
2025-07-25T07:31:10.962579,XRP-USDT,3.0838,3.0839,74934.1,27225.6
2025-07-25T07:31:10.971860,SOL-USDT,177.42,177.45,130.274,103.459
2025-07-25T07:31:11.993080,LTC-USDT,111.6,111.62,31.013,0.089
2025-07-25T07:31:12.014453,SOL-USDT,177.42,177.47,130.274,120.814
2025-07-25T07:31:12.016062,ETH-USDT,3637.68,3638.04,7.336,1.592
2025-07-25T07:31:12.028248,BTC-USDT,115580.0,115580.01,0.0452,15.6193
2025-07-25T07:31:13.041586,LTC-USDT,111.6,111.62,31.013,0.089
2025-07-25T07:31:13.053871,XRP-USDT,3.085,3.0851,41529.3,91379.6
2025-07-25T07:31:13.066264,SOL-USDT,177.46,177.5,99.924,106.898
2025-07-25T07:31:13.067489,ETH-USDT,3637.43,3637.52,7.565,5.635
2025-07-25T07:31:14.090506,LTC-USDT,111.57,111.6,37.183,73.827
2025-07-25T07:31:14.103371,XRP-USDT,3.085,3.0851,41529.3,91379.6
2025-07-25T07:31:14.112906,SOL-USDT,177.39,177.42,98.795,92.8
2025-07-25T07:31:14.114578,ETH-USDT,3635.95,3636.11,6.63,3.557
2025-07-25T07:31:14.126991,BTC-USDT,115580.0,115580.01,0.0452,15.6193
2025-07-25T07:31:15.136625,LTC-USDT,111.57,111.6,37.183,73.827
2025-07-25T07:31:15.151529,XRP-USDT,3.0832,3.0833,81549.0,2591.7
2025-07-25T07:31:15.161895,SOL-USDT,177.38,177.42,110.507,92.8
2025-07-25T07:31:15.163262,ETH-USDT,3636.89,3636.98,5.575,0.108
2025-07-25T07:31:16.187051,LTC-USDT,111.57,111.6,37.183,73.827
2025-07-25T07:31:16.209032,SOL-USDT,177.38,177.43,110.507,114.417
2025-07-25T07:31:16.221544,BTC-USDT,115580.0,115580.01,0.0452,15.6193
2025-07-25T07:31:17.231907,LTC-USDT,111.6,111.62,30.252,0.089
2025-07-25T07:31:17.245364,XRP-USDT,3.0842,3.0843,89741.1,19713.2
2025-07-25T07:31:17.255301,SOL-USDT,177.41,177.45,128.93,125.793
2025-07-25T07:31:17.256871,ETH-USDT,3637.78,3637.87,5.981,4.177
2025-07-25T07:31:17.269490,BTC-USDT,115580.0,115580.01,0.0452,15.6193
2025-07-25T07:31:18.278447,LTC-USDT,111.6,111.62,30.252,0.089
2025-07-25T07:31:18.295042,XRP-USDT,3.0842,3.0843,89741.1,19713.2
2025-07-25T07:31:18.305171,SOL-USDT,177.41,177.45,128.93,125.793
2025-07-25T07:31:18.307331,ETH-USDT,3637.87,3637.96,6.183,0.078
2025-07-25T07:31:19.331050,LTC-USDT,111.6,111.62,30.252,0.089
2025-07-25T07:31:19.343330,XRP-USDT,3.0852,3.0853,92336.9,1593.3
2025-07-25T07:31:19.353461,SOL-USDT,177.44,177.48,111.857,114.23
2025-07-25T07:31:19.355100,ETH-USDT,3637.58,3637.67,7.213,1.14
2025-07-25T07:31:20.378733,LTC-USDT,111.6,111.62,30.252,0.089
2025-07-25T07:31:20.402297,ETH-USDT,3637.95,3638.04,7.893,1.592
2025-07-25T07:31:20.413547,BTC-USDT,115590.46,115590.47,29.0092,1.1538
2025-07-25T07:31:21.424424,LTC-USDT,111.6,111.62,30.252,0.089
2025-07-25T07:31:21.436167,XRP-USDT,3.0854,3.0855,43658.7,14869.4
2025-07-25T07:31:21.448919,ETH-USDT,3637.39,3638.04,7.789,1.592
2025-07-25T07:31:21.462848,BTC-USDT,115590.46,115590.47,29.0092,1.1538
2025-07-25T07:31:22.473145,LTC-USDT,111.6,111.62,30.252,0.089
2025-07-25T07:31:22.496635,SOL-USDT,177.43,177.48,46.64,114.23
2025-07-25T07:31:22.497320,ETH-USDT,3637.56,3637.65,1.225,7.768
2025-07-25T07:31:23.517895,LTC-USDT,111.6,111.62,30.252,0.089
2025-07-25T07:31:23.530452,XRP-USDT,3.0851,3.0852,58690.3,20316.9
2025-07-25T07:31:23.544314,ETH-USDT,3637.61,3637.7,6.68,0.02
2025-07-25T07:31:24.567558,LTC-USDT,111.6,111.62,30.252,0.089
2025-07-25T07:31:24.581270,XRP-USDT,3.0859,3.086,10680.3,9288.8
2025-07-25T07:31:24.593156,ETH-USDT,3638.5,3638.69,6.583,7.575
2025-07-25T07:31:24.605104,BTC-USDT,115590.46,115590.47,29.0092,1.1538
2025-07-25T07:31:25.613997,LTC-USDT,111.6,111.62,30.252,0.089
2025-07-25T07:31:25.636763,ETH-USDT,3638.05,3638.14,6.317,6.97
2025-07-25T07:31:25.649348,BTC-USDT,115584.73,115590.47,0.0001,1.1538
2025-07-25T07:31:26.657613,LTC-USDT,111.6,111.62,30.252,0.089
2025-07-25T07:31:26.678111,SOL-USDT,177.41,177.44,128.93,97.88
2025-07-25T07:31:26.692589,BTC-USDT,115586.11,115586.12,0.4977,28.5591
2025-07-25T07:31:27.704364,LTC-USDT,111.6,111.62,30.252,0.089
2025-07-25T07:31:27.718713,XRP-USDT,3.0854,3.0855,34009.6,24440.0
2025-07-25T07:31:27.729560,SOL-USDT,177.41,177.48,128.93,114.23
2025-07-25T07:31:27.731455,ETH-USDT,3637.59,3638.08,1.762,5.8
2025-07-25T07:31:27.751896,BTC-USDT,115574.13,115574.14,6.687,24.4413
2025-07-25T07:31:28.760628,LTC-USDT,111.6,111.62,30.252,0.089
2025-07-25T07:31:28.773382,XRP-USDT,3.0864,3.0865,43920.2,52080.1
2025-07-25T07:31:28.783044,SOL-USDT,177.44,177.48,106.559,114.23
2025-07-25T07:31:28.784613,ETH-USDT,3637.68,3637.77,6.171,0.265
2025-07-25T07:31:29.827383,SOL-USDT,177.44,177.48,106.559,114.23
2025-07-25T07:31:29.828715,ETH-USDT,3637.68,3637.77,6.171,0.265
2025-07-25T07:31:29.840962,BTC-USDT,115574.13,115574.14,6.687,24.4413
2025-07-25T07:31:30.849833,LTC-USDT,111.6,111.62,30.252,0.089
2025-07-25T07:31:31.893611,LTC-USDT,111.6,111.62,30.252,0.089
2025-07-25T07:31:31.906935,XRP-USDT,3.0858,3.0859,47107.5,13841.9
2025-07-25T07:31:31.931752,BTC-USDT,115574.13,115574.14,6.687,24.4413
2025-07-25T07:31:32.941146,LTC-USDT,111.6,111.62,30.252,0.089
2025-07-25T07:31:32.953903,XRP-USDT,3.0853,3.0854,24996.9,19969.0
2025-07-25T07:31:33.986832,LTC-USDT,111.6,111.62,30.252,0.089
2025-07-25T07:31:34.008200,ETH-USDT,3637.34,3637.77,6.555,0.265
2025-07-25T07:31:34.019408,BTC-USDT,115574.13,115574.14,6.687,24.4413
2025-07-25T07:31:35.333648,LTC-USDT,111.6,111.62,30.252,0.089
2025-07-25T07:31:35.333666,XRP-USDT,3.0857,3.0858,62526.4,35781.9
2025-07-25T07:31:35.333683,SOL-USDT,177.45,177.5,107.11,106.898
2025-07-25T07:31:35.333700,ETH-USDT,3638.45,3638.86,6.39,7.319
2025-07-25T07:31:36.074764,LTC-USDT,111.6,111.62,30.252,0.089
2025-07-25T07:31:36.100391,ETH-USDT,3639.25,3639.34,7.099,1.325
2025-07-25T07:31:36.112435,BTC-USDT,115577.99,115578.0,13.727,0.0888
2025-07-25T07:31:37.122409,LTC-USDT,111.6,111.62,30.252,0.089
2025-07-25T07:31:37.135309,XRP-USDT,3.0873,3.0874,80082.1,16882.8
2025-07-25T07:31:37.144168,SOL-USDT,177.48,177.52,94.124,94.757
2025-07-25T07:31:37.145775,ETH-USDT,3639.77,3639.86,7.537,5.901
2025-07-25T07:31:38.166998,LTC-USDT,111.6,111.62,30.252,0.089
2025-07-25T07:31:38.189631,SOL-USDT,177.51,177.54,110.281,93.276
2025-07-25T07:31:38.191155,ETH-USDT,3639.95,3640.08,7.224,6.572
2025-07-25T07:31:38.201928,BTC-USDT,115587.5,115587.51,21.7527,0.1809
2025-07-25T07:31:39.211389,LTC-USDT,111.86,111.9,93.886,16.139
2025-07-25T07:31:39.223764,XRP-USDT,3.089,3.0891,12154.0,65150.8
2025-07-25T07:31:39.234659,SOL-USDT,177.54,177.59,130.206,116.092
2025-07-25T07:31:39.248157,BTC-USDT,115587.5,115587.51,21.7527,0.1809
2025-07-25T07:31:40.296170,BTC-USDT,115603.95,115603.96,1.8553,11.5926
2025-07-25T07:31:41.308184,LTC-USDT,111.89,111.94,65.827,33.084
2025-07-25T07:31:41.332967,SOL-USDT,177.57,177.63,94.452,100.822
2025-07-25T07:31:41.334615,ETH-USDT,3640.61,3640.7,7.119,1.455
2025-07-25T07:31:42.363384,LTC-USDT,111.89,111.94,65.827,33.084
2025-07-25T07:31:42.380990,SOL-USDT,177.6,177.63,121.877,100.822
2025-07-25T07:31:42.391392,ETH-USDT,3640.46,3640.55,5.581,6.141
2025-07-25T07:31:42.395508,BTC-USDT,115603.95,115603.96,1.8553,11.5926
2025-07-25T07:31:43.405841,LTC-USDT,111.92,111.97,95.973,16.175
2025-07-25T07:31:43.417946,XRP-USDT,3.0897,3.0898,59614.4,35587.8
2025-07-25T07:31:43.429948,ETH-USDT,3640.46,3640.55,5.581,6.141
2025-07-25T07:31:43.441799,BTC-USDT,115603.95,115603.96,1.8553,11.5926
2025-07-25T07:31:44.452849,LTC-USDT,111.95,111.98,120.548,5.213
2025-07-25T07:31:44.477962,SOL-USDT,177.63,177.66,96.735,93.756
2025-07-25T07:31:44.479326,ETH-USDT,3640.46,3640.7,5.581,1.455
2025-07-25T07:31:44.492601,BTC-USDT,115603.95,115603.96,1.8553,11.5926
2025-07-25T07:31:45.503581,LTC-USDT,111.92,111.96,95.973,50.816
2025-07-25T07:31:45.526556,SOL-USDT,177.6,177.63,121.877,118.578
2025-07-25T07:31:46.549080,LTC-USDT,111.93,111.98,71.375,5.213
2025-07-25T07:31:46.561426,XRP-USDT,3.0897,3.0898,59614.4,35587.8
2025-07-25T07:31:46.571093,SOL-USDT,177.63,177.66,112.456,93.756
2025-07-25T07:31:46.572712,ETH-USDT,3639.95,3640.31,7.224,7.151
2025-07-25T07:31:46.584574,BTC-USDT,115595.91,115595.92,0.0038,44.1997
2025-07-25T07:31:47.611278,XRP-USDT,3.0908,3.0909,260.5,41979.6
2025-07-25T07:31:47.624471,ETH-USDT,3640.22,3640.31,0.195,7.151
2025-07-25T07:31:47.635011,BTC-USDT,115595.91,115595.92,0.0038,44.1997
2025-07-25T07:31:48.665995,SOL-USDT,177.6,177.66,121.877,93.756
2025-07-25T07:31:48.681616,BTC-USDT,115595.91,115595.92,0.0038,44.1997
2025-07-25T07:31:49.691205,LTC-USDT,111.91,111.95,38.543,59.071
2025-07-25T07:31:49.707307,XRP-USDT,3.0897,3.0898,59614.4,24572.1
2025-07-25T07:31:49.717573,SOL-USDT,177.57,177.61,120.057,114.391
2025-07-25T07:31:49.719266,ETH-USDT,3639.6,3639.69,5.313,6.383
2025-07-25T07:31:49.732730,BTC-USDT,115595.58,115595.59,0.032,37.0829
2025-07-25T07:31:50.742050,LTC-USDT,111.91,111.95,38.543,59.071
2025-07-25T07:31:50.757280,XRP-USDT,3.089,3.0898,12154.0,24572.1
2025-07-25T07:31:51.835448,LTC-USDT,111.93,111.96,102.02,16.292
2025-07-25T07:31:51.850435,XRP-USDT,3.089,3.0891,12154.0,28736.8
2025-07-25T07:31:51.864034,SOL-USDT,177.61,177.65,126.804,122.538
2025-07-25T07:31:51.864073,ETH-USDT,3640.14,3640.23,7.241,1.798
2025-07-25T07:31:51.877103,BTC-USDT,115595.58,115595.59,0.032,37.0829
2025-07-25T07:31:52.886109,LTC-USDT,111.96,111.99,124.066,5.244
2025-07-25T07:31:52.901598,XRP-USDT,3.0895,3.0896,55193.3,90316.2
2025-07-25T07:31:52.911327,SOL-USDT,177.61,177.66,126.804,126.186
2025-07-25T07:31:52.912992,ETH-USDT,3640.5,3640.59,5.868,7.034
2025-07-25T07:31:52.925900,BTC-USDT,115595.58,115595.59,0.032,37.0829
2025-07-25T07:31:53.935639,LTC-USDT,111.96,111.99,124.066,5.244
2025-07-25T07:31:53.971398,BTC-USDT,115595.58,115595.59,0.032,37.0829
2025-07-25T07:31:54.992315,XRP-USDT,3.0901,3.0902,11684.4,25641.4
2025-07-25T07:31:55.003742,ETH-USDT,3640.18,3640.27,0.139,5.972
2025-07-25T07:31:56.025774,LTC-USDT,111.91,111.96,38.543,48.482
2025-07-25T07:31:56.048143,SOL-USDT,177.57,177.6,108.965,110.413
2025-07-25T07:31:56.049704,ETH-USDT,3639.66,3639.98,1.199,6.941
2025-07-25T07:31:56.062373,BTC-USDT,115582.43,115582.44,0.3097,20.4712
2025-07-25T07:31:57.083261,XRP-USDT,3.0879,3.088,77705.7,54380.6
2025-07-25T07:31:57.092722,SOL-USDT,177.52,177.57,113.884,90.11
2025-07-25T07:31:57.094285,ETH-USDT,3639.34,3639.43,0.161,5.466
2025-07-25T07:31:57.106419,BTC-USDT,115582.43,115582.44,0.3097,20.4712
2025-07-25T07:31:58.116077,LTC-USDT,111.91,111.96,38.543,48.482
2025-07-25T07:31:58.155099,BTC-USDT,115580.0,115580.01,0.0383,24.342
2025-07-25T07:31:59.193679,ETH-USDT,3639.08,3639.17,6.915,7.772
2025-07-25T07:32:00.216966,LTC-USDT,111.93,111.97,95.444,21.025
2025-07-25T07:32:00.240939,ETH-USDT,3639.34,3639.43,5.307,5.466
2025-07-25T07:32:00.255257,BTC-USDT,115580.0,115580.01,0.0383,24.342
2025-07-25T07:32:01.265495,LTC-USDT,111.9,111.94,17.368,38.802
2025-07-25T07:32:01.279922,XRP-USDT,3.0877,3.0878,26495.7,14672.8
2025-07-25T07:32:01.291704,ETH-USDT,3639.79,3639.88,4.78,7.672
2025-07-25T07:32:02.313547,LTC-USDT,111.94,111.97,78.182,10.581
2025-07-25T07:32:02.337249,SOL-USDT,177.59,177.62,95.506,129.792
2025-07-25T07:32:02.338870,ETH-USDT,3639.79,3639.91,4.78,7.33
2025-07-25T07:32:02.351201,BTC-USDT,115580.0,115580.01,0.0383,24.342
2025-07-25T07:32:03.360576,LTC-USDT,111.94,111.97,78.182,10.581
2025-07-25T07:32:03.373730,XRP-USDT,3.0885,3.0886,28287.5,102937.1
2025-07-25T07:32:03.388720,SOL-USDT,177.59,177.62,95.506,129.792
2025-07-25T07:32:03.400241,BTC-USDT,115580.0,115580.01,0.0383,24.342
2025-07-25T07:32:04.407951,LTC-USDT,111.9,111.94,17.368,52.114
2025-07-25T07:32:04.430075,SOL-USDT,177.53,177.59,118.33,97.026
2025-07-25T07:32:04.431687,ETH-USDT,3638.24,3638.39,7.825,6.371
2025-07-25T07:32:05.454318,LTC-USDT,111.85,111.88,36.968,36.423
2025-07-25T07:32:05.467052,XRP-USDT,3.0858,3.0859,25728.0,14438.3
2025-07-25T07:32:05.476729,SOL-USDT,177.48,177.51,134.595,128.175
2025-07-25T07:32:05.478844,ETH-USDT,3637.48,3637.57,5.453,6.629
2025-07-25T07:32:06.500503,LTC-USDT,111.8,111.85,21.88,38.597
2025-07-25T07:32:06.515146,XRP-USDT,3.0851,3.0852,18859.4,43086.2
2025-07-25T07:32:06.527049,SOL-USDT,177.45,177.48,107.11,96.436
2025-07-25T07:32:06.542126,BTC-USDT,115567.29,115567.3,0.0515,51.6832
2025-07-25T07:32:07.553311,LTC-USDT,111.79,111.82,23.795,48.321
2025-07-25T07:32:07.576409,SOL-USDT,177.42,177.48,113.67,96.436
2025-07-25T07:32:07.590085,BTC-USDT,115543.23,115900.0,0.0011,0.0086
2025-07-25T07:32:08.600395,LTC-USDT,111.79,111.82,23.795,47.507
2025-07-25T07:32:08.625579,ETH-USDT,3636.95,3637.3,6.15,5.799
2025-07-25T07:32:08.637075,BTC-USDT,115543.23,115543.24,0.0011,52.8309
2025-07-25T07:32:09.648295,LTC-USDT,111.77,111.82,36.937,47.507
2025-07-25T07:32:09.662180,XRP-USDT,3.0845,3.0846,12610.5,18945.7
2025-07-25T07:32:09.673775,ETH-USDT,3636.46,3636.91,5.575,7.33
2025-07-25T07:32:10.696862,LTC-USDT,111.74,111.79,24.086,62.131
2025-07-25T07:32:10.709639,XRP-USDT,3.0839,3.084,18236.2,10655.8
2025-07-25T07:32:10.719201,SOL-USDT,177.46,177.49,93.252,124.19
2025-07-25T07:32:10.720876,ETH-USDT,3636.46,3636.91,5.575,7.33
2025-07-25T07:32:10.732776,BTC-USDT,115540.34,115540.35,0.0002,23.6449
2025-07-25T07:32:11.741838,LTC-USDT,111.74,111.77,24.086,52.013
2025-07-25T07:32:11.755961,XRP-USDT,3.0839,3.084,18236.2,10655.8
2025-07-25T07:32:11.765378,SOL-USDT,177.46,177.49,93.252,124.19
2025-07-25T07:32:11.766901,ETH-USDT,3636.17,3636.26,0.128,5.463
2025-07-25T07:32:11.778296,BTC-USDT,115533.13,115533.14,0.0023,50.0803
2025-07-25T07:32:12.787834,LTC-USDT,111.72,111.77,37.064,52.013
2025-07-25T07:32:12.809825,SOL-USDT,177.42,177.46,113.67,124.034
2025-07-25T07:32:12.810976,ETH-USDT,3634.45,3634.67,6.629,6.347
2025-07-25T07:32:12.822311,BTC-USDT,115533.13,115533.14,0.0023,50.0803
2025-07-25T07:32:13.832184,LTC-USDT,111.64,111.67,17.383,27.753
2025-07-25T07:32:13.844802,XRP-USDT,3.082,3.0821,25508.7,27412.3
2025-07-25T07:32:13.854870,SOL-USDT,177.32,177.35,107.545,117.719
2025-07-25T07:32:13.856473,ETH-USDT,3633.67,3633.76,5.792,6.408
2025-07-25T07:32:13.869734,BTC-USDT,115478.0,115478.01,0.0069,27.1001
2025-07-25T07:32:14.881476,LTC-USDT,111.6,111.64,30.252,40.261
2025-07-25T07:32:14.897180,XRP-USDT,3.0798,3.0799,18255.6,46017.4
2025-07-25T07:32:14.908516,SOL-USDT,177.26,177.29,121.351,116.599
2025-07-25T07:32:14.910156,ETH-USDT,3632.35,3632.45,0.563,6.646
2025-07-25T07:32:15.933317,LTC-USDT,111.62,111.67,50.58,27.753
2025-07-25T07:32:15.955072,XRP-USDT,3.0798,3.0799,18255.6,46017.4
2025-07-25T07:32:15.959069,SOL-USDT,177.27,177.32,127.326,117.018
2025-07-25T07:32:15.960733,ETH-USDT,3632.82,3632.91,5.699,5.519
2025-07-25T07:32:15.974645,BTC-USDT,115473.54,115473.55,24.5596,6.0015
2025-07-25T07:32:16.985298,LTC-USDT,111.6,111.64,30.252,36.917
2025-07-25T07:32:17.006596,SOL-USDT,177.28,177.32,125.482,108.713
2025-07-25T07:32:17.008364,ETH-USDT,3632.97,3633.45,4.254,2.074
2025-07-25T07:32:17.020339,BTC-USDT,115473.54,115473.55,24.5596,6.0015
2025-07-25T07:32:18.030188,LTC-USDT,111.62,111.65,70.715,14.096
2025-07-25T07:32:18.045179,XRP-USDT,3.0798,3.0799,18255.6,46017.4
2025-07-25T07:32:18.055490,SOL-USDT,177.28,177.33,125.482,128.561
2025-07-25T07:32:18.056754,ETH-USDT,3633.68,3633.93,5.508,6.187
2025-07-25T07:32:18.069918,BTC-USDT,115473.54,115473.55,24.5596,6.0015
2025-07-25T07:32:19.091940,LTC-USDT,111.67,111.7,65.623,17.022
2025-07-25T07:32:19.095284,XRP-USDT,3.0818,3.0819,51435.8,123913.6
2025-07-25T07:32:19.107317,SOL-USDT,177.32,177.37,128.639,95.505
2025-07-25T07:32:19.112181,ETH-USDT,3635.42,3635.51,7.643,6.797
2025-07-25T07:32:20.131488,LTC-USDT,111.67,111.74,87.175,11.721
2025-07-25T07:32:20.143580,XRP-USDT,3.0818,3.0819,51435.8,123913.6
2025-07-25T07:32:20.153835,SOL-USDT,177.38,177.41,125.807,96.659
2025-07-25T07:32:20.155410,ETH-USDT,3635.03,3635.51,5.699,6.797
2025-07-25T07:32:20.167179,BTC-USDT,115496.73,115496.74,9.106,7.7652
2025-07-25T07:32:21.177086,LTC-USDT,111.66,111.71,24.378,44.413
2025-07-25T07:32:21.190169,XRP-USDT,3.0821,3.0822,33207.2,20271.2
2025-07-25T07:32:21.201010,SOL-USDT,177.36,177.41,134.079,96.659
2025-07-25T07:32:21.202152,ETH-USDT,3635.03,3635.13,5.699,7.663
2025-07-25T07:32:21.213569,BTC-USDT,115496.73,115496.74,9.106,7.7652
2025-07-25T07:32:22.249753,SOL-USDT,177.36,177.45,134.079,128.661
2025-07-25T07:32:22.257365,ETH-USDT,3634.67,3634.76,5.382,0.019
2025-07-25T07:32:22.264803,BTC-USDT,115496.73,115496.74,9.106,7.7652
2025-07-25T07:32:23.273752,LTC-USDT,111.69,111.74,78.162,16.111
2025-07-25T07:32:23.287885,XRP-USDT,3.0829,3.083,26277.7,34.3
2025-07-25T07:32:23.298285,SOL-USDT,177.41,177.45,118.756,128.661
2025-07-25T07:32:24.330154,LTC-USDT,111.72,111.75,65.95,14.319
2025-07-25T07:32:24.354189,SOL-USDT,177.47,177.51,114.516,128.175
2025-07-25T07:32:24.355945,ETH-USDT,3634.44,3634.97,7.484,0.198
2025-07-25T07:32:24.368603,BTC-USDT,115519.2,115519.21,10.9618,6.5688
2025-07-25T07:32:25.378000,LTC-USDT,111.69,111.75,78.162,14.319
2025-07-25T07:32:25.391096,XRP-USDT,3.0841,3.0842,65621.4,22005.4
2025-07-25T07:32:25.401476,SOL-USDT,177.44,177.49,129.606,110.49
2025-07-25T07:32:25.403746,ETH-USDT,3634.49,3634.7,6.289,5.322
2025-07-25T07:32:25.416944,BTC-USDT,115519.2,115519.21,10.9618,6.5688
2025-07-25T07:32:26.426947,LTC-USDT,111.68,111.71,26.656,39.65
2025-07-25T07:32:26.448447,SOL-USDT,177.39,177.43,93.384,120.344
2025-07-25T07:32:26.450413,ETH-USDT,3634.66,3635.14,3.073,7.603
2025-07-25T07:32:26.466435,BTC-USDT,115530.81,115530.82,0.1033,40.3012
2025-07-25T07:32:27.471810,LTC-USDT,111.72,111.75,83.502,7.58
2025-07-25T07:32:27.485126,XRP-USDT,3.0839,3.084,33548.8,9024.1
2025-07-25T07:32:27.496455,SOL-USDT,177.44,177.48,120.148,107.14
2025-07-25T07:32:27.497913,ETH-USDT,3634.66,3635.14,3.073,7.603
2025-07-25T07:32:28.520004,LTC-USDT,111.75,111.79,73.737,62.131
2025-07-25T07:32:28.542113,SOL-USDT,177.52,177.56,108.051,132.145
2025-07-25T07:32:28.544206,ETH-USDT,3635.64,3635.73,0.616,5.87
2025-07-25T07:32:28.559810,BTC-USDT,115521.99,115522.0,30.0345,0.7415
2025-07-25T07:32:29.584552,XRP-USDT,3.0851,3.0852,23702.6,82220.2
2025-07-25T07:32:29.591864,SOL-USDT,177.52,177.56,108.051,132.145
2025-07-25T07:32:29.594327,ETH-USDT,3635.31,3635.47,5.59,7.049
2025-07-25T07:32:29.605463,BTC-USDT,115521.99,115522.0,30.0345,0.7415
2025-07-25T07:32:30.639739,SOL-USDT,177.49,177.52,94.708,91.522
2025-07-25T07:32:30.641008,ETH-USDT,3634.52,3634.61,5.954,3.21
2025-07-25T07:32:30.654875,BTC-USDT,115559.99,115560.0,19.5083,4.868
2025-07-25T07:32:31.664875,LTC-USDT,111.74,111.77,34.549,30.056
2025-07-25T07:32:31.680063,XRP-USDT,3.0838,3.0839,51154.0,13127.9
2025-07-25T07:32:31.689830,SOL-USDT,177.53,177.56,128.565,110.779
2025-07-25T07:32:31.691368,ETH-USDT,3635.32,3635.41,5.766,1.316
2025-07-25T07:32:31.702722,BTC-USDT,115557.99,115558.0,31.514,0.6165
2025-07-25T07:32:32.712188,LTC-USDT,111.79,111.82,81.189,18.933
2025-07-25T07:32:32.735947,SOL-USDT,177.57,177.61,127.492,118.237
2025-07-25T07:32:32.738080,ETH-USDT,3635.46,3635.55,0.321,7.88
2025-07-25T07:32:33.762227,LTC-USDT,111.77,111.82,96.934,18.933
2025-07-25T07:32:33.778354,XRP-USDT,3.0856,3.0857,25663.0,86820.3
2025-07-25T07:32:33.790710,SOL-USDT,177.56,177.61,124.551,112.987
2025-07-25T07:32:33.791136,ETH-USDT,3635.19,3635.55,5.683,7.88
2025-07-25T07:32:33.805340,BTC-USDT,115557.99,115558.0,31.514,0.6165
2025-07-25T07:32:34.815367,LTC-USDT,111.74,111.79,34.549,41.383
2025-07-25T07:32:34.831460,XRP-USDT,3.0853,3.0854,30803.8,67105.0
2025-07-25T07:32:34.840994,SOL-USDT,177.5,177.53,126.843,98.874
2025-07-25T07:32:34.842716,ETH-USDT,3634.69,3634.8,6.754,6.074
2025-07-25T07:32:34.854278,BTC-USDT,115567.99,115568.0,9.8458,0.0044
2025-07-25T07:32:36.484040,LTC-USDT,111.72,111.75,19.18,34.701
2025-07-25T07:32:36.484072,SOL-USDT,177.48,177.53,99.311,98.874
2025-07-25T07:32:36.484099,ETH-USDT,3634.34,3634.43,6.301,6.844
2025-07-25T07:32:36.484130,BTC-USDT,115551.75,115551.76,0.069,22.9335
2025-07-25T07:32:36.928278,XRP-USDT,3.0847,3.0854,112671.5,67105.0
2025-07-25T07:32:36.940325,ETH-USDT,3634.49,3634.58,0.295,7.232
2025-07-25T07:32:37.964493,LTC-USDT,111.72,111.76,19.18,11.244
2025-07-25T07:32:37.978218,XRP-USDT,3.0847,3.0848,112671.5,11994.8
2025-07-25T07:32:37.988502,SOL-USDT,177.47,177.53,119.044,98.874
2025-07-25T07:32:37.990030,ETH-USDT,3634.13,3634.22,7.359,6.916
2025-07-25T07:32:38.002637,BTC-USDT,115529.82,115529.83,1.4304,11.3879
2025-07-25T07:32:39.013176,LTC-USDT,111.75,111.79,88.104,41.383
2025-07-25T07:32:39.026196,XRP-USDT,3.0845,3.0846,58771.4,16030.6
2025-07-25T07:32:39.037516,SOL-USDT,177.5,177.53,123.203,98.874
2025-07-25T07:32:39.039569,ETH-USDT,3634.49,3634.8,7.404,6.074
2025-07-25T07:32:40.068007,LTC-USDT,111.75,111.8,88.104,17.613
2025-07-25T07:32:40.092657,SOL-USDT,177.54,177.58,131.729,111.416
2025-07-25T07:32:40.094451,ETH-USDT,3635.32,3635.41,7.619,0.051
2025-07-25T07:32:40.107693,BTC-USDT,115529.82,115529.83,1.4304,11.3879
2025-07-25T07:32:41.134492,XRP-USDT,3.0855,3.0856,65994.2,18882.2
2025-07-25T07:32:41.143567,SOL-USDT,177.55,177.59,92.566,115.561
2025-07-25T07:32:41.145190,ETH-USDT,3636.25,3636.34,1.584,7.036
2025-07-25T07:32:42.166923,LTC-USDT,111.77,111.83,41.946,12.494
2025-07-25T07:32:42.182597,XRP-USDT,3.0855,3.0856,65994.2,18882.2
2025-07-25T07:32:42.193216,SOL-USDT,177.54,177.6,131.729,190.341
2025-07-25T07:32:42.194903,ETH-USDT,3635.2,3635.68,7.174,6.967
2025-07-25T07:32:42.209404,BTC-USDT,115553.75,115553.76,20.9011,6.3349
2025-07-25T07:32:43.217547,LTC-USDT,111.8,111.85,93.017,38.597
2025-07-25T07:32:43.230521,XRP-USDT,3.0852,3.0853,21067.8,116.0
2025-07-25T07:32:43.240165,SOL-USDT,177.58,177.63,90.468,91.496
2025-07-25T07:32:43.241699,ETH-USDT,3635.2,3636.02,7.174,1.722
2025-07-25T07:32:44.290557,SOL-USDT,177.58,177.63,90.468,91.496
2025-07-25T07:32:44.292728,ETH-USDT,3636.5,3636.98,4.205,1.653
2025-07-25T07:32:44.307225,BTC-USDT,115567.99,115568.0,11.3557,0.0576
2025-07-25T07:32:45.316489,LTC-USDT,111.8,111.85,93.017,41.564
2025-07-25T07:32:45.336682,XRP-USDT,3.0865,3.0866,18701.8,18084.7
2025-07-25T07:32:45.344884,SOL-USDT,177.59,177.64,119.506,127.385
2025-07-25T07:32:45.346969,ETH-USDT,3636.14,3636.23,0.382,6.465
2025-07-25T07:32:45.360483,BTC-USDT,115566.31,115568.0,0.0001,0.0576
2025-07-25T07:32:46.370510,LTC-USDT,111.8,111.85,93.017,41.564
2025-07-25T07:32:46.409262,BTC-USDT,115570.88,115570.89,0.0137,17.7676
2025-07-25T07:32:47.419381,LTC-USDT,111.8,111.85,93.017,41.564
2025-07-25T07:32:47.432328,XRP-USDT,3.0858,3.0859,78599.5,5749.1
2025-07-25T07:32:47.443512,ETH-USDT,3636.22,3636.31,7.242,1.858
2025-07-25T07:32:48.487538,ETH-USDT,3636.51,3636.62,6.345,1.124
2025-07-25T07:32:48.500001,BTC-USDT,115565.92,115565.93,5.1418,10.8911
2025-07-25T07:32:49.523959,XRP-USDT,3.086,3.0861,72074.6,1667.1
2025-07-25T07:32:49.534148,SOL-USDT,177.59,177.65,119.506,100.673
2025-07-25T07:32:49.536123,ETH-USDT,3636.17,3636.26,0.104,5.378
2025-07-25T07:32:49.547582,BTC-USDT,115563.6,115563.61,0.0011,18.3276
2025-07-25T07:32:50.556932,LTC-USDT,111.77,111.82,41.946,48.651
2025-07-25T07:32:50.582106,ETH-USDT,3636.14,3636.26,0.382,5.378
2025-07-25T07:32:51.603204,LTC-USDT,111.74,111.78,28.928,40.488
2025-07-25T07:32:51.617175,XRP-USDT,3.0854,3.0855,54537.6,62328.2
2025-07-25T07:32:51.628151,SOL-USDT,177.57,177.6,109.917,99.396
2025-07-25T07:32:51.629757,ETH-USDT,3635.72,3635.81,0.037,5.396
2025-07-25T07:32:52.650590,LTC-USDT,111.72,111.75,36.686,33.075
2025-07-25T07:32:52.673029,SOL-USDT,177.53,177.56,127.05,116.261
2025-07-25T07:32:52.675143,ETH-USDT,3635.25,3635.34,0.089,5.49
2025-07-25T07:32:52.687744,BTC-USDT,115543.35,115543.36,0.9969,14.0362
2025-07-25T07:32:53.697431,LTC-USDT,111.72,111.75,36.686,33.075
2025-07-25T07:32:53.712387,XRP-USDT,3.084,3.0841,22182.3,2430.0
2025-07-25T07:32:53.721509,SOL-USDT,177.53,177.6,127.05,99.396
2025-07-25T07:32:53.723155,ETH-USDT,3635.25,3635.34,7.082,5.49
2025-07-25T07:32:53.735161,BTC-USDT,115525.8,115525.81,6.1293,15.5467
2025-07-25T07:32:54.746486,LTC-USDT,111.71,111.74,27.131,34.365
2025-07-25T07:32:54.768279,SOL-USDT,177.53,177.56,127.05,124.265
2025-07-25T07:32:54.769539,ETH-USDT,3634.78,3634.87,7.15,6.838
2025-07-25T07:32:55.791549,LTC-USDT,111.68,111.74,26.656,34.365
2025-07-25T07:32:55.803461,XRP-USDT,3.0841,3.0842,2766.9,243.4
2025-07-25T07:32:55.813312,SOL-USDT,177.52,177.56,97.686,124.265
2025-07-25T07:32:55.814567,ETH-USDT,3634.52,3634.61,0.119,6.345
2025-07-25T07:32:55.825917,BTC-USDT,115525.8,115525.81,6.1293,15.5467
2025-07-25T07:32:56.847715,XRP-USDT,3.0838,3.0839,51154.0,13718.6
2025-07-25T07:32:56.856985,SOL-USDT,177.5,177.56,123.203,124.265
2025-07-25T07:32:56.858544,ETH-USDT,3634.27,3634.36,2.848,5.835
2025-07-25T07:32:56.869342,BTC-USDT,115525.8,115525.81,6.1293,15.5467
2025-07-25T07:32:57.878537,LTC-USDT,111.66,111.7,24.378,52.21
2025-07-25T07:32:57.900882,SOL-USDT,177.47,177.52,123.354,125.712
2025-07-25T07:32:57.910976,ETH-USDT,3634.16,3634.25,3.686,6.258
2025-07-25T07:32:57.914589,BTC-USDT,115525.8,115525.81,6.1293,15.5467
2025-07-25T07:32:58.924221,LTC-USDT,111.68,111.71,93.453,17.582
2025-07-25T07:32:58.946623,SOL-USDT,177.47,177.52,123.354,125.712
2025-07-25T07:32:59.971057,LTC-USDT,111.66,111.71,24.378,17.582
2025-07-25T07:32:59.983914,XRP-USDT,3.0831,3.0832,19323.2,31709.6
2025-07-25T07:32:59.993184,SOL-USDT,177.46,177.49,97.983,108.356
2025-07-25T07:32:59.994876,ETH-USDT,3633.88,3634.06,0.053,6.182
2025-07-25T07:33:00.005973,BTC-USDT,115525.8,115525.81,6.1293,15.5467
2025-07-25T07:33:01.015181,LTC-USDT,111.67,111.71,93.683,37.499
2025-07-25T07:33:01.028755,XRP-USDT,3.0828,3.0829,25119.1,11061.4
2025-07-25T07:33:01.039109,SOL-USDT,177.46,177.52,97.983,125.712
2025-07-25T07:33:01.040638,ETH-USDT,3633.52,3633.97,0.362,0.929
2025-07-25T07:33:02.062379,LTC-USDT,111.71,111.75,15.555,14.5
2025-07-25T07:33:02.083583,SOL-USDT,177.49,177.52,114.677,125.712
2025-07-25T07:33:02.085214,ETH-USDT,3633.59,3633.68,6.493,7.544
2025-07-25T07:33:02.097807,BTC-USDT,115524.26,115524.27,2.4418,12.3584
2025-07-25T07:33:03.127442,SOL-USDT,177.52,177.56,91.666,124.265
2025-07-25T07:33:03.128978,ETH-USDT,3634.44,3634.53,7.525,4.178
2025-07-25T07:33:03.140567,BTC-USDT,115524.26,115524.27,2.4418,12.3584
2025-07-25T07:33:04.149521,LTC-USDT,111.73,111.76,41.827,19.656
2025-07-25T07:33:04.163245,XRP-USDT,3.0846,3.0847,64427.0,2699.3
2025-07-25T07:33:04.173215,SOL-USDT,177.52,177.59,91.666,116.593
2025-07-25T07:33:04.175904,ETH-USDT,3634.61,3634.7,5.845,0.072
2025-07-25T07:33:04.188361,BTC-USDT,115524.26,115524.27,2.4418,12.3584
2025-07-25T07:33:05.198254,LTC-USDT,111.73,111.78,41.827,11.32
2025-07-25T07:33:05.220404,SOL-USDT,177.51,177.56,95.971,106.16
2025-07-25T07:33:05.222339,ETH-USDT,3634.49,3634.7,6.038,0.072
2025-07-25T07:33:06.243037,LTC-USDT,111.72,111.75,8.734,33.276
2025-07-25T07:33:06.271411,SOL-USDT,177.49,177.53,114.677,90.3
2025-07-25T07:33:06.271449,ETH-USDT,3634.02,3634.11,0.076,7.303
2025-07-25T07:33:06.282864,BTC-USDT,115519.63,115519.64,0.0021,26.1923
2025-07-25T07:33:07.292003,LTC-USDT,111.72,111.75,8.734,33.276
2025-07-25T07:33:07.306556,XRP-USDT,3.0834,3.0835,59678.8,858.0
2025-07-25T07:33:07.319297,SOL-USDT,177.5,177.53,100.989,93.414
2025-07-25T07:33:07.329050,BTC-USDT,115519.17,115519.64,0.3134,26.1923
2025-07-25T07:33:08.361545,SOL-USDT,177.47,177.5,95.537,134.737
2025-07-25T07:33:08.363325,ETH-USDT,3633.51,3633.6,7.722,7.382
2025-07-25T07:33:08.375713,BTC-USDT,115504.62,115504.63,0.0033,30.0844
2025-07-25T07:33:17.442661,LTC-USDT,111.7,111.75,19.524,33.276
2025-07-25T07:33:17.442744,XRP-USDT,3.0829,3.083,43055.2,10404.2
2025-07-25T07:33:17.442847,SOL-USDT,177.46,177.5,97.983,134.737
2025-07-25T07:33:17.442931,ETH-USDT,3633.63,3634.11,5.932,7.303
2025-07-25T07:33:17.443009,XRP-USDT,3.0836,3.0837,10187.3,5118.9
2025-07-25T07:33:17.443111,SOL-USDT,177.5,177.53,124.173,101.51
2025-07-25T07:33:17.443158,ETH-USDT,3634.02,3634.11,7.676,7.303
2025-07-25T07:33:17.443234,BTC-USDT,115485.75,115485.76,7.8634,3.6788
2025-07-25T07:33:17.443317,XRP-USDT,3.0836,3.0837,10187.3,5118.9
2025-07-25T07:33:17.443346,SOL-USDT,177.49,177.53,106.393,101.51
2025-07-25T07:33:17.443366,ETH-USDT,3633.63,3634.11,5.932,7.303
2025-07-25T07:33:17.443385,BTC-USDT,115485.75,115485.76,7.8634,3.6788
2025-07-25T07:33:17.443404,SOL-USDT,177.51,177.54,97.453,129.533
2025-07-25T07:33:17.443420,ETH-USDT,3634.29,3634.38,5.327,0.093
2025-07-25T07:33:17.443436,BTC-USDT,115497.35,115497.36,8.6377,1.913
2025-07-25T07:33:17.443452,LTC-USDT,111.76,111.79,89.278,13.533
2025-07-25T07:33:17.443467,XRP-USDT,3.0849,3.085,13923.0,47819.2
2025-07-25T07:33:17.443483,SOL-USDT,177.63,177.67,116.709,120.192
2025-07-25T07:33:17.443501,ETH-USDT,3635.73,3635.82,5.783,0.187
2025-07-25T07:33:17.443519,BTC-USDT,115527.08,115527.09,20.7355,2.6679
2025-07-25T07:33:17.443537,LTC-USDT,111.76,111.8,89.278,23.244
2025-07-25T07:33:17.443554,XRP-USDT,3.0856,3.0857,33331.0,14714.4
2025-07-25T07:33:17.443570,SOL-USDT,177.63,177.66,116.709,106.479
2025-07-25T07:33:17.443586,ETH-USDT,3635.88,3636.15,6.757,6.349
2025-07-25T07:33:17.443602,LTC-USDT,111.8,111.83,63.87,14.408
2025-07-25T07:33:17.443618,XRP-USDT,3.0856,3.0857,33331.0,14714.4
2025-07-25T07:33:17.452197,SOL-USDT,177.63,177.7,116.709,109.94
2025-07-25T07:33:17.452238,ETH-USDT,3635.96,3636.05,5.552,6.574
2025-07-25T07:33:17.452267,BTC-USDT,115525.81,115527.09,0.0001,2.6679
2025-07-25T07:33:17.452291,LTC-USDT,111.76,111.8,89.278,50.244
2025-07-25T07:33:17.452322,SOL-USDT,177.63,177.67,116.709,129.067
2025-07-25T07:33:17.452355,ETH-USDT,3635.48,3635.7,5.318,7.82
2025-07-25T07:33:17.452386,BTC-USDT,115536.27,115536.28,20.0684,6.9157
2025-07-25T07:33:17.805398,LTC-USDT,111.76,111.8,89.278,50.244
2025-07-25T07:33:17.820075,XRP-USDT,3.0853,3.0854,11512.8,38227.8
2025-07-25T07:33:17.830532,SOL-USDT,177.62,177.67,122.998,129.067
2025-07-25T07:33:17.832280,ETH-USDT,3635.48,3635.7,5.318,7.82
2025-07-25T07:33:17.845106,BTC-USDT,115524.39,115524.4,3.0324,12.249
2025-07-25T07:33:18.854840,LTC-USDT,111.76,111.8,89.278,50.244
2025-07-25T07:33:18.868507,XRP-USDT,3.085,3.0851,14706.4,19453.7
2025-07-25T07:33:18.881360,SOL-USDT,177.6,177.64,109.236,94.201
2025-07-25T07:33:18.883278,ETH-USDT,3635.15,3635.24,6.187,4.211
2025-07-25T07:33:19.909159,LTC-USDT,111.73,111.76,26.52,68.97
2025-07-25T07:33:19.932191,SOL-USDT,177.58,177.61,107.481,96.889
2025-07-25T07:33:19.933570,ETH-USDT,3634.29,3634.38,5.327,7.889
2025-07-25T07:33:19.946537,BTC-USDT,115514.37,115524.4,0.6858,12.249
2025-07-25T07:33:20.956706,LTC-USDT,111.73,111.76,26.52,68.97
2025-07-25T07:33:20.969906,XRP-USDT,3.0836,3.0842,10187.3,68104.4
2025-07-25T07:33:20.982574,SOL-USDT,177.57,177.62,213.691,110.37
2025-07-25T07:33:20.996316,BTC-USDT,115514.37,115514.38,0.6858,18.7411
2025-07-25T07:33:22.028907,SOL-USDT,177.57,177.62,96.14,110.37
2025-07-25T07:33:22.041482,BTC-USDT,115510.64,115510.65,0.1889,10.7032
2025-07-25T07:33:23.064093,XRP-USDT,3.0843,3.0844,888.2,15193.4
2025-07-25T07:33:23.075968,ETH-USDT,3634.15,3634.24,0.056,5.986
2025-07-25T07:33:24.125074,SOL-USDT,177.54,177.59,106.155,134.602
2025-07-25T07:33:24.126931,ETH-USDT,3633.33,3633.42,0.238,7.156
2025-07-25T07:33:24.144463,BTC-USDT,115510.64,115510.65,0.1889,10.7032
2025-07-25T07:33:25.171874,LTC-USDT,111.7,111.73,22.691,51.185
2025-07-25T07:33:25.186996,XRP-USDT,3.0838,3.0839,14847.9,3480.9
2025-07-25T07:33:25.199688,SOL-USDT,177.53,177.56,102.062,120.254
2025-07-25T07:33:25.201689,ETH-USDT,3633.33,3633.42,0.238,7.156
2025-07-25T07:33:26.225298,LTC-USDT,111.7,111.76,22.691,68.97
2025-07-25T07:33:26.250507,SOL-USDT,177.53,177.56,102.062,120.254
2025-07-25T07:33:26.264166,BTC-USDT,115500.0,115500.01,0.2584,19.2828
2025-07-25T07:33:27.285881,XRP-USDT,3.084,3.0841,18987.8,5239.0
2025-07-25T07:33:27.297000,SOL-USDT,177.53,177.56,102.062,90.46
2025-07-25T07:33:27.308967,BTC-USDT,115000.0,115500.01,1.001,19.2828
2025-07-25T07:33:28.320031,LTC-USDT,111.7,111.74,22.691,34.14
2025-07-25T07:33:28.340962,SOL-USDT,177.51,177.56,97.453,90.46
2025-07-25T07:33:28.356190,BTC-USDT,115485.75,115485.76,0.0237,18.8
2025-07-25T07:33:29.398905,XRP-USDT,3.0835,3.0836,1153.4,6551.0
2025-07-25T07:33:29.402527,ETH-USDT,3632.58,3632.97,7.705,7.647
2025-07-25T07:33:30.424039,LTC-USDT,111.68,111.74,40.161,34.14
2025-07-25T07:33:30.446155,SOL-USDT,177.48,177.54,90.694,124.982
2025-07-25T07:33:30.447710,ETH-USDT,3632.58,3632.97,7.705,7.647
2025-07-25T07:33:30.459951,BTC-USDT,115476.54,115476.55,0.0109,22.0224
2025-07-25T07:33:31.483648,XRP-USDT,3.0837,3.0838,78954.2,35.4
2025-07-25T07:33:31.493997,SOL-USDT,177.51,177.54,110.547,124.982
2025-07-25T07:33:31.496062,ETH-USDT,3633.22,3633.31,5.924,0.744
2025-07-25T07:33:31.507950,BTC-USDT,115473.99,115476.55,0.2201,22.0224
2025-07-25T07:33:32.542744,SOL-USDT,177.54,177.59,94.704,112.804
2025-07-25T07:33:32.545184,ETH-USDT,3633.21,3633.31,6.534,0.744
2025-07-25T07:33:32.558743,BTC-USDT,115473.99,115474.0,0.2201,8.9673
2025-07-25T07:33:33.568016,LTC-USDT,111.71,111.76,100.911,68.97
2025-07-25T07:33:33.583950,XRP-USDT,3.084,3.0841,30605.1,5239.0
2025-07-25T07:33:33.592019,SOL-USDT,177.58,177.62,120.132,110.37
2025-07-25T07:33:33.593749,ETH-USDT,3633.77,3633.88,7.707,6.284
2025-07-25T07:33:33.609141,BTC-USDT,115473.99,115474.0,0.2201,8.9673
2025-07-25T07:34:18.395756,LTC-USDT,111.68,111.74,40.161,60.602
2025-07-25T07:34:18.395808,XRP-USDT,3.0841,3.0842,1913.6,6931.1
2025-07-25T07:34:18.395835,SOL-USDT,177.54,177.59,94.704,120.705
2025-07-25T07:34:18.395861,ETH-USDT,3632.74,3632.83,2.115,6.054
2025-07-25T07:34:18.395886,LTC-USDT,111.68,111.74,40.161,60.602
2025-07-25T07:34:18.395912,SOL-USDT,177.51,177.56,110.547,108.713
2025-07-25T07:34:18.395938,BTC-USDT,115473.53,115473.54,0.0062,18.2989
2025-07-25T07:34:18.395965,XRP-USDT,3.0837,3.0838,78954.2,17927.0
2025-07-25T07:34:18.395989,BTC-USDT,115473.53,115473.54,0.0062,18.2989
2025-07-25T07:34:18.396011,ETH-USDT,3632.58,3632.83,7.705,6.054
2025-07-25T07:34:18.396034,ETH-USDT,3632.58,3632.83,7.705,6.054
2025-07-25T07:34:18.396056,BTC-USDT,115473.53,115473.54,0.0062,18.2989
2025-07-25T07:34:18.396078,ETH-USDT,3633.1,3633.19,7.482,0.476
2025-07-25T07:34:18.396099,BTC-USDT,115473.53,115473.54,0.0062,18.2989
2025-07-25T07:34:18.396121,LTC-USDT,111.73,111.78,68.319,14.543
2025-07-25T07:34:18.396142,SOL-USDT,177.56,177.59,112.128,120.705
2025-07-25T07:34:18.396165,ETH-USDT,3633.7,3633.79,6.739,0.044
2025-07-25T07:34:18.396187,SOL-USDT,177.54,177.6,127.502,116.032
2025-07-25T07:34:18.396209,ETH-USDT,3633.61,3633.7,1.219,5.572
2025-07-25T07:34:18.396230,BTC-USDT,115473.53,115473.54,0.0062,18.2988
2025-07-25T07:34:18.396251,LTC-USDT,111.69,111.72,34.602,90.147
2025-07-25T07:34:18.396273,XRP-USDT,3.0824,3.0825,49348.5,33411.0
2025-07-25T07:34:18.396295,SOL-USDT,177.49,177.52,114.532,102.736
2025-07-25T07:34:18.396317,ETH-USDT,3632.51,3632.6,0.079,6.5
2025-07-25T07:34:18.396339,LTC-USDT,111.65,111.68,28.685,41.17
2025-07-25T07:34:18.396361,SOL-USDT,177.48,177.52,96.94,102.736
2025-07-25T07:34:18.396383,ETH-USDT,3632.87,3632.96,6.081,0.332
2025-07-25T07:34:18.396405,BTC-USDT,115449.37,115449.38,1.7796,21.0828
2025-07-25T07:34:18.396426,LTC-USDT,111.67,111.72,16.454,12.747
2025-07-25T07:34:18.396448,XRP-USDT,3.083,3.0831,88687.0,43209.3
2025-07-25T07:34:18.396471,SOL-USDT,177.5,177.53,119.949,99.882
2025-07-25T07:34:18.396492,BTC-USDT,115449.37,115449.38,1.7796,21.0828
2025-07-25T07:34:18.396645,LTC-USDT,111.67,111.72,16.454,12.747
2025-07-25T07:34:18.396674,SOL-USDT,177.5,177.53,119.949,99.882
2025-07-25T07:34:18.396698,ETH-USDT,3632.54,3632.63,5.905,5.426
2025-07-25T07:34:18.396722,LTC-USDT,111.62,111.67,70.715,91.442
2025-07-25T07:34:18.396746,SOL-USDT,177.46,177.5,97.983,106.609
2025-07-25T07:34:18.396769,ETH-USDT,3632.17,3632.26,0.156,6.848
2025-07-25T07:34:18.396812,BTC-USDT,115449.37,115449.38,1.7796,21.0828
2025-07-25T07:34:18.396838,LTC-USDT,111.59,111.64,43.825,47.745
2025-07-25T07:34:18.396863,XRP-USDT,3.0813,3.0814,38127.4,58918.6
2025-07-25T07:34:18.396886,SOL-USDT,177.43,177.46,114.979,101.925
2025-07-25T07:34:18.396909,ETH-USDT,3631.07,3631.69,0.651,6.498
2025-07-25T07:34:18.396931,BTC-USDT,115000.0,115449.38,1.001,21.0828
2025-07-25T07:34:18.396954,LTC-USDT,111.57,111.61,37.183,68.044
2025-07-25T07:34:18.396981,SOL-USDT,177.4,177.43,106.559,110.563
2025-07-25T07:34:18.397007,ETH-USDT,3630.97,3631.06,1.347,6.506
2025-07-25T07:34:18.397036,BTC-USDT,115416.99,115417.0,6.3715,8.4769
2025-07-25T07:34:18.397063,LTC-USDT,111.59,111.62,121.021,13.466
2025-07-25T07:34:18.397090,XRP-USDT,3.0804,3.0805,24981.0,24110.3
2025-07-25T07:34:18.423695,SOL-USDT,177.43,177.46,133.338,208.803
2025-07-25T07:34:18.423744,ETH-USDT,3631.08,3631.17,6.063,5.462
2025-07-25T07:34:18.423779,LTC-USDT,111.57,111.62,37.183,13.466
2025-07-25T07:34:18.423819,SOL-USDT,177.39,177.43,93.384,94.162
2025-07-25T07:34:18.423847,ETH-USDT,3630.56,3630.65,2.975,7.809
2025-07-25T07:34:18.423869,BTC-USDT,115410.93,115410.94,0.3751,12.6598
2025-07-25T07:34:18.423898,XRP-USDT,3.08,3.0801,47914.4,17612.4
2025-07-25T07:34:18.423924,ETH-USDT,3630.92,3631.01,7.752,5.362
2025-07-25T07:34:18.423949,BTC-USDT,115410.93,115410.94,0.3751,12.6598
2025-07-25T07:34:18.423974,ETH-USDT,3630.92,3631.01,7.752,5.362
2025-07-25T07:34:18.423995,LTC-USDT,111.57,111.6,37.183,57.986
2025-07-25T07:34:18.424016,XRP-USDT,3.0792,3.0793,23711.7,27433.6
2025-07-25T07:34:18.424037,SOL-USDT,177.32,177.35,128.639,114.993
2025-07-25T07:34:18.424058,ETH-USDT,3630.68,3631.01,7.807,5.362
2025-07-25T07:34:18.424079,BTC-USDT,115410.93,115410.94,0.3751,12.6598
2025-07-25T07:34:18.424100,LTC-USDT,111.57,111.6,37.183,57.986
2025-07-25T07:34:18.424126,XRP-USDT,3.0788,3.0789,34174.4,80146.6
2025-07-25T07:34:18.424155,SOL-USDT,177.32,177.35,128.639,114.993
2025-07-25T07:34:18.424184,SOL-USDT,177.29,177.35,103.55,114.993
2025-07-25T07:34:18.424209,ETH-USDT,3630.34,3630.43,0.016,6.838
2025-07-25T07:34:18.424233,BTC-USDT,115386.85,115900.0,0.3913,0.0086
2025-07-25T07:34:18.424257,LTC-USDT,111.62,111.65,87.431,21.376
2025-07-25T07:34:18.424280,SOL-USDT,177.32,177.38,90.311,130.036
2025-07-25T07:34:18.424304,ETH-USDT,3631.24,3631.33,7.519,2.811
2025-07-25T07:34:18.424330,BTC-USDT,115386.85,115386.86,0.3913,7.3451
2025-07-25T07:34:18.424356,LTC-USDT,111.62,111.68,137.196,88.198
2025-07-25T07:34:18.424384,XRP-USDT,3.0795,3.0796,16964.0,9321.0
2025-07-25T07:34:18.424423,SOL-USDT,177.4,177.45,108.423,119.28
2025-07-25T07:34:18.424452,ETH-USDT,3631.46,3631.55,7.286,1.929
2025-07-25T07:34:18.424480,BTC-USDT,115407.15,115407.16,21.5138,3.5832
2025-07-25T07:34:18.424507,LTC-USDT,111.62,111.66,87.431,44.809
2025-07-25T07:34:18.424536,XRP-USDT,3.0788,3.0789,34174.4,9902.9
2025-07-25T07:34:18.424564,SOL-USDT,177.43,177.46,126.45,67.012
2025-07-25T07:34:18.424593,ETH-USDT,3630.71,3630.97,6.166,7.085
2025-07-25T07:34:18.424622,LTC-USDT,111.57,111.6,37.183,103.843
2025-07-25T07:34:18.424648,SOL-USDT,177.38,177.43,129.131,126.777
2025-07-25T07:34:18.424673,ETH-USDT,3630.03,3630.12,6.538,6.706
2025-07-25T07:34:18.424700,BTC-USDT,115386.85,115900.0,1.5828,0.0086
2025-07-25T07:34:18.424729,LTC-USDT,111.55,111.6,35.794,103.843
2025-07-25T07:34:18.424756,SOL-USDT,177.32,177.39,90.311,124.178
2025-07-25T07:34:18.424804,ETH-USDT,3630.75,3630.84,7.925,0.138
2025-07-25T07:34:18.424834,BTC-USDT,115386.85,115386.86,1.5828,9.3749
2025-07-25T07:34:18.424872,LTC-USDT,111.53,111.57,25.048,86.968
2025-07-25T07:34:18.424901,XRP-USDT,3.0772,3.0773,32102.7,30778.0
2025-07-25T07:34:18.424926,SOL-USDT,177.3,177.34,101.356,98.739
2025-07-25T07:34:18.424951,ETH-USDT,3630.56,3630.65,0.604,6.192
2025-07-25T07:34:18.424978,BTC-USDT,115380.0,115380.01,0.1962,9.7378
2025-07-25T07:34:18.425007,LTC-USDT,111.51,111.57,25.749,86.968
2025-07-25T07:34:18.425036,SOL-USDT,177.3,177.33,101.356,117.858
2025-07-25T07:34:18.425065,ETH-USDT,3630.33,3630.42,0.106,6.267
2025-07-25T07:34:18.425095,LTC-USDT,111.5,111.54,126.558,15.71
2025-07-25T07:34:18.425121,SOL-USDT,177.24,177.28,96.659,119.448
2025-07-25T07:34:18.440749,ETH-USDT,3629.39,3629.57,0.023,5.798
2025-07-25T07:34:18.440804,BTC-USDT,115375.78,115375.79,0.092,16.6082
2025-07-25T07:34:18.440835,XRP-USDT,3.0762,3.0763,41023.8,28126.3
2025-07-25T07:34:18.440861,SOL-USDT,177.21,177.25,91.06,116.562
2025-07-25T07:34:18.440893,ETH-USDT,3629.16,3629.25,7.492,6.072
2025-07-25T07:34:18.440923,LTC-USDT,111.5,111.55,126.558,12.786
2025-07-25T07:34:18.440953,SOL-USDT,177.24,177.28,132.221,119.448
2025-07-25T07:34:18.440984,ETH-USDT,3629.78,3629.89,6.808,6.65
2025-07-25T07:34:18.441009,BTC-USDT,115350.49,115350.5,8.8121,8.2991
2025-07-25T07:34:18.441038,LTC-USDT,111.49,111.52,15.967,55.759
2025-07-25T07:34:18.441079,XRP-USDT,3.0766,3.0767,27446.6,1698.1
2025-07-25T07:34:18.441108,SOL-USDT,177.21,177.28,91.06,119.448
2025-07-25T07:34:18.441136,ETH-USDT,3629.26,3629.51,7.635,6.594
2025-07-25T07:34:18.441161,BTC-USDT,115359.52,115359.53,6.7439,0.3087
2025-07-25T07:34:18.441189,LTC-USDT,111.48,111.52,17.267,55.759
2025-07-25T07:34:18.441214,SOL-USDT,177.21,177.25,91.06,113.69
2025-07-25T07:34:18.441251,ETH-USDT,3627.87,3629.13,3.46,5.377
2025-07-25T07:34:18.441276,LTC-USDT,111.43,111.46,28.284,36.518
2025-07-25T07:34:18.441299,XRP-USDT,3.0751,3.0752,16209.5,47115.1
2025-07-25T07:34:18.441326,SOL-USDT,177.16,177.19,100.653,116.043
2025-07-25T07:34:18.441355,ETH-USDT,3627.45,3627.54,0.932,7.843
2025-07-25T07:34:18.441380,LTC-USDT,111.38,111.42,10.608,59.896
2025-07-25T07:34:18.441403,SOL-USDT,177.14,177.19,48.125,116.043
2025-07-25T07:34:18.441433,ETH-USDT,3625.8,3625.89,0.061,7.568
2025-07-25T07:34:18.441462,BTC-USDT,115346.5,115346.51,9.5251,5.7115
2025-07-25T07:34:18.441486,LTC-USDT,111.36,111.42,18.659,59.896
2025-07-25T07:34:18.441514,XRP-USDT,3.0729,3.073,34583.6,68531.8
2025-07-25T07:34:18.441544,SOL-USDT,176.98,177.03,75.214,122.761
2025-07-25T07:34:18.441568,ETH-USDT,3625.65,3625.74,6.783,1.501
2025-07-25T07:34:18.441596,BTC-USDT,115340.0,115340.01,0.0434,18.9776
2025-07-25T07:34:18.441621,LTC-USDT,111.39,111.44,59.561,17.865
2025-07-25T07:34:18.441650,SOL-USDT,177.08,177.12,133.417,130.014
2025-07-25T07:34:18.441677,ETH-USDT,3626.72,3626.81,6.01,0.047
2025-07-25T07:34:18.441706,BTC-USDT,115340.0,115340.01,0.0434,18.9776
2025-07-25T07:34:18.441735,LTC-USDT,111.42,111.46,21.419,52.692
2025-07-25T07:34:18.441765,XRP-USDT,3.0748,3.0749,18385.1,21015.7
2025-07-25T07:34:18.441809,SOL-USDT,177.0,177.04,114.557,95.184
2025-07-25T07:34:18.441851,ETH-USDT,3625.78,3625.89,4.345,7.474
2025-07-25T07:34:18.675374,LTC-USDT,111.37,111.42,28.793,66.037
2025-07-25T07:34:18.698768,SOL-USDT,176.94,176.97,89.135,121.729
2025-07-25T07:34:18.700231,ETH-USDT,3625.45,3625.54,2.58,5.784
2025-07-25T07:34:18.711716,BTC-USDT,115347.99,115348.0,1.2248,0.0885
2025-07-25T07:34:19.722198,LTC-USDT,111.37,111.42,28.793,66.037
2025-07-25T07:34:19.736027,XRP-USDT,3.0724,3.0725,30926.0,20355.4
2025-07-25T07:34:19.747976,SOL-USDT,176.99,177.02,131.502,124.956
2025-07-25T07:34:19.748439,ETH-USDT,3625.8,3625.89,6.708,7.474
2025-07-25T07:34:19.760288,BTC-USDT,115329.42,115329.43,1.5974,12.7375
2025-07-25T07:34:20.783442,XRP-USDT,3.0724,3.0726,30926.0,16641.6
2025-07-25T07:34:20.793146,SOL-USDT,177.02,177.07,102.043,101.177
2025-07-25T07:34:20.795141,ETH-USDT,3626.94,3627.03,7.574,0.085
2025-07-25T07:34:21.818876,LTC-USDT,111.41,111.46,82.794,18.274
2025-07-25T07:34:21.838907,XRP-USDT,3.0735,3.0736,75612.2,138131.8
2025-07-25T07:34:21.846601,SOL-USDT,177.06,177.09,133.986,106.473
2025-07-25T07:34:21.849683,ETH-USDT,3627.37,3627.46,7.334,2.377
2025-07-25T07:34:21.863628,BTC-USDT,115329.42,115329.43,1.5974,12.7375
2025-07-25T07:34:22.885861,XRP-USDT,3.0737,3.0738,44824.0,97175.4
2025-07-25T07:34:22.896201,SOL-USDT,177.01,177.06,104.77,115.06
2025-07-25T07:34:22.897624,ETH-USDT,3626.74,3626.84,6.786,5.525
2025-07-25T07:34:22.909913,BTC-USDT,115340.96,115340.97,26.2908,4.5788
2025-07-25T07:34:23.941116,SOL-USDT,176.99,177.06,131.502,115.06
2025-07-25T07:34:23.942538,ETH-USDT,3626.35,3626.48,6.617,6.984
2025-07-25T07:34:23.953749,BTC-USDT,115340.96,115340.97,26.2908,4.5788
2025-07-25T07:34:24.977975,XRP-USDT,3.0727,3.0728,108876.6,7193.2
2025-07-25T07:34:24.987878,SOL-USDT,176.96,176.99,94.047,118.351
2025-07-25T07:34:24.989441,ETH-USDT,3625.49,3625.58,0.048,7.185
2025-07-25T07:34:26.010463,LTC-USDT,111.4,111.43,26.184,58.352
2025-07-25T07:34:26.023777,XRP-USDT,3.0727,3.0728,108876.6,7193.2
2025-07-25T07:34:26.033712,SOL-USDT,176.92,176.96,105.091,107.806
2025-07-25T07:34:26.035265,ETH-USDT,3625.27,3625.36,0.066,6.841
2025-07-25T07:34:26.047170,BTC-USDT,115331.27,115331.28,0.4891,17.6663
2025-07-25T07:34:27.057337,LTC-USDT,111.39,111.43,23.739,58.352
2025-07-25T07:34:27.071899,XRP-USDT,3.0726,3.0727,139630.4,9.4
2025-07-25T07:34:27.084345,SOL-USDT,176.92,176.99,105.091,112.428
2025-07-25T07:34:27.086253,ETH-USDT,3625.63,3625.72,7.593,3.904
2025-07-25T07:34:28.134922,SOL-USDT,176.97,177.01,92.043,102.968
2025-07-25T07:34:28.136508,ETH-USDT,3625.27,3625.72,0.066,3.904
2025-07-25T07:34:28.148979,BTC-USDT,115333.31,115333.32,10.9005,5.3788
2025-07-25T07:34:29.158296,LTC-USDT,111.36,111.39,27.833,42.588
2025-07-25T07:34:29.171990,XRP-USDT,3.0722,3.0723,61075.1,8052.7
2025-07-25T07:34:29.181312,SOL-USDT,176.9,176.95,73.851,109.982
2025-07-25T07:34:29.182940,ETH-USDT,3624.26,3624.34,0.009,5.682
2025-07-25T07:34:29.194762,BTC-USDT,115333.31,115333.32,10.9005,5.3788
2025-07-25T07:34:30.226091,SOL-USDT,176.87,176.92,41.603,126.561
2025-07-25T07:34:30.227416,ETH-USDT,3622.45,3622.54,0.058,6.684
2025-07-25T07:34:30.239283,BTC-USDT,115333.31,115333.32,10.9005,5.3788
2025-07-25T07:34:31.251876,LTC-USDT,111.33,111.36,36.165,55.476
2025-07-25T07:34:31.271378,XRP-USDT,3.0713,3.0714,110715.1,4631.6
2025-07-25T07:34:31.278577,SOL-USDT,176.84,176.88,103.234,133.337
2025-07-25T07:34:31.281042,ETH-USDT,3623.25,3623.62,6.794,2.809
2025-07-25T07:34:32.301832,LTC-USDT,111.33,111.36,36.165,55.476
2025-07-25T07:34:32.324462,SOL-USDT,176.84,176.88,103.234,133.337
2025-07-25T07:34:32.327263,ETH-USDT,3623.78,3623.87,7.683,1.3
2025-07-25T07:34:32.338486,BTC-USDT,115312.78,115312.79,7.9168,6.06
2025-07-25T07:34:33.349839,LTC-USDT,111.33,111.39,36.165,21.741
2025-07-25T07:34:33.371358,XRP-USDT,3.0729,3.073,12984.4,2319.7
2025-07-25T07:34:33.377814,SOL-USDT,176.85,176.89,62.554,100.838
2025-07-25T07:34:33.381035,ETH-USDT,3623.06,3623.54,7.675,1.805
2025-07-25T07:34:33.390933,BTC-USDT,115312.78,115312.79,7.9168,6.06
2025-07-25T07:35:17.429261,LTC-USDT,111.34,111.39,48.359,33.397
2025-07-25T07:35:17.429281,SOL-USDT,176.82,176.85,38.615,132.077
2025-07-25T07:35:17.429437,ETH-USDT,3621.92,3622.01,3.004,5.833
2025-07-25T07:35:17.429464,LTC-USDT,111.32,111.36,47.717,20.104
2025-07-25T07:35:17.429481,XRP-USDT,3.0719,3.072,44832.3,39579.8
2025-07-25T07:35:17.429499,SOL-USDT,176.82,176.85,38.615,132.077
2025-07-25T07:35:17.429516,ETH-USDT,3621.97,3622.06,7.09,1.548
2025-07-25T07:35:17.429535,LTC-USDT,111.32,111.36,47.717,20.104
2025-07-25T07:35:17.429553,XRP-USDT,3.0713,3.0714,110715.1,64384.8
2025-07-25T07:35:17.429573,SOL-USDT,176.8,176.85,100.857,132.077
2025-07-25T07:35:17.429594,ETH-USDT,3621.97,3622.07,7.09,5.377
2025-07-25T07:35:17.429615,BTC-USDT,115312.78,115312.79,7.9168,6.06
2025-07-25T07:35:17.429635,LTC-USDT,111.31,111.36,13.403,20.104
2025-07-25T07:35:17.429655,ETH-USDT,3621.97,3622.07,7.09,5.377
2025-07-25T07:35:17.429674,BTC-USDT,115312.78,115312.79,7.9168,6.0555
2025-07-25T07:35:17.429693,LTC-USDT,111.31,111.36,13.403,20.104
2025-07-25T07:35:17.429712,SOL-USDT,176.83,176.86,99.696,71.363
2025-07-25T07:35:17.429752,ETH-USDT,3622.37,3622.53,6.096,0.213
2025-07-25T07:35:17.429812,XRP-USDT,3.071,3.0711,25902.2,18061.2
2025-07-25T07:35:17.429843,SOL-USDT,176.87,176.9,107.319,102.994
2025-07-25T07:35:17.429980,ETH-USDT,3622.89,3622.98,5.954,0.122
2025-07-25T07:35:17.430005,BTC-USDT,115312.78,115312.79,7.9168,6.0555
2025-07-25T07:35:17.430027,XRP-USDT,3.0712,3.0713,29490.2,19664.8
2025-07-25T07:35:17.430049,SOL-USDT,176.87,176.92,107.319,121.493
2025-07-25T07:35:17.430073,ETH-USDT,3622.89,3622.98,5.954,0.122
2025-07-25T07:35:17.430096,SOL-USDT,176.83,176.89,99.696,123.525
2025-07-25T07:35:17.430124,ETH-USDT,3622.45,3622.54,5.686,1.836
2025-07-25T07:35:17.430148,BTC-USDT,115312.78,115312.79,7.9168,6.0555
2025-07-25T07:35:17.430176,LTC-USDT,111.34,111.39,75.709,21.741
2025-07-25T07:35:17.430200,SOL-USDT,176.86,176.9,121.576,135.234
2025-07-25T07:35:17.430224,LTC-USDT,111.34,111.39,75.709,21.741
2025-07-25T07:35:17.430249,SOL-USDT,176.89,176.92,101.629,98.705
2025-07-25T07:35:17.430274,ETH-USDT,3623.25,3623.36,5.454,0.417
2025-07-25T07:35:17.430300,BTC-USDT,115312.78,115312.79,7.9168,6.0555
2025-07-25T07:35:17.430327,XRP-USDT,3.0714,3.0715,20537.4,29876.6
2025-07-25T07:35:17.430352,SOL-USDT,176.86,176.9,95.528,131.982
2025-07-25T07:35:17.430380,ETH-USDT,3622.69,3622.78,5.88,3.527
2025-07-25T07:35:17.430404,SOL-USDT,176.86,176.9,95.528,131.982
2025-07-25T07:35:17.430431,ETH-USDT,3622.8,3622.89,6.987,2.855
2025-07-25T07:35:17.430455,BTC-USDT,115312.78,115312.79,7.9168,6.0555
2025-07-25T07:35:17.430482,SOL-USDT,176.86,176.9,95.528,131.982
2025-07-25T07:35:17.430506,XRP-USDT,3.0719,3.072,19761.0,39579.8
2025-07-25T07:35:17.430534,SOL-USDT,176.85,176.9,92.03,131.982
2025-07-25T07:35:17.430558,ETH-USDT,3622.11,3622.2,7.888,7.903
2025-07-25T07:35:17.430583,BTC-USDT,115312.78,115312.79,7.9168,6.0555
2025-07-25T07:35:17.430608,XRP-USDT,3.0712,3.0713,29490.2,65035.4
2025-07-25T07:35:17.430635,SOL-USDT,176.8,176.83,100.857,133.208
2025-07-25T07:35:17.430659,ETH-USDT,3621.74,3621.83,5.782,4.628
2025-07-25T07:35:17.450650,SOL-USDT,176.79,176.83,31.487,133.208
2025-07-25T07:35:17.450695,ETH-USDT,3622.09,3622.2,5.506,7.903
2025-07-25T07:35:17.450727,BTC-USDT,115300.0,115300.01,1.0318,17.0124
2025-07-25T07:35:17.450762,SOL-USDT,176.79,176.83,31.487,133.208
2025-07-25T07:35:17.450812,BTC-USDT,115300.0,115300.01,1.0318,17.0124
2025-07-25T07:35:17.450845,BTC-USDT,115300.0,115300.01,1.0318,17.0124
2025-07-25T07:35:17.450872,SOL-USDT,176.78,176.83,50.321,133.208
2025-07-25T07:35:17.450896,SOL-USDT,176.77,176.8,33.483,120.052
2025-07-25T07:35:17.450924,BTC-USDT,115300.0,115300.01,1.0318,17.0124
2025-07-25T07:35:17.450947,XRP-USDT,3.0706,3.0707,21590.4,43816.5
2025-07-25T07:35:17.450964,SOL-USDT,176.75,176.79,98.251,124.427
2025-07-25T07:35:17.450983,ETH-USDT,3622.01,3622.1,0.181,6.998
2025-07-25T07:35:17.451002,LTC-USDT,111.33,111.36,24.021,60.435
2025-07-25T07:35:17.451023,SOL-USDT,176.73,176.79,27.857,124.427
2025-07-25T07:35:17.451042,ETH-USDT,3621.44,3621.53,0.935,5.851
2025-07-25T07:35:17.451062,BTC-USDT,115300.0,115300.01,1.0318,17.0124
2025-07-25T07:35:17.451082,LTC-USDT,111.33,111.36,24.021,60.435
2025-07-25T07:35:17.451101,XRP-USDT,3.0703,3.0704,8201.2,20612.3
2025-07-25T07:35:17.451121,SOL-USDT,176.76,176.8,128.558,120.052
2025-07-25T07:35:17.451140,ETH-USDT,3621.75,3621.84,6.579,3.124
2025-07-25T07:35:17.451159,BTC-USDT,115300.0,115300.01,1.0318,2.9319
2025-07-25T07:35:17.451176,LTC-USDT,111.33,111.36,24.021,60.435
2025-07-25T07:35:17.451196,LTC-USDT,111.3,111.33,15.291,55.602
2025-07-25T07:35:17.451235,XRP-USDT,3.0704,3.0705,20849.9,15016.0
2025-07-25T07:35:17.451260,ETH-USDT,3621.44,3621.84,0.935,3.124
2025-07-25T07:35:17.451280,LTC-USDT,111.3,111.36,15.291,60.435
2025-07-25T07:35:17.451300,XRP-USDT,3.0707,3.0708,1664.5,22994.4
2025-07-25T07:35:17.451318,SOL-USDT,176.8,176.86,116.04,98.136
2025-07-25T07:35:17.451337,ETH-USDT,3621.89,3621.98,4.198,7.276
2025-07-25T07:35:17.451356,BTC-USDT,115300.0,115300.01,1.0318,2.9319
2025-07-25T07:35:17.451374,LTC-USDT,111.33,111.37,61.14,18.959
2025-07-25T07:35:17.451391,SOL-USDT,176.76,176.8,128.558,109.44
2025-07-25T07:35:17.451410,ETH-USDT,3621.72,3621.81,6.876,7.534
2025-07-25T07:35:17.451429,BTC-USDT,115300.0,115300.01,1.0318,2.9319
2025-07-25T07:35:17.451448,LTC-USDT,111.37,111.4,98.105,18.244
2025-07-25T07:35:17.451467,SOL-USDT,176.82,176.87,95.966,115.54
2025-07-25T07:35:17.451486,ETH-USDT,3622.08,3622.17,5.864,4.546
2025-07-25T07:35:17.451505,LTC-USDT,111.34,111.37,161.301,59.97
2025-07-25T07:35:17.451523,XRP-USDT,3.071,3.0711,16997.8,44431.0
2025-07-25T07:35:17.451541,SOL-USDT,176.78,176.82,92.729,112.809
2025-07-25T07:35:17.451570,BTC-USDT,115300.0,115300.01,1.0318,2.9319
2025-07-25T07:35:17.451596,LTC-USDT,111.34,111.37,40.506,59.97
2025-07-25T07:35:17.451626,XRP-USDT,3.069,3.0691,28055.5,79604.2
2025-07-25T07:35:17.451657,SOL-USDT,176.71,176.75,33.821,100.813
2025-07-25T07:35:17.451686,ETH-USDT,3621.53,3621.62,4.922,5.625
2025-07-25T07:35:17.451716,LTC-USDT,111.31,111.35,31.008,59.387
2025-07-25T07:35:17.451747,BTC-USDT,115300.0,115300.01,1.0318,2.9319
2025-07-25T07:35:17.451797,SOL-USDT,176.71,176.75,33.821,100.813
2025-07-25T07:35:17.451829,ETH-USDT,3620.74,3620.99,2.431,6.878
2025-07-25T07:35:17.451858,LTC-USDT,111.3,111.35,15.291,59.387
2025-07-25T07:35:17.451891,SOL-USDT,176.68,176.72,16.74,119.107
2025-07-25T07:35:17.467620,ETH-USDT,3620.42,3620.51,4.283,7.061
2025-07-25T07:35:17.467669,BTC-USDT,115297.29,115297.3,1.7366,24.5981
2025-07-25T07:35:17.467703,XRP-USDT,3.0685,3.0686,3699.9,10062.5
2025-07-25T07:35:17.467731,SOL-USDT,176.71,176.75,120.239,100.813
2025-07-25T07:35:17.467759,ETH-USDT,3621.11,3621.2,6.313,5.425
2025-07-25T07:35:17.467808,LTC-USDT,111.28,111.31,47.44,43.709
2025-07-25T07:35:17.467834,SOL-USDT,176.57,176.6,76.861,129.922
2025-07-25T07:35:17.467856,ETH-USDT,3619.83,3620.07,0.855,7.181
2025-07-25T07:35:17.467879,BTC-USDT,115297.29,115297.3,1.7366,24.5981
2025-07-25T07:35:17.467900,LTC-USDT,111.23,111.26,22.136,59.996
2025-07-25T07:35:17.467923,XRP-USDT,3.0666,3.0667,38368.8,23884.6
2025-07-25T07:35:17.467944,SOL-USDT,176.55,176.6,120.891,129.922
2025-07-25T07:35:17.467966,ETH-USDT,3619.46,3619.64,0.73,0.005
2025-07-25T07:35:17.467990,LTC-USDT,111.33,111.37,102.814,59.97
2025-07-25T07:35:17.468016,SOL-USDT,176.66,176.69,119.64,121.674
2025-07-25T07:35:17.468041,ETH-USDT,3620.85,3620.94,7.9,0.866
2025-07-25T07:35:17.468064,BTC-USDT,115285.71,115285.72,1.3369,22.515
2025-07-25T07:35:17.468090,LTC-USDT,111.31,111.34,58.828,31.928
2025-07-25T07:35:17.468112,XRP-USDT,3.0683,3.0684,76145.7,41876.1
2025-07-25T07:35:17.468134,SOL-USDT,176.62,176.67,130.889,124.523
2025-07-25T07:35:17.468157,ETH-USDT,3619.98,3620.07,7.663,7.166
2025-07-25T07:35:17.468179,BTC-USDT,115285.71,115285.72,1.3369,22.515
2025-07-25T07:35:17.468202,LTC-USDT,111.31,111.37,58.828,59.97
2025-07-25T07:35:17.468225,SOL-USDT,176.69,176.73,131.846,131.546
2025-07-25T07:35:17.468249,ETH-USDT,3620.82,3620.92,0.778,7.14
2025-07-25T07:35:17.468276,LTC-USDT,111.34,111.38,94.912,20.529
2025-07-25T07:35:17.468300,XRP-USDT,3.0685,3.0686,15868.3,10062.5
2025-07-25T07:35:17.468325,SOL-USDT,176.69,176.74,131.846,128.163
2025-07-25T07:35:17.468350,ETH-USDT,3620.43,3620.92,0.7,7.14
2025-07-25T07:35:17.468378,BTC-USDT,115285.71,115285.72,1.3369,22.515
2025-07-25T07:35:17.468408,LTC-USDT,111.34,111.4,94.912,18.244
2025-07-25T07:35:17.468433,SOL-USDT,176.67,176.7,90.658,120.217
2025-07-25T07:35:17.468458,ETH-USDT,3620.55,3620.64,7.354,7.208
2025-07-25T07:35:17.468483,BTC-USDT,115285.71,115285.72,1.3369,22.515
2025-07-25T07:35:17.652855,XRP-USDT,3.0687,3.0688,32556.2,61291.9
2025-07-25T07:35:17.662836,SOL-USDT,176.67,176.7,90.658,120.217
2025-07-25T07:35:17.676134,BTC-USDT,115260.13,115260.14,0.0057,19.8636
2025-07-25T07:35:19.366306,LTC-USDT,111.33,111.38,36.046,72.063
2025-07-25T07:35:19.366361,SOL-USDT,176.64,176.67,110.136,90.895
2025-07-25T07:35:19.366403,ETH-USDT,3619.27,3619.36,0.123,6.372
2025-07-25T07:35:19.366443,BTC-USDT,115260.13,115260.14,0.0057,19.8636
2025-07-25T07:35:19.730303,LTC-USDT,111.3,111.33,14.902,57.847
2025-07-25T07:35:19.746265,XRP-USDT,3.0674,3.0675,119282.8,79031.2
2025-07-25T07:35:19.753688,SOL-USDT,176.58,176.61,111.789,131.163
2025-07-25T07:35:19.755651,ETH-USDT,3618.73,3618.82,5.842,7.29
2025-07-25T07:35:20.776932,LTC-USDT,111.3,111.35,14.902,12.261
2025-07-25T07:35:20.792689,XRP-USDT,3.0672,3.0673,62531.0,9624.2
2025-07-25T07:35:20.802738,SOL-USDT,176.64,176.68,103.188,117.071
2025-07-25T07:35:20.804364,ETH-USDT,3619.4,3619.49,7.789,0.176
2025-07-25T07:35:20.816440,BTC-USDT,115223.11,115223.12,0.7896,12.3331
2025-07-25T07:35:21.825723,LTC-USDT,111.4,111.43,98.791,58.352
2025-07-25T07:35:21.847313,SOL-USDT,176.76,176.79,134.946,94.196
2025-07-25T07:35:21.849156,ETH-USDT,3620.36,3620.45,7.748,5.542
2025-07-25T07:35:21.861230,BTC-USDT,115239.99,115240.0,18.1345,1.1341
2025-07-25T07:35:22.870976,LTC-USDT,111.4,111.43,98.791,58.352
2025-07-25T07:35:22.895535,SOL-USDT,176.76,176.79,134.946,94.196
2025-07-25T07:35:23.918516,LTC-USDT,111.4,111.44,98.791,13.464
2025-07-25T07:35:23.931971,XRP-USDT,3.0692,3.0693,11144.1,30231.2
2025-07-25T07:35:23.942565,SOL-USDT,176.8,176.85,126.313,110.83
2025-07-25T07:35:23.944163,ETH-USDT,3621.42,3621.51,6.977,0.156
2025-07-25T07:35:23.956010,BTC-USDT,115249.07,115249.08,23.5638,0.7761
2025-07-25T07:35:24.965670,LTC-USDT,111.4,111.46,98.791,18.483
2025-07-25T07:35:24.980417,XRP-USDT,3.0698,3.0699,70.2,53233.4
2025-07-25T07:35:24.990767,SOL-USDT,176.78,176.82,130.53,91.827
2025-07-25T07:35:24.992719,ETH-USDT,3620.9,3621.23,7.819,1.801
2025-07-25T07:35:26.015028,LTC-USDT,111.4,111.46,98.791,18.483
2025-07-25T07:35:26.038540,SOL-USDT,176.78,176.82,130.53,91.827
2025-07-25T07:35:26.040305,ETH-USDT,3620.85,3620.94,5.631,5.775
2025-07-25T07:35:26.053047,BTC-USDT,115260.12,115260.13,2.2078,2.5108
2025-07-25T07:35:37.716295,XRP-USDT,3.0692,3.0699,11144.1,53233.4
2025-07-25T07:35:37.716312,SOL-USDT,176.77,176.82,130.605,91.827
2025-07-25T07:35:37.716330,ETH-USDT,3620.17,3620.27,5.863,6.105
2025-07-25T07:35:37.716347,XRP-USDT,3.0692,3.0693,11144.1,55623.9
2025-07-25T07:35:37.716365,SOL-USDT,176.75,176.79,96.717,126.826
2025-07-25T07:35:37.716392,ETH-USDT,3620.17,3620.27,5.863,6.105
2025-07-25T07:35:37.716420,BTC-USDT,115225.54,115225.55,7.4651,1.3106
2025-07-25T07:35:37.716451,XRP-USDT,3.0686,3.0687,33357.7,57928.5
2025-07-25T07:35:37.716482,SOL-USDT,176.75,176.79,96.717,126.826
2025-07-25T07:35:37.716511,LTC-USDT,111.39,111.43,38.786,85.417
2025-07-25T07:35:37.716538,SOL-USDT,176.72,176.75,125.949,122.824
2025-07-25T07:35:37.716562,ETH-USDT,3618.87,3618.96,5.822,0.129
2025-07-25T07:35:37.716587,BTC-USDT,115236.09,115236.1,15.6006,0.3196
2025-07-25T07:35:37.716607,LTC-USDT,111.39,111.43,38.786,85.417
2025-07-25T07:35:37.716627,XRP-USDT,3.0666,3.0667,38368.8,33913.4
2025-07-25T07:35:37.716668,SOL-USDT,176.64,176.69,121.658,113.345
2025-07-25T07:35:37.716698,ETH-USDT,3618.87,3618.96,5.822,0.129
2025-07-25T07:35:37.716727,BTC-USDT,115225.54,115236.1,7.4651,0.3196
2025-07-25T07:35:37.716756,LTC-USDT,111.38,111.41,31.803,76.868
2025-07-25T07:35:37.716801,ETH-USDT,3618.65,3618.74,5.309,7.822
2025-07-25T07:35:37.716834,BTC-USDT,115227.83,115227.84,0.6754,26.9745
2025-07-25T07:35:37.716863,LTC-USDT,111.35,111.41,113.88,76.868
2025-07-25T07:35:37.716898,XRP-USDT,3.0665,3.0666,53167.5,31976.9
2025-07-25T07:35:37.716928,ETH-USDT,3618.87,3618.96,6.319,0.129
2025-07-25T07:35:37.716954,LTC-USDT,111.34,111.37,51.266,96.901
2025-07-25T07:35:37.716983,XRP-USDT,3.0663,3.0664,109.7,24078.1
2025-07-25T07:35:37.717010,SOL-USDT,176.6,176.63,135.053,91.249
2025-07-25T07:35:37.717036,ETH-USDT,3618.3,3618.4,6.074,5.683
2025-07-25T07:35:37.717062,BTC-USDT,115227.83,115227.84,0.6754,26.9745
2025-07-25T07:35:37.717095,LTC-USDT,111.34,111.37,51.266,96.901
2025-07-25T07:35:37.717119,ETH-USDT,3618.63,3618.72,7.408,2.853
2025-07-25T07:35:37.717145,BTC-USDT,115227.83,115227.84,0.6754,26.9745
2025-07-25T07:35:37.717169,LTC-USDT,111.34,111.37,51.266,96.901
2025-07-25T07:35:37.717192,SOL-USDT,176.64,176.67,116.495,126.493
2025-07-25T07:35:37.717220,ETH-USDT,3618.63,3618.73,7.408,5.826
2025-07-25T07:35:37.735630,LTC-USDT,111.33,111.37,90.316,96.901
2025-07-25T07:35:37.735733,XRP-USDT,3.0665,3.0666,3357.6,31976.9
2025-07-25T07:35:37.736141,SOL-USDT,176.58,176.63,110.952,103.636
2025-07-25T07:35:37.736196,ETH-USDT,3618.23,3618.32,5.665,2.884
2025-07-25T07:35:37.737989,BTC-USDT,115227.83,115227.84,0.6754,26.9745
2025-07-25T07:35:38.746668,LTC-USDT,111.33,111.38,90.316,49.099
2025-07-25T07:35:38.760199,XRP-USDT,3.0676,3.0677,31357.0,26346.3
2025-07-25T07:35:38.786894,SOL-USDT,176.61,176.66,100.176,99.835
2025-07-25T07:35:38.786937,ETH-USDT,3618.66,3618.75,7.018,3.381
2025-07-25T07:35:39.796145,LTC-USDT,111.33,111.38,117.195,49.5
2025-07-25T07:35:39.809858,XRP-USDT,3.0676,3.0677,31357.0,26346.3
2025-07-25T07:35:39.820095,SOL-USDT,176.61,176.67,100.176,126.493
2025-07-25T07:35:39.821763,ETH-USDT,3618.09,3618.18,3.597,2.221
2025-07-25T07:35:39.833173,BTC-USDT,115227.83,115227.84,0.6754,26.9745
2025-07-25T07:35:40.842546,LTC-USDT,111.33,111.38,90.316,49.5
2025-07-25T07:35:40.855429,XRP-USDT,3.0662,3.0663,130764.4,67768.0
2025-07-25T07:35:40.865834,SOL-USDT,176.58,176.61,103.61,100.125
2025-07-25T07:35:40.866566,ETH-USDT,3617.64,3617.73,7.057,3.16
2025-07-25T07:35:40.879410,BTC-USDT,115227.83,115227.84,0.6754,26.9745
2025-07-25T07:35:42.085811,BTC-USDT,115227.83,115227.84,0.6754,26.9745
2025-07-25T07:35:43.095891,LTC-USDT,111.32,111.35,37.477,82.56
2025-07-25T07:35:43.108742,XRP-USDT,3.065,3.0663,41444.5,67768.0
2025-07-25T07:35:43.118700,SOL-USDT,176.55,176.61,120.891,100.125
2025-07-25T07:35:43.120806,ETH-USDT,3617.5,3617.59,0.458,6.116
2025-07-25T07:35:44.142325,LTC-USDT,111.3,111.35,14.902,82.56
2025-07-25T07:35:44.156039,XRP-USDT,3.065,3.0651,41444.5,36158.7
2025-07-25T07:35:44.165540,SOL-USDT,176.55,176.58,120.891,126.597
2025-07-25T07:35:44.167083,ETH-USDT,3617.44,3617.53,0.063,5.68
2025-07-25T07:35:44.180629,BTC-USDT,115223.19,115223.2,0.0001,25.1173
2025-07-25T07:35:45.206932,XRP-USDT,3.0655,3.0656,59411.0,57270.2
2025-07-25T07:35:45.212362,SOL-USDT,176.55,176.61,120.891,100.125
2025-07-25T07:35:45.213325,ETH-USDT,3617.64,3617.73,7.6,3.16
2025-07-25T07:35:46.235741,LTC-USDT,111.35,111.38,117.013,19.691
2025-07-25T07:35:46.260069,ETH-USDT,3618.68,3618.77,5.89,0.703
2025-07-25T07:35:46.271881,BTC-USDT,115222.71,115222.72,0.3849,29.154
