timestamp,symbol,bid,ask,bid_vol,ask_vol
2025-07-25T08:37:43.983834,BTC-USDT,115226.51,115226.52,2.8775,9.8501
2025-07-25T08:37:43.983858,ETH-USDT,3648.58,3648.67,6.935,0.548
2025-07-25T08:37:43.983873,SOL-USDT,177.65,177.68,123.727,130.366
2025-07-25T08:37:43.983881,XRP-USDT,3.0783,3.0784,42761.7,51848.7
2025-07-25T08:37:43.983887,SOL-USDT,177.65,177.68,123.727,130.366
2025-07-25T08:37:43.983892,ETH-USDT,3648.77,3648.86,7.75,0.768
2025-07-25T08:37:43.983897,LTC-USDT,111.12,111.16,24.42,84.941
2025-07-25T08:37:43.983903,BTC-USDT,115226.51,115226.52,2.8775,9.8501
2025-07-25T08:37:44.929837,ETH-USDT,3649.09,3649.19,7.391,5.438
2025-07-25T08:37:45.972875,ETH-USDT,3649.71,3649.8,7.63,5.719
2025-07-25T08:37:45.984137,BTC-USDT,115229.99,115230.0,7.5841,0.0605
2025-07-25T08:37:46.993294,LTC-USDT,111.15,111.18,102.351,32.709
2025-07-25T08:37:47.009284,XRP-USDT,3.0789,3.079,12522.1,9423.4
2025-07-25T08:37:47.018661,SOL-USDT,177.65,177.7,123.727,91.015
2025-07-25T08:37:47.020085,ETH-USDT,3649.09,3649.22,7.391,5.379
2025-07-25T08:37:48.039317,LTC-USDT,111.15,111.18,102.351,32.709
2025-07-25T08:37:48.060658,SOL-USDT,177.68,177.73,115.568,116.942
2025-07-25T08:37:48.062211,ETH-USDT,3649.63,3649.72,6.975,5.011
2025-07-25T08:37:48.075004,BTC-USDT,115220.72,115220.73,4.9855,15.2779
2025-07-25T08:37:49.098453,XRP-USDT,3.0792,3.0793,42979.0,19783.8
2025-07-25T08:37:49.111045,SOL-USDT,177.68,177.73,115.568,116.942
2025-07-25T08:37:49.111058,ETH-USDT,3649.7,3649.8,6.942,5.719
2025-07-25T08:37:50.133745,LTC-USDT,111.15,111.2,102.351,86.827
2025-07-25T08:37:50.159936,ETH-USDT,3649.95,3650.04,7.415,0.392
2025-07-25T08:37:50.171118,BTC-USDT,115229.99,115230.0,11.3318,0.0605
2025-07-25T08:37:51.179899,LTC-USDT,111.15,111.21,102.351,41.783
2025-07-25T08:37:51.194000,XRP-USDT,3.0795,3.0796,5910.3,53724.8
2025-07-25T08:37:51.204993,SOL-USDT,177.71,177.75,106.825,124.329
2025-07-25T08:37:51.219237,BTC-USDT,115229.99,115230.0,11.3318,0.0605
2025-07-25T08:37:52.253281,SOL-USDT,177.69,177.75,41.423,124.329
2025-07-25T08:37:52.266710,BTC-USDT,115223.32,115223.33,0.0792,6.849
2025-07-25T08:37:53.289703,XRP-USDT,3.0792,3.0793,42979.0,34258.1
2025-07-25T08:37:54.323563,LTC-USDT,111.15,111.18,102.351,105.314
2025-07-25T08:37:54.347055,SOL-USDT,177.66,177.7,129.166,114.788
2025-07-25T08:37:54.349652,ETH-USDT,3649.57,3649.66,4.44,5.916
2025-07-25T08:37:54.363957,BTC-USDT,115223.32,115223.33,0.0792,6.849
2025-07-25T08:37:55.373998,LTC-USDT,111.15,111.18,102.351,105.314
2025-07-25T08:37:55.387475,XRP-USDT,3.0788,3.0789,39.0,25272.5
2025-07-25T08:37:55.399150,SOL-USDT,177.66,177.71,129.166,108.341
2025-07-25T08:37:56.424714,LTC-USDT,111.15,111.19,102.351,38.55
2025-07-25T08:37:56.461695,BTC-USDT,115230.23,115230.24,2.3737,14.9096
2025-07-25T08:37:57.495476,ETH-USDT,3649.41,3649.5,0.071,7.628
2025-07-25T08:37:57.505672,BTC-USDT,115230.23,115230.24,2.3737,14.9096
2025-07-25T08:37:58.541346,SOL-USDT,177.62,177.67,121.784,121.497
2025-07-25T08:37:58.543547,ETH-USDT,3648.06,3648.48,0.003,7.609
2025-07-25T08:37:59.564628,LTC-USDT,111.14,111.19,47.426,38.55
2025-07-25T08:37:59.578226,XRP-USDT,3.0773,3.0774,37430.1,16548.5
2025-07-25T08:37:59.588632,SOL-USDT,177.6,177.63,134.634,106.652
2025-07-25T08:37:59.590448,ETH-USDT,3647.94,3648.03,0.021,7.452
2025-07-25T08:37:59.601429,BTC-USDT,115230.23,115230.24,2.3737,14.9096
2025-07-25T08:38:00.610938,LTC-USDT,111.12,111.16,43.905,96.391
2025-07-25T08:38:00.624870,XRP-USDT,3.0771,3.0772,64191.9,65971.9
2025-07-25T08:38:00.633883,SOL-USDT,177.6,177.63,134.634,106.652
2025-07-25T08:38:00.635539,ETH-USDT,3647.87,3647.96,0.086,5.593
2025-07-25T08:38:00.771673,BTC-USDT,115204.09,115204.1,1.2053,8.6902
2025-07-25T08:38:01.804752,ETH-USDT,3647.27,3647.36,1.589,7.89
2025-07-25T08:38:01.815703,BTC-USDT,115204.08,115204.1,0.0007,8.6902
2025-07-25T08:38:02.840336,XRP-USDT,3.0768,3.0769,40662.1,91967.7
2025-07-25T08:38:02.851353,ETH-USDT,3646.52,3646.99,0.731,7.791
2025-07-25T08:38:03.893611,SOL-USDT,177.55,177.59,111.123,130.984
2025-07-25T08:38:03.895023,ETH-USDT,3646.35,3646.44,1.869,6.637
2025-07-25T08:38:03.906288,BTC-USDT,115204.07,115204.08,0.2744,27.1246
2025-07-25T08:38:04.929552,XRP-USDT,3.0766,3.0767,74903.8,18834.9
2025-07-25T08:38:04.938650,SOL-USDT,177.55,177.59,111.123,130.984
2025-07-25T08:38:06.039113,BTC-USDT,115204.07,115204.08,0.2744,27.1246
2025-07-25T08:38:07.061518,XRP-USDT,3.0769,3.077,27876.7,70538.5
2025-07-25T08:38:07.072896,ETH-USDT,3647.09,3647.18,6.161,2.071
2025-07-25T08:38:08.093430,LTC-USDT,111.12,111.17,43.905,36.164
2025-07-25T08:38:08.119729,SOL-USDT,177.63,177.68,133.816,107.701
2025-07-25T08:38:08.121518,ETH-USDT,3646.72,3646.81,5.34,2.945
2025-07-25T08:38:08.134608,BTC-USDT,115204.06,115204.07,0.0939,28.1719
2025-07-25T08:38:09.159575,XRP-USDT,3.078,3.0781,1802.8,38628.0
2025-07-25T08:38:09.171880,ETH-USDT,3646.72,3646.82,5.34,7.664
2025-07-25T08:38:10.190178,LTC-USDT,111.15,111.19,109.974,38.55
2025-07-25T08:38:10.204016,XRP-USDT,3.078,3.0781,1802.8,38628.0
2025-07-25T08:38:10.213185,SOL-USDT,177.66,177.7,111.002,93.223
2025-07-25T08:38:10.214679,ETH-USDT,3647.64,3647.75,6.382,7.514
2025-07-25T08:38:10.226473,BTC-USDT,115204.06,115204.07,0.0939,28.1719
2025-07-25T08:38:11.235409,LTC-USDT,111.15,111.19,109.974,38.55
2025-07-25T08:38:11.248287,XRP-USDT,3.079,3.0791,41593.2,14910.0
2025-07-25T08:38:11.259968,SOL-USDT,177.69,177.72,120.858,99.837
2025-07-25T08:38:11.262499,ETH-USDT,3647.75,3647.84,7.036,0.04
2025-07-25T08:38:12.308124,SOL-USDT,177.69,177.72,120.858,99.837
2025-07-25T08:38:12.309164,ETH-USDT,3647.95,3648.04,2.073,6.674
2025-07-25T08:38:12.323923,BTC-USDT,115217.5,115217.51,11.4943,1.0109
2025-07-25T08:38:13.355936,SOL-USDT,177.69,177.74,120.858,112.898
2025-07-25T08:38:13.357329,ETH-USDT,3647.95,3648.04,2.073,6.674
2025-07-25T08:38:14.377855,LTC-USDT,111.18,111.21,125.122,25.798
2025-07-25T08:38:14.400688,SOL-USDT,177.72,177.75,120.922,124.329
2025-07-25T08:38:14.401894,ETH-USDT,3648.48,3648.57,6.522,0.131
2025-07-25T08:38:14.414265,BTC-USDT,115217.5,115217.51,11.4943,1.0109
2025-07-25T08:38:15.426116,LTC-USDT,111.18,111.22,116.974,28.118
2025-07-25T08:38:15.441681,XRP-USDT,3.0796,3.0797,28479.9,15781.5
2025-07-25T08:38:15.453219,SOL-USDT,177.75,177.81,126.534,130.122
2025-07-25T08:38:15.455047,ETH-USDT,3648.56,3648.65,7.121,5.265
2025-07-25T08:38:15.466036,BTC-USDT,115000.0,115218.0,0.9975,0.0662
2025-07-25T08:38:16.489723,XRP-USDT,3.0792,3.0793,19477.0,99412.0
2025-07-25T08:38:16.499199,SOL-USDT,177.74,177.81,104.063,130.122
2025-07-25T08:38:16.500733,ETH-USDT,3647.82,3647.91,2.411,5.436
2025-07-25T08:38:16.512247,BTC-USDT,115244.88,115244.89,0.3767,14.0572
2025-07-25T08:38:17.522693,LTC-USDT,111.15,111.19,28.64,94.049
2025-07-25T08:38:17.544432,SOL-USDT,177.72,177.77,120.922,114.363
2025-07-25T08:38:17.546538,ETH-USDT,3646.87,3646.96,0.013,7.25
2025-07-25T08:38:18.569633,LTC-USDT,111.15,111.19,28.64,94.049
2025-07-25T08:38:18.593867,SOL-USDT,177.69,177.74,83.161,126.068
2025-07-25T08:38:18.595578,ETH-USDT,3646.82,3646.91,6.628,2.771
2025-07-25T08:38:18.607034,BTC-USDT,115212.89,115224.38,0.2091,0.5252
2025-07-25T08:38:19.615970,LTC-USDT,111.18,111.22,87.506,31.449
2025-07-25T08:38:19.629824,XRP-USDT,3.0777,3.0778,65.0,727.0
2025-07-25T08:38:19.652381,BTC-USDT,115204.0,115827.43,0.0253,0.0006
2025-07-25T08:38:20.662342,LTC-USDT,111.18,111.22,72.81,31.449
2025-07-25T08:38:20.675879,XRP-USDT,3.0778,3.0779,76771.8,39.0
2025-07-25T08:38:20.699724,BTC-USDT,115204.0,115204.01,0.0253,17.642
2025-07-25T08:38:21.708311,LTC-USDT,111.24,111.27,97.833,36.768
2025-07-25T08:38:21.728139,SOL-USDT,177.76,177.8,134.106,116.446
2025-07-25T08:38:21.729910,ETH-USDT,3647.34,3647.43,5.35,2.935
2025-07-25T08:38:21.741199,BTC-USDT,115204.0,115204.01,0.0253,17.642
2025-07-25T08:38:22.750645,LTC-USDT,111.26,111.3,124.562,37.049
2025-07-25T08:38:22.773842,SOL-USDT,177.76,177.81,134.106,130.122
2025-07-25T08:38:22.775773,ETH-USDT,3647.69,3647.78,7.848,1.816
2025-07-25T08:38:23.797082,LTC-USDT,111.26,111.32,124.562,31.367
2025-07-25T08:38:23.810022,XRP-USDT,3.0792,3.0797,708.2,15781.5
2025-07-25T08:38:23.820139,SOL-USDT,177.76,177.81,134.106,130.122
2025-07-25T08:38:23.821874,ETH-USDT,3647.47,3647.56,0.009,7.73
2025-07-25T08:38:23.834964,BTC-USDT,115204.0,115206.0,0.0253,0.0606
2025-07-25T08:38:24.844268,LTC-USDT,111.26,111.29,124.562,92.313
2025-07-25T08:38:24.857744,XRP-USDT,3.0787,3.0788,11453.8,42350.4
2025-07-25T08:38:24.867605,SOL-USDT,177.73,177.76,107.438,120.712
2025-07-25T08:38:24.869101,ETH-USDT,3647.82,3647.91,5.721,5.436
2025-07-25T08:38:24.880253,BTC-USDT,115222.34,115222.35,6.1201,6.6417
2025-07-25T08:38:25.890335,LTC-USDT,111.26,111.29,124.562,92.313
2025-07-25T08:38:25.925387,BTC-USDT,115222.34,115222.35,6.1201,6.6417
2025-07-25T08:38:26.951014,XRP-USDT,3.0788,3.0789,53803.4,100779.6
2025-07-25T08:38:26.959868,ETH-USDT,3647.87,3647.96,7.611,0.042
2025-07-25T08:38:28.013612,BTC-USDT,115222.34,115230.61,6.1201,0.0001
2025-07-25T08:38:29.036292,XRP-USDT,3.0789,3.079,33485.4,33167.7
2025-07-25T08:38:29.045404,SOL-USDT,177.73,177.78,107.438,95.503
2025-07-25T08:38:29.046837,ETH-USDT,3648.15,3648.24,7.249,0.109
2025-07-25T08:38:29.058680,BTC-USDT,115222.34,115228.09,6.1201,0.0047
2025-07-25T08:38:30.093160,ETH-USDT,3648.51,3648.6,6.671,0.178
2025-07-25T08:38:30.104320,BTC-USDT,115251.28,115251.29,5.9794,3.4903
2025-07-25T08:38:31.131026,XRP-USDT,3.0792,3.0793,17345.6,33800.2
2025-07-25T08:38:31.144936,ETH-USDT,3648.36,3648.45,0.341,5.891
2025-07-25T08:38:32.190175,SOL-USDT,177.76,177.8,109.395,120.004
2025-07-25T08:38:32.191861,ETH-USDT,3648.65,3648.74,6.156,0.246
2025-07-25T08:38:32.204216,BTC-USDT,115251.28,115251.29,5.9794,3.4903
2025-07-25T08:38:33.213995,LTC-USDT,111.26,111.32,124.562,31.367
2025-07-25T08:38:33.229391,XRP-USDT,3.0799,3.08,49932.0,119337.4
2025-07-25T08:38:33.239773,SOL-USDT,177.76,177.81,109.395,130.122
2025-07-25T08:38:33.241543,ETH-USDT,3649.17,3649.26,6.794,5.51
2025-07-25T08:38:34.288488,SOL-USDT,177.79,177.82,122.285,109.491
2025-07-25T08:38:34.289021,ETH-USDT,3649.17,3649.66,6.794,5.916
2025-07-25T08:38:34.300711,BTC-USDT,115267.26,115267.27,18.1946,0.2135
2025-07-25T08:38:35.311630,LTC-USDT,111.32,111.36,115.921,28.965
2025-07-25T08:38:35.326965,XRP-USDT,3.0807,3.0808,74056.3,37440.0
2025-07-25T08:38:35.336960,SOL-USDT,177.83,177.86,101.115,97.979
2025-07-25T08:38:35.338203,ETH-USDT,3649.58,3650.04,5.976,0.392
2025-07-25T08:38:35.349658,BTC-USDT,115279.13,115279.14,7.5524,1.4659
2025-07-25T08:38:36.359194,LTC-USDT,111.34,111.38,109.088,23.569
2025-07-25T08:38:36.381246,SOL-USDT,177.83,177.86,101.115,97.979
2025-07-25T08:38:36.382881,ETH-USDT,3649.58,3650.04,5.976,0.392
2025-07-25T08:38:36.395145,BTC-USDT,115279.13,115279.14,7.5524,1.4659
2025-07-25T08:38:37.418523,XRP-USDT,3.0804,3.0805,29582.3,116614.2
2025-07-25T08:38:37.428850,SOL-USDT,177.82,177.86,90.361,97.979
2025-07-25T08:38:38.453207,LTC-USDT,111.34,111.39,109.088,31.143
2025-07-25T08:38:38.475881,SOL-USDT,177.86,177.9,125.972,105.035
2025-07-25T08:38:38.477336,ETH-USDT,3650.65,3650.74,5.456,5.362
2025-07-25T08:38:38.489457,BTC-USDT,115274.89,115274.9,10.0473,2.8701
2025-07-25T08:38:39.512030,XRP-USDT,3.081,3.0811,7228.5,14279.2
2025-07-25T08:38:39.523665,SOL-USDT,177.86,177.9,125.972,105.035
2025-07-25T08:38:39.525214,ETH-USDT,3650.77,3651.24,7.441,0.113
2025-07-25T08:38:39.536441,BTC-USDT,115287.99,115288.0,9.3642,0.0956
2025-07-25T08:38:40.546219,LTC-USDT,111.38,111.41,123.818,25.149
2025-07-25T08:38:40.559603,XRP-USDT,3.0812,3.0813,10217.0,12649.0
2025-07-25T08:38:40.571838,ETH-USDT,3651.23,3651.32,1.592,6.168
2025-07-25T08:38:40.583873,BTC-USDT,115287.99,115288.0,9.3642,0.0956
2025-07-25T08:38:41.593004,LTC-USDT,111.37,111.43,60.963,93.69
2025-07-25T08:38:41.615966,SOL-USDT,177.84,177.87,100.246,106.827
2025-07-25T08:38:42.638244,LTC-USDT,111.37,111.4,60.963,95.829
2025-07-25T08:38:42.660815,SOL-USDT,177.76,177.8,109.395,98.765
2025-07-25T08:38:42.662116,ETH-USDT,3650.46,3650.55,0.147,5.343
2025-07-25T08:38:42.673557,BTC-USDT,115288.75,115288.76,1.9626,0.0794
2025-07-25T08:38:44.248187,LTC-USDT,111.36,111.4,41.204,95.829
2025-07-25T08:38:44.248195,XRP-USDT,3.0805,3.0806,11638.3,113680.3
2025-07-25T08:38:44.248205,SOL-USDT,177.76,177.8,109.395,98.765
2025-07-25T08:38:44.248213,ETH-USDT,3650.46,3650.77,0.147,5.567
2025-07-25T08:38:44.248222,BTC-USDT,115288.75,115288.76,1.9626,0.0794
2025-07-25T08:38:44.744898,XRP-USDT,3.0817,3.0818,19200.0,50911.1
2025-07-25T08:38:44.756143,SOL-USDT,177.82,177.87,123.373,106.827
2025-07-25T08:38:44.758496,ETH-USDT,3650.91,3651.32,5.877,6.168
2025-07-25T08:38:45.781431,LTC-USDT,111.39,111.43,111.996,93.69
2025-07-25T08:38:45.811015,SOL-USDT,177.82,177.87,123.373,106.827
2025-07-25T08:38:45.812430,ETH-USDT,3651.41,3651.5,7.71,0.127
2025-07-25T08:38:45.822948,BTC-USDT,115299.99,115300.0,4.5073,0.0514
2025-07-25T08:38:46.832517,LTC-USDT,111.39,111.44,111.996,31.086
2025-07-25T08:38:46.854347,SOL-USDT,177.85,177.88,91.215,116.277
2025-07-25T08:38:46.855945,ETH-USDT,3651.41,3651.89,10.318,7.238
2025-07-25T08:38:47.876483,LTC-USDT,111.43,111.46,111.301,74.723
2025-07-25T08:38:47.889760,XRP-USDT,3.0822,3.0823,77.5,12877.4
2025-07-25T08:38:47.897623,SOL-USDT,177.85,177.91,91.215,107.458
2025-07-25T08:38:47.898870,ETH-USDT,3651.83,3651.93,7.667,6.056
2025-07-25T08:38:47.909235,BTC-USDT,115310.41,115310.42,7.9892,0.7084
2025-07-25T08:38:48.917569,LTC-USDT,111.43,111.46,111.301,74.723
2025-07-25T08:38:48.942116,ETH-USDT,3651.95,3652.04,7.753,5.274
2025-07-25T08:38:50.006828,BTC-USDT,115321.95,115321.96,9.6822,1.5844
2025-07-25T08:38:51.030231,XRP-USDT,3.082,3.0821,11656.3,84136.0
2025-07-25T08:38:52.100538,BTC-USDT,115321.95,115321.96,9.6822,1.5844
2025-07-25T08:38:53.110316,LTC-USDT,111.43,111.47,111.301,31.756
2025-07-25T08:38:53.134038,ETH-USDT,3652.45,3652.54,5.496,1.768
2025-07-25T08:38:53.145540,BTC-USDT,115321.95,115321.96,9.6822,1.5844
2025-07-25T08:38:54.155014,LTC-USDT,111.43,111.49,111.301,20.324
2025-07-25T08:38:54.176218,SOL-USDT,177.9,177.93,132.543,111.217
2025-07-25T08:38:54.178155,ETH-USDT,3652.84,3652.93,6.729,0.052
2025-07-25T08:38:54.189379,BTC-USDT,115321.95,115321.96,9.6822,1.5844
2025-07-25T08:38:55.212498,XRP-USDT,3.0822,3.0823,87.9,12877.4
2025-07-25T08:38:55.222467,SOL-USDT,177.85,177.9,126.168,110.468
2025-07-25T08:38:56.245407,LTC-USDT,111.46,111.49,99.348,20.324
2025-07-25T08:38:56.267422,SOL-USDT,177.85,177.9,126.168,110.468
2025-07-25T08:38:56.268764,ETH-USDT,3653.2,3653.29,5.818,3.29
2025-07-25T08:38:56.283265,BTC-USDT,115330.31,115330.32,8.2378,2.1343
2025-07-25T08:38:57.308838,XRP-USDT,3.0819,3.082,73.8,24648.5
2025-07-25T08:38:57.318186,SOL-USDT,177.84,177.87,95.712,115.606
2025-07-25T08:38:57.319828,ETH-USDT,3652.75,3652.84,0.107,6.098
2025-07-25T08:38:57.331301,BTC-USDT,115330.3,115330.32,0.0047,2.1343
2025-07-25T08:38:58.342516,LTC-USDT,111.42,111.46,41.731,106.767
2025-07-25T08:38:58.375429,SOL-USDT,177.8,177.84,120.081,118.642
2025-07-25T08:38:58.375441,ETH-USDT,3652.45,3652.56,5.496,6.962
2025-07-25T08:38:58.382702,BTC-USDT,115297.07,115297.08,0.0071,15.4322
2025-07-25T08:38:59.405170,XRP-USDT,3.0813,3.0814,1975.3,21499.4
2025-07-25T08:38:59.415283,ETH-USDT,3653.3,3653.39,1.208,5.698
2025-07-25T08:39:00.459365,SOL-USDT,177.83,177.87,105.943,115.606
2025-07-25T08:39:00.460953,ETH-USDT,3653.02,3653.11,0.118,5.472
2025-07-25T08:39:00.472906,BTC-USDT,115293.75,115306.0,0.0006,0.0662
2025-07-25T08:39:01.481994,LTC-USDT,111.42,111.47,41.731,38.573
2025-07-25T08:39:01.497276,XRP-USDT,3.0812,3.0813,53354.6,65445.1
2025-07-25T08:39:01.506676,SOL-USDT,177.8,177.84,105.948,91.868
2025-07-25T08:39:01.508061,ETH-USDT,3652.2,3652.68,6.768,1.056
2025-07-25T08:39:01.518470,BTC-USDT,115293.75,115306.0,0.0006,0.0662
2025-07-25T08:39:02.527246,LTC-USDT,111.41,111.44,52.207,61.503
2025-07-25T08:39:02.548948,SOL-USDT,177.79,177.84,128.854,91.868
2025-07-25T08:39:02.551951,ETH-USDT,3652.2,3652.68,6.768,1.056
2025-07-25T08:39:02.562051,BTC-USDT,115298.88,115298.89,3.383,6.0823
2025-07-25T08:39:03.571159,LTC-USDT,111.36,111.41,48.054,118.624
2025-07-25T08:39:03.584390,XRP-USDT,3.0808,3.0809,52.0,39579.3
2025-07-25T08:39:03.594383,SOL-USDT,177.69,177.72,83.161,119.334
2025-07-25T08:39:03.597130,ETH-USDT,3650.52,3650.86,3.398,5.849
2025-07-25T08:39:04.618489,LTC-USDT,111.36,111.41,48.054,118.624
2025-07-25T08:39:04.641760,SOL-USDT,177.69,177.76,83.161,260.26
2025-07-25T08:39:04.643707,ETH-USDT,3651.28,3651.37,5.633,0.038
2025-07-25T08:39:04.655509,BTC-USDT,115298.88,115298.89,3.383,6.0823
2025-07-25T08:39:05.677353,XRP-USDT,3.0807,3.0808,92876.2,18524.5
2025-07-25T08:39:05.687591,SOL-USDT,177.75,177.79,119.097,105.387
2025-07-25T08:39:05.700527,BTC-USDT,115310.42,115310.43,10.5364,10.5821
2025-07-25T08:39:06.731460,SOL-USDT,177.75,177.79,119.097,105.387
2025-07-25T08:39:06.744459,BTC-USDT,115310.42,115310.43,10.5364,10.5821
2025-07-25T08:39:07.777406,ETH-USDT,3651.45,3651.54,5.342,0.178
2025-07-25T08:39:07.787983,BTC-USDT,115310.42,115310.43,10.5364,10.5821
2025-07-25T08:39:09.880026,BTC-USDT,115310.42,115310.43,10.5364,10.5821
2025-07-25T08:39:10.911754,SOL-USDT,177.73,177.79,111.374,105.387
2025-07-25T08:39:10.914636,ETH-USDT,3651.64,3652.21,6.761,6.333
2025-07-25T08:39:10.926463,BTC-USDT,115310.42,115310.43,10.5364,10.5821
2025-07-25T08:39:11.946186,XRP-USDT,3.0806,3.0807,101704.7,29408.1
2025-07-25T08:39:11.965979,SOL-USDT,177.73,177.76,111.374,105.258
2025-07-25T08:39:11.967307,ETH-USDT,3651.38,3651.47,3.589,7.474
2025-07-25T08:39:11.978588,BTC-USDT,115310.42,115310.43,10.5364,10.5821
2025-07-25T08:39:13.001493,XRP-USDT,3.0803,3.0804,22808.5,93554.8
2025-07-25T08:39:13.010319,SOL-USDT,177.7,177.76,121.446,105.258
2025-07-25T08:39:13.012257,ETH-USDT,3651.38,3651.47,3.589,7.474
2025-07-25T08:39:14.054151,SOL-USDT,177.69,177.73,83.161,97.228
2025-07-25T08:39:14.056089,ETH-USDT,3650.94,3651.2,6.682,6.279
2025-07-25T08:39:14.068428,BTC-USDT,115000.0,115310.45,0.9975,0.0001
2025-07-25T08:39:15.095169,XRP-USDT,3.0798,3.0799,6633.6,68296.8
2025-07-25T08:39:15.105211,SOL-USDT,177.66,177.7,111.002,121.689
2025-07-25T08:39:15.106445,ETH-USDT,3650.66,3650.75,0.21,6.167
2025-07-25T08:39:15.118541,BTC-USDT,115290.97,115290.98,2.0915,19.295
2025-07-25T08:39:16.149013,SOL-USDT,177.66,177.7,111.002,121.689
2025-07-25T08:39:16.151111,ETH-USDT,3650.52,3650.75,3.398,6.167
2025-07-25T08:39:16.161754,BTC-USDT,115281.22,115281.23,0.7562,26.9681
2025-07-25T08:39:17.192147,SOL-USDT,177.65,177.7,93.628,121.689
2025-07-25T08:39:17.194068,ETH-USDT,3650.46,3650.55,0.147,6.432
2025-07-25T08:39:18.239196,ETH-USDT,3650.46,3650.55,0.147,6.432
2025-07-25T08:39:18.249415,BTC-USDT,115274.88,115274.89,0.0001,22.2386
2025-07-25T08:39:19.282173,ETH-USDT,3650.06,3650.15,0.117,5.598
2025-07-25T08:39:20.340107,BTC-USDT,115274.88,115274.89,0.0001,22.2386
2025-07-25T08:39:21.349347,LTC-USDT,111.32,111.35,115.921,78.928
2025-07-25T08:39:21.371305,SOL-USDT,177.63,177.67,124.745,113.432
2025-07-25T08:39:21.372884,ETH-USDT,3649.56,3649.65,6.206,6.905
2025-07-25T08:39:22.395424,LTC-USDT,111.32,111.35,115.921,78.928
2025-07-25T08:39:22.419748,SOL-USDT,177.63,177.67,124.745,113.432
2025-07-25T08:39:22.423458,ETH-USDT,3649.17,3649.45,6.794,7.835
2025-07-25T08:39:22.435421,BTC-USDT,115274.88,115274.89,0.0001,22.2386
2025-07-25T08:39:23.447076,LTC-USDT,111.29,111.35,39.01,78.928
2025-07-25T08:39:23.459818,XRP-USDT,3.0793,3.0794,30910.7,77657.3
2025-07-25T08:39:23.469603,SOL-USDT,177.62,177.67,104.631,113.432
2025-07-25T08:39:23.470980,ETH-USDT,3649.1,3649.19,6.328,6.005
2025-07-25T08:39:24.505902,XRP-USDT,3.0793,3.0796,30910.7,52670.3
2025-07-25T08:39:24.516273,ETH-USDT,3649.63,3649.91,7.723,5.417
2025-07-25T08:39:24.526773,BTC-USDT,115274.88,115274.89,0.0001,22.2386
2025-07-25T08:39:25.548770,XRP-USDT,3.0794,3.0795,35975.2,22757.3
2025-07-25T08:39:25.560141,ETH-USDT,3649.82,3649.91,5.263,5.417
2025-07-25T08:39:25.571879,BTC-USDT,115274.88,115274.89,0.0001,22.2386
2025-07-25T08:39:27.629084,LTC-USDT,111.29,111.32,39.01,89.095
2025-07-25T08:39:27.640569,XRP-USDT,3.0792,3.0793,17345.6,43750.7
2025-07-25T08:39:28.671770,LTC-USDT,111.28,111.32,54.303,89.095
2025-07-25T08:39:28.710900,BTC-USDT,115274.88,115274.89,0.0001,22.2386
2025-07-25T08:39:29.719865,LTC-USDT,111.26,111.32,124.562,89.095
2025-07-25T08:39:29.733508,XRP-USDT,3.079,3.0791,37.4,82248.9
2025-07-25T08:39:29.744400,SOL-USDT,177.6,177.63,134.588,130.635
2025-07-25T08:39:29.746375,ETH-USDT,3649.82,3650.37,5.263,6.53
2025-07-25T08:39:29.758673,BTC-USDT,115252.62,115252.63,0.6118,22.9018
2025-07-25T08:39:30.769082,LTC-USDT,111.34,111.37,39.301,100.916
2025-07-25T08:39:30.791696,SOL-USDT,177.67,177.72,127.176,95.436
2025-07-25T08:39:30.793708,ETH-USDT,3652.07,3652.16,5.537,0.012
2025-07-25T08:39:31.812893,LTC-USDT,111.34,111.37,39.301,100.916
2025-07-25T08:39:31.825607,XRP-USDT,3.0798,3.0799,47361.6,68296.8
2025-07-25T08:39:31.835165,SOL-USDT,177.67,177.72,127.176,95.436
2025-07-25T08:39:31.836632,ETH-USDT,3652.12,3652.21,3.195,7.867
2025-07-25T08:39:31.847441,BTC-USDT,115252.62,115260.0,0.6118,0.0753
2025-07-25T08:39:33.938606,BTC-USDT,115259.99,115260.0,13.2236,0.0753
2025-07-25T08:39:34.947859,LTC-USDT,111.34,111.38,39.301,35.167
2025-07-25T08:39:35.989991,LTC-USDT,111.34,111.38,39.301,35.167
2025-07-25T08:39:36.025332,BTC-USDT,115263.36,115263.37,11.7163,10.1003
2025-07-25T08:39:38.078989,LTC-USDT,111.33,111.38,16.594,35.167
2025-07-25T08:39:38.101817,ETH-USDT,3651.8,3651.91,6.473,6.053
2025-07-25T08:39:38.112370,BTC-USDT,115263.36,115263.37,11.7163,10.1003
2025-07-25T08:39:39.122260,LTC-USDT,111.32,111.38,13.354,35.167
2025-07-25T08:39:39.147387,ETH-USDT,3651.8,3651.91,6.473,6.053
2025-07-25T08:39:39.158705,BTC-USDT,115263.36,115263.37,11.7163,10.1003
2025-07-25T08:39:40.167635,LTC-USDT,111.32,111.35,13.354,89.729
2025-07-25T08:39:40.180138,XRP-USDT,3.0795,3.0796,12750.4,100706.3
2025-07-25T08:39:40.202547,BTC-USDT,115263.36,115263.37,11.7163,10.1003
2025-07-25T08:39:41.210558,LTC-USDT,111.32,111.35,13.354,89.729
2025-07-25T08:39:42.282701,ETH-USDT,3652.45,3652.6,6.419,5.727
2025-07-25T08:39:42.294629,BTC-USDT,115263.36,115263.37,11.7163,10.1003
2025-07-25T08:39:43.327322,ETH-USDT,3653.19,3653.28,7.624,0.074
2025-07-25T08:39:45.042830,LTC-USDT,111.34,111.39,92.447,31.715
2025-07-25T08:39:45.042839,SOL-USDT,177.7,177.74,98.42,132.07
2025-07-25T08:39:45.042848,ETH-USDT,3653.61,3653.76,6.162,2.307
2025-07-25T08:39:45.042858,BTC-USDT,115263.36,115263.37,11.7163,10.1003
2025-07-25T08:39:45.411475,XRP-USDT,3.0802,3.0803,113471.8,43348.7
2025-07-25T08:39:45.421393,SOL-USDT,177.7,177.74,98.42,132.07
2025-07-25T08:39:45.423236,ETH-USDT,3653.67,3653.76,6.225,2.307
2025-07-25T08:39:46.469484,SOL-USDT,177.7,177.76,98.42,105.258
2025-07-25T08:39:46.470887,ETH-USDT,3653.8,3653.89,5.67,3.023
2025-07-25T08:39:46.481874,BTC-USDT,115263.36,115263.37,11.7163,10.1003
2025-07-25T08:39:47.517103,ETH-USDT,3654.02,3654.2,7.69,7.115
2025-07-25T08:39:47.530217,BTC-USDT,115263.36,115263.37,11.7163,10.1003
2025-07-25T08:39:48.539393,LTC-USDT,111.38,111.41,110.923,37.429
2025-07-25T08:39:48.561227,SOL-USDT,177.77,177.81,129.43,115.164
2025-07-25T08:39:48.562519,ETH-USDT,3655.39,3655.87,6.266,0.475
2025-07-25T08:39:48.574218,BTC-USDT,115273.99,115274.0,11.7095,0.0664
2025-07-25T08:39:49.674298,LTC-USDT,111.4,111.44,112.621,61.503
2025-07-25T08:39:49.691492,XRP-USDT,3.082,3.0821,75451.0,43031.0
2025-07-25T08:39:49.701365,SOL-USDT,177.8,177.85,129.327,115.597
2025-07-25T08:39:49.703106,ETH-USDT,3655.63,3655.94,6.086,0.12
2025-07-25T08:39:49.719123,BTC-USDT,115308.74,115308.75,19.633,0.004
2025-07-25T08:39:50.729518,LTC-USDT,111.38,111.44,110.923,61.503
2025-07-25T08:39:50.742616,XRP-USDT,3.0823,3.0824,66576.6,45040.5
2025-07-25T08:39:50.752281,SOL-USDT,177.79,177.82,113.251,100.943
2025-07-25T08:39:50.753732,ETH-USDT,3655.39,3655.72,6.266,5.524
2025-07-25T08:39:51.773880,LTC-USDT,111.4,111.44,117.682,61.503
2025-07-25T08:39:51.795192,SOL-USDT,177.77,177.82,129.43,100.943
2025-07-25T08:39:51.808922,BTC-USDT,115308.74,115308.75,19.633,0.004
2025-07-25T08:39:52.856200,BTC-USDT,115313.48,115313.49,11.2026,0.0471
2025-07-25T08:39:53.889604,ETH-USDT,3655.85,3655.94,6.288,0.12
2025-07-25T08:39:53.902707,BTC-USDT,115313.48,115313.49,11.2026,0.0471
2025-07-25T08:39:54.928859,XRP-USDT,3.0828,3.0829,56559.9,25291.8
2025-07-25T08:39:54.939705,ETH-USDT,3655.85,3655.94,6.288,0.12
2025-07-25T08:39:55.998893,BTC-USDT,115332.58,115332.59,2.2376,10.544
2025-07-25T08:39:57.024223,XRP-USDT,3.0826,3.0827,60720.9,48680.3
2025-07-25T08:39:57.034542,ETH-USDT,3655.68,3655.77,0.508,6.427
2025-07-25T08:39:58.091375,BTC-USDT,115332.58,115332.59,2.2376,10.544
2025-07-25T08:39:59.100566,LTC-USDT,111.4,111.45,117.682,26.253
2025-07-25T08:39:59.115175,XRP-USDT,3.0823,3.0824,66576.6,26030.2
2025-07-25T08:39:59.126504,ETH-USDT,3655.75,3655.94,7.37,0.12
2025-07-25T08:39:59.138375,BTC-USDT,115330.32,115332.59,0.0002,10.544
2025-07-25T08:40:00.147212,LTC-USDT,111.4,111.45,117.682,26.253
2025-07-25T08:40:00.169551,SOL-USDT,177.74,177.82,117.663,100.943
2025-07-25T08:40:00.170933,ETH-USDT,3654.54,3654.55,0.102,6.434
2025-07-25T08:40:00.182506,BTC-USDT,115325.97,115325.98,0.0365,6.5209
2025-07-25T08:40:01.192732,LTC-USDT,111.34,111.38,54.992,67.789
2025-07-25T08:40:01.208478,XRP-USDT,3.081,3.0811,94001.4,56096.6
2025-07-25T08:40:01.230234,SOL-USDT,177.72,177.76,94.625,107.523
2025-07-25T08:40:01.230247,ETH-USDT,3654.75,3654.84,0.014,5.986
2025-07-25T08:40:02.248617,LTC-USDT,111.34,111.38,54.992,67.789
2025-07-25T08:40:02.272437,SOL-USDT,177.72,177.76,94.625,90.249
2025-07-25T08:40:02.274088,ETH-USDT,3654.41,3654.84,0.124,5.986
2025-07-25T08:40:02.285635,BTC-USDT,115300.22,115300.23,9.143,7.943
2025-07-25T08:40:03.295320,LTC-USDT,111.34,111.39,54.992,24.064
2025-07-25T08:40:03.309303,XRP-USDT,3.0813,3.0814,27.0,61172.8
2025-07-25T08:40:03.318910,SOL-USDT,177.7,177.76,98.42,90.249
2025-07-25T08:40:03.320326,ETH-USDT,3654.06,3654.15,1.808,6.136
2025-07-25T08:40:03.331941,BTC-USDT,115300.22,115300.23,9.143,7.943
2025-07-25T08:40:04.366726,ETH-USDT,3654.06,3654.15,1.808,6.136
2025-07-25T08:40:04.378240,BTC-USDT,115300.22,115300.23,9.143,7.943
2025-07-25T08:40:05.403856,XRP-USDT,3.0808,3.0809,11503.8,2550.1
2025-07-25T08:40:05.414084,ETH-USDT,3654.67,3654.76,4.761,6.948
2025-07-25T08:40:06.458118,ETH-USDT,3654.67,3654.76,4.761,6.948
2025-07-25T08:40:06.469319,BTC-USDT,115300.22,115300.23,9.143,7.943
2025-07-25T08:40:07.478706,LTC-USDT,111.37,111.42,117.157,56.811
2025-07-25T08:40:07.513942,BTC-USDT,115305.99,115306.0,13.8737,0.0753
2025-07-25T08:40:08.558350,BTC-USDT,115305.99,115306.0,13.8737,0.0753
2025-07-25T08:40:10.612443,LTC-USDT,111.4,111.43,99.699,32.424
2025-07-25T08:40:10.624751,XRP-USDT,3.0809,3.081,62213.3,79.6
2025-07-25T08:40:10.646586,BTC-USDT,115316.35,115316.36,5.3195,7.2394
2025-07-25T08:40:11.656672,LTC-USDT,111.4,111.44,99.699,24.108
2025-07-25T08:40:11.693976,BTC-USDT,115300.01,115318.52,2.1646,0.0001
2025-07-25T08:40:12.703841,LTC-USDT,111.37,111.41,117.157,90.332
2025-07-25T08:40:12.729909,SOL-USDT,177.67,177.7,127.176,100.131
2025-07-25T08:40:12.731995,ETH-USDT,3653.96,3654.05,2.169,6.601
2025-07-25T08:40:12.746223,BTC-USDT,115300.01,115300.02,2.1646,16.0521
2025-07-25T08:40:13.756104,LTC-USDT,111.37,111.41,117.157,90.332
2025-07-25T08:40:13.769819,XRP-USDT,3.0803,3.0804,25540.2,14952.1
2025-07-25T08:40:13.782293,ETH-USDT,3653.96,3654.05,2.169,6.601
2025-07-25T08:40:13.792686,BTC-USDT,115291.27,115291.28,0.484,23.8213
2025-07-25T08:40:14.816704,XRP-USDT,3.0808,3.0809,56592.6,45028.8
2025-07-25T08:40:14.827079,SOL-USDT,177.67,177.73,127.176,126.287
2025-07-25T08:40:14.828551,ETH-USDT,3654.45,3654.54,7.846,4.665
2025-07-25T08:40:15.848907,LTC-USDT,111.37,111.42,117.157,47.494
2025-07-25T08:40:15.871526,SOL-USDT,177.71,177.75,133.913,129.477
2025-07-25T08:40:15.884652,BTC-USDT,115291.27,115291.28,0.484,23.8213
2025-07-25T08:40:16.895702,LTC-USDT,111.4,111.44,70.919,23.962
2025-07-25T08:40:16.919062,SOL-USDT,177.71,177.76,133.913,90.249
2025-07-25T08:40:16.920315,ETH-USDT,3654.82,3654.91,6.92,0.005
2025-07-25T08:40:17.940650,LTC-USDT,111.4,111.44,70.919,23.962
2025-07-25T08:40:17.969948,ETH-USDT,3655.65,3655.74,6.526,2.08
2025-07-25T08:40:17.981394,BTC-USDT,115291.27,115291.28,0.484,23.8213
2025-07-25T08:40:18.992054,LTC-USDT,111.4,111.44,70.919,23.962
2025-07-25T08:40:19.005985,XRP-USDT,3.0817,3.0818,38661.5,117180.3
2025-07-25T08:40:19.019775,SOL-USDT,177.76,177.8,123.1,96.523
2025-07-25T08:40:19.019813,ETH-USDT,3656.25,3656.34,5.639,1.847
2025-07-25T08:40:20.041294,LTC-USDT,111.4,111.45,70.919,26.253
2025-07-25T08:40:20.065463,ETH-USDT,3656.33,3656.42,5.723,0.072
2025-07-25T08:40:20.077213,BTC-USDT,115291.27,115291.28,0.484,23.8213
2025-07-25T08:40:21.100546,XRP-USDT,3.0815,3.0816,18.2,62922.6
2025-07-25T08:40:21.111522,ETH-USDT,3656.08,3656.38,0.105,5.294
2025-07-25T08:40:22.154437,SOL-USDT,177.74,177.8,120.269,96.523
2025-07-25T08:40:22.155959,ETH-USDT,3655.99,3656.09,0.127,5.312
2025-07-25T08:40:22.166867,BTC-USDT,115279.75,115279.76,0.0003,17.5131
2025-07-25T08:40:23.175862,LTC-USDT,111.37,111.42,36.336,87.562
2025-07-25T08:40:23.189696,XRP-USDT,3.0806,3.0807,46598.8,16204.8
2025-07-25T08:40:23.198670,SOL-USDT,177.74,177.77,120.269,117.787
2025-07-25T08:40:23.200313,ETH-USDT,3656.53,3656.62,6.227,4.769
2025-07-25T08:40:24.244094,SOL-USDT,177.74,177.8,120.269,193.035
2025-07-25T08:40:24.245424,ETH-USDT,3657.63,3657.72,3.987,7.426
2025-07-25T08:40:24.257491,BTC-USDT,115279.75,115279.76,0.0003,17.5131
2025-07-25T08:40:25.267300,LTC-USDT,111.4,111.43,87.481,38.532
2025-07-25T08:40:25.281719,XRP-USDT,3.0816,3.0823,45566.0,38288.2
2025-07-25T08:40:25.291676,SOL-USDT,177.77,177.8,106.206,96.523
2025-07-25T08:40:25.293814,ETH-USDT,3657.6,3657.69,2.985,5.987
2025-07-25T08:40:26.313646,LTC-USDT,111.4,111.45,87.481,26.253
2025-07-25T08:40:26.337351,ETH-USDT,3657.46,3657.55,1.864,7.117
2025-07-25T08:40:26.347953,BTC-USDT,115279.75,115279.76,0.0003,17.5131
2025-07-25T08:40:27.370215,XRP-USDT,3.0814,3.0815,12076.0,31486.5
2025-07-25T08:40:27.380852,SOL-USDT,177.74,177.8,129.229,96.523
2025-07-25T08:40:27.394329,BTC-USDT,115279.75,115279.76,0.0003,17.5131
2025-07-25T08:40:28.405166,LTC-USDT,111.39,111.42,53.456,68.237
2025-07-25T08:40:28.431926,ETH-USDT,3656.53,3657.44,6.227,5.859
2025-07-25T08:40:29.452496,LTC-USDT,111.39,111.42,53.456,68.237
2025-07-25T08:40:29.465481,XRP-USDT,3.0813,3.0814,1685.3,102550.2
2025-07-25T08:40:29.477203,ETH-USDT,3656.45,3656.54,3.6,5.882
2025-07-25T08:40:30.497974,LTC-USDT,111.37,111.42,42.324,68.237
2025-07-25T08:40:30.520206,SOL-USDT,177.71,177.76,133.913,98.637
2025-07-25T08:40:30.521821,ETH-USDT,3656.14,3656.34,3.453,7.563
2025-07-25T08:40:30.533487,BTC-USDT,115274.89,115274.9,0.0001,31.6176
2025-07-25T08:40:31.559263,XRP-USDT,3.0814,3.0815,108268.7,31486.5
2025-07-25T08:40:31.574754,SOL-USDT,177.67,177.71,127.176,103.225
2025-07-25T08:40:31.574764,ETH-USDT,3655.22,3655.31,0.011,5.818
2025-07-25T08:40:31.585358,BTC-USDT,115267.26,115267.27,0.2204,29.6031
2025-07-25T08:40:32.595742,LTC-USDT,111.34,111.39,35.934,98.287
2025-07-25T08:40:32.615986,SOL-USDT,177.64,177.67,121.521,97.108
2025-07-25T08:40:32.617407,ETH-USDT,3654.98,3655.07,2.661,5.319
2025-07-25T08:40:32.628259,BTC-USDT,115267.26,115267.27,0.2204,29.6031
2025-07-25T08:40:33.649022,XRP-USDT,3.0808,3.0809,94617.1,85646.1
2025-07-25T08:40:33.658202,SOL-USDT,177.6,177.64,128.82,134.108
2025-07-25T08:40:33.662498,ETH-USDT,3654.75,3654.84,0.037,5.273
2025-07-25T08:40:34.682131,LTC-USDT,111.32,111.35,13.354,98.671
2025-07-25T08:40:34.697941,XRP-USDT,3.0801,3.0802,31771.5,73512.4
2025-07-25T08:40:34.707564,SOL-USDT,177.6,177.64,128.82,134.108
2025-07-25T08:40:34.709571,ETH-USDT,3654.66,3654.84,0.022,5.273
2025-07-25T08:40:34.721921,BTC-USDT,115252.63,115252.64,0.1461,28.4838
2025-07-25T08:40:35.731616,LTC-USDT,111.32,111.35,13.354,98.671
2025-07-25T08:40:35.751777,SOL-USDT,177.6,177.64,128.82,134.108
2025-07-25T08:40:35.753271,ETH-USDT,3654.66,3654.84,0.022,5.273
2025-07-25T08:40:35.907804,BTC-USDT,115244.92,115244.93,0.0805,23.6385
2025-07-25T08:40:36.916596,LTC-USDT,111.28,111.32,31.926,102.594
2025-07-25T08:40:36.938482,SOL-USDT,177.59,177.64,106.265,134.108
2025-07-25T08:40:36.940152,ETH-USDT,3654.45,3654.55,7.846,5.944
2025-07-25T08:40:36.952066,BTC-USDT,115244.92,115244.93,0.0805,23.6385
2025-07-25T08:40:37.961908,LTC-USDT,111.28,111.32,31.926,102.594
2025-07-25T08:40:37.974959,XRP-USDT,3.08,3.0801,27335.9,64950.1
2025-07-25T08:40:37.985209,ETH-USDT,3653.39,3653.48,5.756,6.147
2025-07-25T08:40:37.995907,BTC-USDT,115244.92,115244.93,0.0805,23.6385
2025-07-25T08:40:39.005236,LTC-USDT,111.26,111.29,124.562,98.194
2025-07-25T08:40:39.018571,XRP-USDT,3.0796,3.0797,8884.7,89418.6
2025-07-25T08:40:39.028628,SOL-USDT,177.54,177.57,94.919,110.703
2025-07-25T08:40:39.029606,ETH-USDT,3653.25,3653.34,0.589,7.237
2025-07-25T08:40:40.054905,LTC-USDT,111.26,111.29,124.562,98.194
2025-07-25T08:40:40.077073,SOL-USDT,177.54,177.58,94.919,123.455
2025-07-25T08:40:40.078830,ETH-USDT,3653.11,3653.2,0.009,5.696
2025-07-25T08:40:40.090945,BTC-USDT,115244.92,115244.93,0.0805,23.6385
2025-07-25T08:40:41.109194,LTC-USDT,111.24,111.29,97.833,98.194
2025-07-25T08:40:41.121584,XRP-USDT,3.0789,3.079,1643.2,17332.1
2025-07-25T08:40:41.132504,ETH-USDT,3652.9,3652.99,6.542,5.829
2025-07-25T08:40:42.176076,SOL-USDT,177.57,177.6,92.208,97.046
2025-07-25T08:40:42.177254,ETH-USDT,3652.9,3652.99,6.542,5.829
2025-07-25T08:40:42.189835,BTC-USDT,115229.87,115229.88,2.2003,19.5783
2025-07-25T08:40:43.199189,LTC-USDT,111.23,111.27,62.49,89.596
2025-07-25T08:40:43.223096,SOL-USDT,177.54,177.57,94.919,125.705
2025-07-25T08:40:43.224845,ETH-USDT,3652.63,3652.72,0.052,6.838
2025-07-25T08:40:44.247834,LTC-USDT,111.23,111.27,62.49,89.596
2025-07-25T08:40:44.274939,ETH-USDT,3652.52,3652.72,0.19,6.838
2025-07-25T08:40:44.285457,BTC-USDT,115217.02,115217.03,2.0192,19.9942
2025-07-25T08:40:45.916159,LTC-USDT,111.23,111.29,62.49,98.194
2025-07-25T08:40:45.916164,ETH-USDT,3652.9,3652.99,5.379,5.829
2025-07-25T08:40:45.916192,BTC-USDT,115217.02,115217.03,2.0192,19.9942
2025-07-25T08:40:46.343489,LTC-USDT,111.23,111.27,62.49,105.112
2025-07-25T08:40:46.380438,BTC-USDT,115217.02,115217.03,2.0192,19.9942
2025-07-25T08:40:47.391741,LTC-USDT,111.23,111.29,62.49,98.194
2025-07-25T08:40:47.412551,SOL-USDT,177.49,177.52,99.422,102.808
2025-07-25T08:40:47.413203,ETH-USDT,3652.7,3652.79,0.009,7.568
2025-07-25T08:40:48.467652,BTC-USDT,115217.02,115217.03,2.0192,19.9942
2025-07-25T08:40:49.476616,LTC-USDT,111.23,111.27,62.49,74.014
2025-07-25T08:40:49.489858,XRP-USDT,3.0788,3.0789,10237.2,37617.3
2025-07-25T08:40:49.511735,BTC-USDT,115217.02,115217.03,2.0192,19.9942
2025-07-25T08:40:50.544876,ETH-USDT,3652.45,3652.56,6.419,6.681
2025-07-25T08:40:51.565242,LTC-USDT,111.22,111.27,63.193,74.014
2025-07-25T08:40:51.580638,XRP-USDT,3.0786,3.0787,45960.7,87340.2
2025-07-25T08:40:51.595505,ETH-USDT,3651.84,3651.93,0.02,7.638
2025-07-25T08:40:51.609131,BTC-USDT,115217.02,115217.03,2.0192,19.9942
2025-07-25T08:40:52.619416,LTC-USDT,111.21,111.27,45.303,74.014
2025-07-25T08:40:52.643702,SOL-USDT,177.44,177.49,54.49,95.507
2025-07-25T08:40:52.644599,ETH-USDT,3651.64,3651.73,6.445,0.157
2025-07-25T08:40:53.667740,LTC-USDT,111.23,111.27,23.303,97.583
2025-07-25T08:40:53.684937,XRP-USDT,3.0784,3.0785,60098.5,85793.8
2025-07-25T08:40:53.699055,SOL-USDT,177.43,177.46,45.535,99.338
2025-07-25T08:40:53.700125,ETH-USDT,3651.16,3651.26,1.151,5.839
2025-07-25T08:40:53.711613,BTC-USDT,115217.02,115217.03,2.0192,19.9942
2025-07-25T08:40:54.721582,LTC-USDT,111.21,111.27,45.303,97.583
2025-07-25T08:40:54.745908,ETH-USDT,3650.93,3651.02,2.997,5.181
2025-07-25T08:40:54.757415,BTC-USDT,115217.02,115217.03,2.0192,19.9942
2025-07-25T08:40:55.767336,LTC-USDT,111.21,111.24,45.303,105.273
2025-07-25T08:40:55.780752,XRP-USDT,3.0775,3.0776,6033.6,71281.6
2025-07-25T08:40:55.790236,SOL-USDT,177.41,177.46,65.951,99.338
2025-07-25T08:40:55.791732,ETH-USDT,3650.65,3650.74,3.805,6.598
2025-07-25T08:40:55.804663,BTC-USDT,115205.1,115205.11,0.0001,21.8034
2025-07-25T08:40:56.814191,LTC-USDT,111.21,111.24,45.303,105.273
2025-07-25T08:40:57.858494,LTC-USDT,111.21,111.25,45.303,24.131
2025-07-25T08:40:57.871502,XRP-USDT,3.077,3.0771,19547.5,91248.6
2025-07-25T08:40:57.883332,ETH-USDT,3650.85,3650.95,5.926,5.613
2025-07-25T08:40:57.895722,BTC-USDT,115205.1,115205.11,0.0001,21.8034
2025-07-25T08:40:58.920990,XRP-USDT,3.0774,3.0775,18.2,59698.1
2025-07-25T08:40:58.932479,ETH-USDT,3650.73,3650.82,0.086,6.088
2025-07-25T08:40:58.943026,BTC-USDT,115205.1,115205.11,0.0001,21.8034
2025-07-25T08:40:59.952609,LTC-USDT,111.2,111.25,57.425,24.131
2025-07-25T08:40:59.979586,ETH-USDT,3650.38,3650.47,0.191,6.844
2025-07-25T08:40:59.990742,BTC-USDT,115205.1,115205.11,0.0001,21.8034
2025-07-25T08:41:01.001186,LTC-USDT,111.15,111.18,29.936,57.469
2025-07-25T08:41:01.014568,XRP-USDT,3.0771,3.0775,35.4,59698.1
2025-07-25T08:41:01.024495,SOL-USDT,177.37,177.42,56.586,113.789
2025-07-25T08:41:01.026102,ETH-USDT,3648.6,3649.05,0.014,0.589
2025-07-25T08:41:02.047132,LTC-USDT,111.15,111.19,29.936,22.772
2025-07-25T08:41:02.060264,XRP-USDT,3.0771,3.0772,35.4,14949.0
2025-07-25T08:41:02.069492,SOL-USDT,177.43,177.46,92.196,341.609
2025-07-25T08:41:02.071116,ETH-USDT,3649.09,3649.18,6.762,0.181
2025-07-25T08:41:02.082489,BTC-USDT,115155.31,115155.32,2.8462,2.4187
2025-07-25T08:41:03.092807,LTC-USDT,111.15,111.2,29.936,36.156
2025-07-25T08:41:03.117721,XRP-USDT,3.0767,3.0768,14963.0,31969.1
2025-07-25T08:41:03.118196,SOL-USDT,177.38,177.42,94.318,113.684
2025-07-25T08:41:04.160148,SOL-USDT,177.37,177.42,56.586,113.684
2025-07-25T08:41:04.161948,ETH-USDT,3649.45,3649.54,7.684,1.836
2025-07-25T08:41:04.173860,BTC-USDT,115166.81,115166.82,1.1335,5.8848
2025-07-25T08:41:05.197682,XRP-USDT,3.0775,3.0776,15185.0,71281.6
2025-07-25T08:41:05.206460,SOL-USDT,177.4,177.43,132.379,111.943
2025-07-25T08:41:05.208463,ETH-USDT,3649.45,3649.91,7.684,6.187
2025-07-25T08:41:05.221078,BTC-USDT,115166.81,115166.82,1.1335,5.8848
