timestamp,symbol,bid,ask,bid_vol,ask_vol
2025-07-25T07:48:09.115910,BTC-USDT,115271.01,115271.02,0.0007,26.6437
2025-07-25T07:48:09.115966,ETH-USDT,3620.39,3620.61,7.704,7.132
2025-07-25T07:48:09.116003,SOL-USDT,177.11,177.14,91.106,115.658
2025-07-25T07:48:09.116036,XRP-USDT,3.0685,3.0686,1260.9,145302.0
2025-07-25T07:48:09.116079,LTC-USDT,111.37,111.41,67.779,70.133
2025-07-25T07:48:09.327085,LTC-USDT,111.37,111.41,67.779,70.133
2025-07-25T07:48:09.341394,XRP-USDT,3.0685,3.0686,1260.9,145302.0
2025-07-25T07:48:09.353216,ETH-USDT,3620.72,3620.82,6.432,7.707
2025-07-25T07:48:10.375737,LTC-USDT,111.37,111.41,67.779,70.133
2025-07-25T07:48:10.399648,SOL-USDT,177.11,177.16,91.106,106.165
2025-07-25T07:48:10.401842,ETH-USDT,3620.39,3620.48,7.704,7.193
2025-07-25T07:48:10.414122,BTC-USDT,115271.01,115271.02,0.0007,26.6437
2025-07-25T07:48:11.436714,XRP-USDT,3.0679,3.068,3674.8,119435.2
2025-07-25T07:48:11.447801,ETH-USDT,3620.77,3620.86,4.159,5.657
2025-07-25T07:48:11.459541,BTC-USDT,115271.01,115271.02,0.0007,26.6437
2025-07-25T07:48:12.482094,XRP-USDT,3.0678,3.0679,1707.7,69615.5
2025-07-25T07:48:13.535057,SOL-USDT,177.1,177.13,128.14,103.424
2025-07-25T07:48:13.536360,ETH-USDT,3620.47,3620.56,1.398,6.973
2025-07-25T07:48:13.549677,BTC-USDT,115271.01,115271.02,0.0007,26.6437
2025-07-25T07:48:14.559570,LTC-USDT,111.35,111.38,30.457,40.905
2025-07-25T07:48:14.582181,SOL-USDT,177.08,177.13,116.095,103.424
2025-07-25T07:48:14.584175,ETH-USDT,3620.16,3620.25,3.116,6.825
2025-07-25T07:48:14.595942,BTC-USDT,115271.01,115271.02,0.0007,26.6437
2025-07-25T07:48:15.620093,XRP-USDT,3.0672,3.0673,12230.9,54410.2
2025-07-25T07:48:15.632116,SOL-USDT,177.05,177.09,95.375,123.283
2025-07-25T07:48:15.635037,ETH-USDT,3619.58,3619.67,5.794,5.801
2025-07-25T07:48:15.647086,BTC-USDT,115271.01,115271.02,0.0007,26.6437
2025-07-25T07:48:16.658372,LTC-USDT,111.33,111.38,76.915,40.905
2025-07-25T07:48:16.687846,SOL-USDT,177.03,177.06,101.62,120.51
2025-07-25T07:48:16.689890,ETH-USDT,3619.37,3619.46,0.036,7.793
2025-07-25T07:48:17.713112,LTC-USDT,111.32,111.35,22.289,77.818
2025-07-25T07:48:17.727375,XRP-USDT,3.0658,3.0659,86428.2,65796.6
2025-07-25T07:48:17.738317,SOL-USDT,177.0,177.06,97.473,120.51
2025-07-25T07:48:17.740860,ETH-USDT,3619.16,3619.25,7.519,6.069
2025-07-25T07:48:17.753030,BTC-USDT,115271.01,115271.02,0.0007,26.6437
2025-07-25T07:48:19.841515,ETH-USDT,3619.52,3619.61,6.205,3.893
2025-07-25T07:48:19.855564,BTC-USDT,115271.01,115271.02,0.0007,26.6437
2025-07-25T07:48:20.867547,LTC-USDT,111.26,111.31,17.292,72.626
2025-07-25T07:48:20.883928,XRP-USDT,3.065,3.0651,39027.6,72833.8
2025-07-25T07:48:20.896266,ETH-USDT,3618.3,3618.39,0.084,6.587
2025-07-25T07:48:21.943578,SOL-USDT,176.97,177.02,103.498,127.12
2025-07-25T07:48:21.946900,ETH-USDT,3618.57,3618.66,6.032,2.608
2025-07-25T07:48:21.961520,BTC-USDT,115268.18,115268.19,0.6872,22.654
2025-07-25T07:48:22.985995,XRP-USDT,3.0644,3.0645,19966.4,72513.5
2025-07-25T07:48:22.996828,ETH-USDT,3617.99,3618.49,7.599,7.092
2025-07-25T07:48:24.016636,LTC-USDT,111.25,111.28,24.991,90.852
2025-07-25T07:48:24.045155,SOL-USDT,176.96,176.99,93.241,119.48
2025-07-25T07:48:24.045194,ETH-USDT,3617.81,3617.98,7.854,6.92
2025-07-25T07:48:24.055070,BTC-USDT,115268.18,115268.19,0.6872,22.654
2025-07-25T07:48:25.064908,LTC-USDT,111.25,111.31,24.991,26.34
2025-07-25T07:48:25.078548,XRP-USDT,3.0638,3.0639,36164.4,56325.9
2025-07-25T07:48:25.089245,ETH-USDT,3617.39,3617.48,4.557,7.786
2025-07-25T07:48:26.115954,LTC-USDT,111.25,111.28,24.991,92.062
2025-07-25T07:48:26.141233,ETH-USDT,3617.62,3617.91,7.815,5.905
2025-07-25T07:48:26.156298,BTC-USDT,115268.18,115268.19,0.6872,22.654
2025-07-25T07:48:27.165136,LTC-USDT,111.25,111.31,24.991,26.34
2025-07-25T07:48:27.178018,XRP-USDT,3.064,3.0641,19021.1,34016.8
2025-07-25T07:48:27.187650,SOL-USDT,176.96,177.02,93.241,132.797
2025-07-25T07:48:27.189145,ETH-USDT,3617.69,3617.78,3.528,7.598
2025-07-25T07:48:28.208510,LTC-USDT,111.25,111.28,24.991,77.199
2025-07-25T07:48:28.233545,ETH-USDT,3618.18,3618.33,5.999,6.712
2025-07-25T07:48:28.243842,BTC-USDT,115268.18,115268.19,0.6872,22.654
2025-07-25T07:48:29.267147,XRP-USDT,3.0641,3.0642,65608.9,74739.1
2025-07-25T07:48:29.276406,SOL-USDT,176.99,177.02,107.751,132.797
2025-07-25T07:48:29.278117,ETH-USDT,3618.64,3618.73,7.301,1.521
2025-07-25T07:48:29.293070,BTC-USDT,115268.18,115268.19,0.6872,22.654
2025-07-25T07:48:30.308492,LTC-USDT,111.25,111.31,24.991,41.501
2025-07-25T07:48:30.492874,ETH-USDT,3618.54,3618.63,6.816,5.479
2025-07-25T07:48:31.514528,LTC-USDT,111.23,111.28,98.475,85.41
2025-07-25T07:48:31.536321,SOL-USDT,176.96,177.02,120.806,132.797
2025-07-25T07:48:31.538263,ETH-USDT,3618.16,3618.25,7.03,3.307
2025-07-25T07:48:32.582203,SOL-USDT,176.94,176.99,97.991,126.954
2025-07-25T07:48:32.583585,ETH-USDT,3618.3,3618.39,7.656,0.859
2025-07-25T07:48:32.595471,BTC-USDT,115268.18,115268.19,0.6872,22.654
2025-07-25T07:48:33.618087,XRP-USDT,3.0634,3.0635,8545.7,55181.9
2025-07-25T07:48:33.629194,ETH-USDT,3617.62,3617.94,7.815,7.904
2025-07-25T07:48:33.641015,BTC-USDT,115268.18,115268.19,0.6872,22.654
2025-07-25T07:48:34.786809,LTC-USDT,111.2,111.25,35.36,100.774
2025-07-25T07:48:34.811424,SOL-USDT,176.92,176.96,130.797,110.401
2025-07-25T07:48:34.813178,ETH-USDT,3616.8,3617.18,6.251,5.957
2025-07-25T07:48:34.827046,BTC-USDT,115268.18,115268.19,0.6872,22.654
2025-07-25T07:48:35.835482,LTC-USDT,111.19,111.22,33.793,72.428
2025-07-25T07:48:35.849134,XRP-USDT,3.0626,3.0628,17855.2,59217.1
2025-07-25T07:48:35.857945,SOL-USDT,176.89,176.92,126.351,110.745
2025-07-25T07:48:35.859526,ETH-USDT,3616.18,3616.46,6.644,6.87
2025-07-25T07:48:35.871170,BTC-USDT,115259.77,115259.78,0.6872,27.905
2025-07-25T07:48:36.880960,LTC-USDT,111.19,111.25,33.793,100.774
2025-07-25T07:48:36.893974,XRP-USDT,3.0617,3.0618,26042.1,9910.2
2025-07-25T07:48:36.903906,SOL-USDT,176.89,176.92,126.351,110.745
2025-07-25T07:48:37.962020,BTC-USDT,115259.34,115259.35,0.0342,40.6478
2025-07-25T07:48:40.194975,ETH-USDT,3615.8,3615.89,5.769,7.591
2025-07-25T07:48:40.206470,BTC-USDT,115259.34,115259.35,0.0342,40.6478
2025-07-25T07:48:41.230595,XRP-USDT,3.0621,3.0622,47827.5,59849.7
2025-07-25T07:48:41.239584,SOL-USDT,176.92,176.96,124.412,103.537
2025-07-25T07:48:41.241151,ETH-USDT,3616.69,3616.93,7.32,5.574
2025-07-25T07:48:41.253510,BTC-USDT,115259.34,115259.35,0.0342,40.6478
2025-07-25T07:48:42.276709,XRP-USDT,3.0621,3.0622,47827.5,59847.9
2025-07-25T07:48:42.286191,SOL-USDT,176.92,176.96,124.412,103.537
2025-07-25T07:48:42.288281,ETH-USDT,3616.52,3616.61,0.025,7.262
2025-07-25T07:48:43.327824,XRP-USDT,3.0626,3.0627,20312.2,34417.8
2025-07-25T07:48:43.339052,ETH-USDT,3616.35,3616.44,5.453,5.981
2025-07-25T07:48:44.360288,LTC-USDT,111.19,111.22,33.793,103.233
2025-07-25T07:48:44.394650,BTC-USDT,115257.6,115257.61,0.0001,32.1317
2025-07-25T07:48:45.533281,LTC-USDT,111.17,111.22,24.224,103.233
2025-07-25T07:48:45.547752,XRP-USDT,3.0623,3.0624,18857.3,51729.6
2025-07-25T07:48:45.560742,ETH-USDT,3615.8,3615.9,5.769,6.059
2025-07-25T07:48:45.574417,BTC-USDT,115251.22,115257.61,0.3472,32.1317
2025-07-25T07:48:46.582507,LTC-USDT,111.17,111.22,24.224,103.233
2025-07-25T07:48:46.595777,XRP-USDT,3.0616,3.0624,48.4,51729.6
2025-07-25T07:48:46.604569,SOL-USDT,176.9,176.96,114.283,103.537
2025-07-25T07:48:46.616735,BTC-USDT,115251.22,115251.23,0.3472,19.0773
2025-07-25T07:48:47.640134,XRP-USDT,3.0616,3.0617,48.4,43548.4
2025-07-25T07:48:47.652638,ETH-USDT,3615.97,3616.06,5.7,4.755
2025-07-25T07:48:47.665527,BTC-USDT,115251.22,115251.23,0.3472,19.0773
2025-07-25T07:48:49.748227,ETH-USDT,3616.19,3616.29,6.565,5.601
2025-07-25T07:48:49.760049,BTC-USDT,115251.22,115251.23,0.3472,19.0773
2025-07-25T07:48:50.770207,LTC-USDT,111.15,111.19,120.297,84.591
2025-07-25T07:48:50.783326,XRP-USDT,3.0613,3.0614,31.8,45200.5
2025-07-25T07:48:50.794282,SOL-USDT,176.89,176.93,92.019,111.564
2025-07-25T07:48:50.796755,ETH-USDT,3615.89,3615.98,6.95,2.431
2025-07-25T07:48:51.819984,LTC-USDT,111.15,111.2,120.297,15.271
2025-07-25T07:48:51.847579,SOL-USDT,176.95,176.98,125.632,114.584
2025-07-25T07:48:51.849045,ETH-USDT,3616.85,3616.94,6.259,0.038
2025-07-25T07:48:51.860255,BTC-USDT,115251.22,115251.23,0.3472,19.0773
2025-07-25T07:48:52.870467,LTC-USDT,111.22,111.26,95.146,33.138
2025-07-25T07:48:52.882355,XRP-USDT,3.0625,3.0626,644.3,45978.4
2025-07-25T07:48:52.891044,SOL-USDT,176.95,177.0,125.632,111.01
2025-07-25T07:48:52.892492,ETH-USDT,3616.92,3617.13,5.416,4.942
2025-07-25T07:48:53.911371,LTC-USDT,111.22,111.26,95.146,33.138
2025-07-25T07:48:53.933222,SOL-USDT,176.98,177.02,120.397,132.797
2025-07-25T07:48:53.946477,BTC-USDT,115251.22,115251.23,0.3472,19.0773
2025-07-25T07:48:54.955411,LTC-USDT,111.26,111.31,98.318,41.501
2025-07-25T07:48:54.969088,XRP-USDT,3.0626,3.0627,82365.4,34417.8
2025-07-25T07:48:54.979209,SOL-USDT,176.98,177.04,120.397,105.796
2025-07-25T07:48:54.980675,ETH-USDT,3617.52,3617.63,6.119,5.454
2025-07-25T07:48:56.004008,LTC-USDT,111.26,111.31,98.318,41.501
2025-07-25T07:48:56.028165,SOL-USDT,177.01,177.05,121.567,119.188
2025-07-25T07:48:56.029617,ETH-USDT,3617.52,3617.63,6.119,5.454
2025-07-25T07:48:56.164284,BTC-USDT,115250.0,115250.01,0.117,24.6493
2025-07-25T07:48:57.189228,XRP-USDT,3.063,3.0631,11955.8,66058.7
2025-07-25T07:48:58.251453,BTC-USDT,115250.0,115250.01,0.117,24.6493
2025-07-25T07:48:59.274746,XRP-USDT,3.0632,3.0633,26252.2,59028.2
2025-07-25T07:49:00.333402,ETH-USDT,3617.34,3617.43,0.332,6.373
2025-07-25T07:49:00.344263,BTC-USDT,115250.0,115250.01,0.117,24.6493
2025-07-25T07:49:01.353951,LTC-USDT,111.25,111.28,46.608,48.436
2025-07-25T07:49:01.366463,XRP-USDT,3.0627,3.0628,2512.6,34651.2
2025-07-25T07:49:01.375743,SOL-USDT,176.98,177.02,120.397,124.468
2025-07-25T07:49:01.378576,ETH-USDT,3616.92,3617.01,5.416,5.882
2025-07-25T07:49:01.390762,BTC-USDT,115250.0,115250.01,0.117,24.6493
2025-07-25T07:49:02.400285,LTC-USDT,111.24,111.28,31.756,48.436
2025-07-25T07:49:02.423367,SOL-USDT,176.96,177.02,132.362,124.468
2025-07-25T07:49:02.424993,ETH-USDT,3616.73,3616.82,1.751,5.769
2025-07-25T07:49:03.460827,XRP-USDT,3.0625,3.0626,644.3,98251.4
2025-07-25T07:49:04.516551,ETH-USDT,3616.62,3616.71,2.588,7.182
2025-07-25T07:49:04.526943,BTC-USDT,115250.0,115250.01,0.117,24.6493
2025-07-25T07:49:05.536694,LTC-USDT,111.22,111.28,37.022,48.436
2025-07-25T07:49:05.551441,XRP-USDT,3.0621,3.0622,9884.0,45526.5
2025-07-25T07:49:05.561935,SOL-USDT,176.96,176.99,132.362,117.911
2025-07-25T07:49:05.563567,ETH-USDT,3616.1,3616.19,6.292,6.935
2025-07-25T07:49:05.578272,BTC-USDT,115234.56,115251.3,0.0001,0.0238
2025-07-25T07:49:06.619705,ETH-USDT,3616.15,3616.58,5.902,3.376
2025-07-25T07:49:06.632865,BTC-USDT,115236.48,115236.49,0.3264,17.738
2025-07-25T07:49:09.265054,ETH-USDT,3616.15,3616.58,5.902,3.376
2025-07-25T07:49:09.265084,BTC-USDT,115236.48,115236.49,0.3264,17.738
2025-07-25T07:49:09.774331,ETH-USDT,3616.15,3616.58,5.902,3.376
2025-07-25T07:49:09.786707,BTC-USDT,115229.6,115229.61,0.0814,20.113
2025-07-25T07:49:11.858092,SOL-USDT,176.92,176.96,135.284,96.173
2025-07-25T07:49:11.870506,BTC-USDT,115229.6,115229.61,0.0814,20.113
2025-07-25T07:49:12.897658,XRP-USDT,3.062,3.0621,12951.6,20199.9
2025-07-25T07:49:12.908739,SOL-USDT,176.92,176.96,135.284,96.173
2025-07-25T07:49:13.953105,SOL-USDT,176.92,176.96,135.284,96.173
2025-07-25T07:49:13.965634,BTC-USDT,115220.0,115220.01,0.0597,8.8278
2025-07-25T07:49:14.974646,LTC-USDT,111.21,111.25,30.328,126.51
2025-07-25T07:49:14.988880,XRP-USDT,3.0613,3.0614,31.8,9760.9
2025-07-25T07:49:15.011276,BTC-USDT,115220.0,115220.01,0.0597,8.8278
2025-07-25T07:49:16.045856,SOL-USDT,176.92,176.98,135.284,123.951
2025-07-25T07:49:16.058429,BTC-USDT,115220.0,115220.01,0.0597,8.8278
2025-07-25T07:49:17.083869,XRP-USDT,3.0621,3.0622,29290.6,45526.5
2025-07-25T07:49:17.095547,ETH-USDT,3616.95,3617.04,6.338,6.198
2025-07-25T07:49:18.116223,LTC-USDT,111.23,111.28,88.032,48.436
2025-07-25T07:49:18.138258,SOL-USDT,176.95,176.98,125.316,123.951
2025-07-25T07:49:18.139808,ETH-USDT,3617.12,3617.21,6.123,1.227
2025-07-25T07:49:18.150552,BTC-USDT,115220.0,115220.01,0.0597,8.8278
2025-07-25T07:49:19.158930,LTC-USDT,111.24,111.28,90.879,48.436
2025-07-25T07:49:19.173687,XRP-USDT,3.0624,3.0625,92876.2,65.0
2025-07-25T07:49:19.182359,SOL-USDT,176.95,176.99,125.316,102.951
2025-07-25T07:49:20.202401,LTC-USDT,111.23,111.28,88.032,48.436
2025-07-25T07:49:20.223561,SOL-USDT,176.98,177.01,133.168,92.756
2025-07-25T07:49:20.225114,ETH-USDT,3617.28,3617.37,6.135,0.126
2025-07-25T07:49:20.236273,BTC-USDT,115220.0,115220.01,0.0597,8.8278
2025-07-25T07:49:21.259577,XRP-USDT,3.0621,3.0622,29290.6,54722.2
2025-07-25T07:49:22.313202,ETH-USDT,3617.45,3617.54,7.178,2.836
2025-07-25T07:49:22.324933,BTC-USDT,115220.0,115220.01,0.0597,8.8278
2025-07-25T07:49:23.350386,XRP-USDT,3.0628,3.0629,96428.3,30891.6
2025-07-25T07:49:23.360318,SOL-USDT,176.98,177.02,133.168,110.943
2025-07-25T07:49:23.362132,ETH-USDT,3617.45,3617.63,7.178,5.454
2025-07-25T07:49:23.373911,BTC-USDT,115220.0,115220.01,0.0597,8.8278
2025-07-25T07:49:24.384279,LTC-USDT,111.26,111.29,107.408,22.003
2025-07-25T07:49:24.410622,SOL-USDT,176.98,177.04,133.168,129.009
2025-07-25T07:49:24.412156,ETH-USDT,3617.45,3617.63,7.178,5.454
2025-07-25T07:49:24.424182,BTC-USDT,115220.0,115220.01,0.0597,8.8278
2025-07-25T07:49:25.435821,LTC-USDT,111.26,111.29,107.408,22.003
2025-07-25T07:49:25.454086,XRP-USDT,3.0633,3.0634,65987.5,26009.4
2025-07-25T07:49:26.503555,SOL-USDT,177.01,177.04,125.819,129.009
2025-07-25T07:49:26.516287,BTC-USDT,115220.0,115220.01,0.0597,8.8278
2025-07-25T07:49:27.526337,LTC-USDT,111.26,111.31,107.408,41.501
2025-07-25T07:49:27.551432,SOL-USDT,177.01,177.06,125.819,120.51
2025-07-25T07:49:27.555046,ETH-USDT,3618.56,3618.99,7.116,0.1
2025-07-25T07:49:27.564045,BTC-USDT,115220.0,115220.01,0.0597,8.8278
2025-07-25T07:49:28.596110,SOL-USDT,177.04,177.07,112.16,108.273
2025-07-25T07:49:28.597611,ETH-USDT,3619.64,3619.73,5.494,6.336
2025-07-25T07:49:28.608776,BTC-USDT,115220.0,115220.01,0.0597,8.8278
2025-07-25T07:49:29.617367,LTC-USDT,111.29,111.32,101.987,17.375
2025-07-25T07:49:29.629549,XRP-USDT,3.0642,3.0643,72236.3,71067.2
2025-07-25T07:49:29.638245,SOL-USDT,177.07,177.11,106.595,126.673
2025-07-25T07:49:29.639427,ETH-USDT,3619.64,3619.73,5.494,6.336
2025-07-25T07:49:29.651223,BTC-USDT,115220.0,115220.01,0.0597,8.8278
2025-07-25T07:49:30.689547,SOL-USDT,177.07,177.11,106.595,126.673
2025-07-25T07:49:31.730821,XRP-USDT,3.0642,3.0643,72236.3,71065.3
2025-07-25T07:49:31.756166,BTC-USDT,115220.0,115220.01,0.0597,8.8278
2025-07-25T07:49:32.767319,LTC-USDT,111.28,111.33,45.304,36.17
2025-07-25T07:49:32.795379,SOL-USDT,177.05,177.11,107.116,126.673
2025-07-25T07:49:32.807746,BTC-USDT,115220.0,115220.01,0.0597,8.8278
2025-07-25T07:49:33.831555,XRP-USDT,3.0634,3.0635,87912.2,41046.2
2025-07-25T07:49:33.857713,BTC-USDT,115220.0,115220.01,0.0597,8.8278
2025-07-25T07:49:34.895384,ETH-USDT,3618.95,3619.04,5.013,7.866
2025-07-25T07:49:35.915985,LTC-USDT,111.23,111.27,88.032,86.031
2025-07-25T07:49:35.940950,SOL-USDT,177.04,177.07,112.16,134.759
2025-07-25T07:49:35.942905,ETH-USDT,3618.2,3618.29,0.069,6.38
2025-07-25T07:49:35.954310,BTC-USDT,115220.0,115220.01,0.0597,8.8278
2025-07-25T07:49:36.963607,LTC-USDT,111.19,111.24,104.681,71.973
2025-07-25T07:49:36.986602,SOL-USDT,176.98,177.01,133.168,108.107
2025-07-25T07:49:36.988896,ETH-USDT,3617.67,3617.78,2.815,5.317
2025-07-25T07:49:37.004498,BTC-USDT,115220.0,115220.01,0.0597,8.8278
2025-07-25T07:49:38.012065,LTC-USDT,111.19,111.24,104.681,71.973
2025-07-25T07:49:38.025334,XRP-USDT,3.0622,3.0623,31486.2,9395.4
2025-07-25T07:49:38.035345,SOL-USDT,176.98,177.01,133.168,108.107
2025-07-25T07:49:38.036856,ETH-USDT,3618.05,3618.14,5.999,6.548
2025-07-25T07:49:38.047266,BTC-USDT,115201.08,115201.09,0.0243,27.8994
2025-07-25T07:49:39.069358,XRP-USDT,3.0622,3.0623,31486.2,9395.4
2025-07-25T07:49:39.080245,ETH-USDT,3618.05,3618.17,5.999,1.766
2025-07-25T07:49:40.101198,LTC-USDT,111.22,111.25,81.284,14.377
2025-07-25T07:49:40.124328,SOL-USDT,176.98,177.04,133.168,122.773
2025-07-25T07:49:40.125726,ETH-USDT,3618.64,3618.73,5.406,6.595
2025-07-25T07:49:40.137540,BTC-USDT,115176.29,115176.3,9.479,2.4378
2025-07-25T07:49:41.148428,LTC-USDT,111.22,111.27,81.284,86.031
2025-07-25T07:49:41.160304,XRP-USDT,3.0624,3.0625,68124.2,9359.5
2025-07-25T07:49:41.171327,ETH-USDT,3618.28,3618.46,5.59,5.521
2025-07-25T07:49:42.214040,ETH-USDT,3618.37,3618.46,2.842,5.521
2025-07-25T07:49:42.224523,BTC-USDT,115176.29,115176.3,9.479,2.4378
2025-07-25T07:49:43.246343,XRP-USDT,3.0629,3.063,97838.5,61199.1
2025-07-25T07:49:44.276236,LTC-USDT,111.25,111.29,85.499,30.988
2025-07-25T07:49:44.297051,SOL-USDT,177.01,177.06,108.786,123.725
2025-07-25T07:49:44.310215,BTC-USDT,115176.29,115176.3,9.479,2.4378
2025-07-25T07:49:45.320015,LTC-USDT,111.25,111.29,85.499,30.988
2025-07-25T07:49:45.332842,XRP-USDT,3.064,3.0641,51430.6,34651.9
2025-07-25T07:49:46.363630,LTC-USDT,111.22,111.27,40.636,54.115
2025-07-25T07:49:46.376215,XRP-USDT,3.064,3.0641,51428.6,34651.9
2025-07-25T07:49:46.387853,ETH-USDT,3617.74,3617.83,0.006,5.387
2025-07-25T07:49:46.400046,BTC-USDT,115176.29,115176.3,9.479,2.4378
2025-07-25T07:49:47.409902,LTC-USDT,111.21,111.24,23.399,89.626
2025-07-25T07:49:47.422871,XRP-USDT,3.0628,3.0629,37077.6,88673.5
2025-07-25T07:49:47.434810,SOL-USDT,176.98,177.03,122.04,96.134
2025-07-25T07:49:47.436245,ETH-USDT,3617.36,3617.45,0.815,5.546
2025-07-25T07:49:48.457070,LTC-USDT,111.21,111.24,23.399,89.626
2025-07-25T07:49:48.469575,XRP-USDT,3.0625,3.0626,23165.8,35982.4
2025-07-25T07:49:48.480392,ETH-USDT,3617.28,3617.39,6.135,6.908
2025-07-25T07:49:48.492284,BTC-USDT,115172.18,115172.19,0.2579,31.5876
2025-07-25T07:49:49.526292,ETH-USDT,3617.21,3617.39,7.952,6.908
2025-07-25T07:49:49.539322,BTC-USDT,115000.0,115172.19,1.001,31.5876
2025-07-25T07:49:50.572723,ETH-USDT,3617.12,3617.39,6.123,6.908
2025-07-25T07:49:50.583692,BTC-USDT,115147.82,115147.83,9.1952,3.0364
2025-07-25T07:49:51.594411,LTC-USDT,111.19,111.27,31.896,54.115
2025-07-25T07:49:51.606818,XRP-USDT,3.0622,3.0623,31486.2,14445.6
2025-07-25T07:49:51.615961,SOL-USDT,176.95,176.99,125.316,99.983
2025-07-25T07:49:51.617656,ETH-USDT,3617.35,3617.45,5.37,5.546
2025-07-25T07:49:51.629248,BTC-USDT,115162.18,115162.19,17.8275,0.0001
2025-07-25T07:49:52.653811,XRP-USDT,3.0624,3.0625,33455.2,47.8
2025-07-25T07:49:52.667217,SOL-USDT,176.98,177.01,94.138,119.796
2025-07-25T07:49:53.687196,LTC-USDT,111.18,111.21,71.73,82.04
2025-07-25T07:49:53.711519,SOL-USDT,176.95,177.01,125.316,119.796
2025-07-25T07:49:53.724657,BTC-USDT,115162.18,115162.19,17.8275,0.0001
2025-07-25T07:49:54.763342,SOL-USDT,176.95,177.01,125.316,119.796
2025-07-25T07:49:54.774036,BTC-USDT,115162.18,115162.19,17.8275,0.0001
2025-07-25T07:49:55.799494,XRP-USDT,3.062,3.0621,44.7,21753.7
2025-07-25T07:49:55.811834,ETH-USDT,3616.92,3617.01,0.55,7.81
2025-07-25T07:49:55.823083,BTC-USDT,115162.18,115162.19,17.8275,0.0001
2025-07-25T07:49:56.832064,LTC-USDT,111.18,111.23,71.73,106.93
2025-07-25T07:49:56.845077,XRP-USDT,3.0618,3.0619,37862.2,28527.2
2025-07-25T07:49:56.856019,ETH-USDT,3617.47,3617.56,6.262,7.835
2025-07-25T07:49:57.876454,LTC-USDT,111.18,111.23,71.73,106.93
2025-07-25T07:49:57.901028,ETH-USDT,3617.34,3617.43,0.271,6.514
2025-07-25T07:49:57.912890,BTC-USDT,115162.18,115162.19,17.8275,0.0001
2025-07-25T07:49:59.970110,LTC-USDT,111.22,111.25,92.523,40.214
2025-07-25T07:49:59.980974,XRP-USDT,3.0624,3.0625,98974.2,47.8
2025-07-25T07:49:59.989879,SOL-USDT,177.01,177.04,109.868,104.034
2025-07-25T07:49:59.991443,ETH-USDT,3618.09,3618.18,6.541,1.607
2025-07-25T07:50:00.002640,BTC-USDT,115162.18,115162.19,17.8275,0.0001
2025-07-25T07:50:01.011241,LTC-USDT,111.22,111.25,92.523,40.214
2025-07-25T07:50:01.023863,XRP-USDT,3.0636,3.0637,111721.5,212089.3
2025-07-25T07:50:01.032337,SOL-USDT,177.01,177.04,109.868,104.034
2025-07-25T07:50:01.035290,ETH-USDT,3618.37,3618.46,6.799,5.521
2025-07-25T07:50:02.056727,LTC-USDT,111.22,111.25,92.523,40.214
2025-07-25T07:50:02.083590,ETH-USDT,3618.91,3619.0,5.318,6.703
2025-07-25T07:50:02.095179,BTC-USDT,115193.36,115193.37,19.5628,6.0942
2025-07-25T07:50:03.117085,XRP-USDT,3.0637,3.0638,30018.0,99885.8
2025-07-25T07:50:03.125479,SOL-USDT,177.05,177.08,122.257,113.221
2025-07-25T07:50:04.168437,SOL-USDT,177.05,177.08,122.257,113.221
2025-07-25T07:50:04.170477,ETH-USDT,3618.68,3618.77,0.813,5.401
2025-07-25T07:50:04.179841,BTC-USDT,115193.36,115193.37,19.5628,6.0942
2025-07-25T07:50:05.189065,LTC-USDT,111.2,111.25,22.062,40.214
2025-07-25T07:50:05.203536,XRP-USDT,3.0636,3.0637,111721.5,104985.9
2025-07-25T07:50:05.211470,SOL-USDT,177.01,177.04,109.868,90.755
2025-07-25T07:50:05.213007,ETH-USDT,3617.25,3617.34,2.458,6.688
2025-07-25T07:50:06.234179,LTC-USDT,111.17,111.22,38.027,104.309
2025-07-25T07:50:06.258880,SOL-USDT,177.0,177.04,109.215,90.755
2025-07-25T07:50:06.260463,ETH-USDT,3617.25,3617.34,2.458,6.688
2025-07-25T07:50:06.271480,BTC-USDT,115183.78,115183.79,0.0038,27.6673
2025-07-25T07:50:07.280646,LTC-USDT,111.17,111.22,38.027,104.309
2025-07-25T07:50:07.295273,XRP-USDT,3.063,3.0631,38401.7,95459.5
2025-07-25T07:50:07.304168,SOL-USDT,176.98,177.01,120.505,128.313
2025-07-25T07:50:08.361385,BTC-USDT,115176.38,115176.39,1.2967,24.9492
2025-07-25T07:50:10.246114,SOL-USDT,176.96,177.01,130.274,128.313
2025-07-25T07:50:10.246184,ETH-USDT,3616.83,3616.92,0.022,6.651
2025-07-25T07:50:10.439900,SOL-USDT,176.96,177.01,130.274,128.313
2025-07-25T07:50:10.441307,ETH-USDT,3616.45,3616.54,0.879,5.427
2025-07-25T07:50:10.452364,BTC-USDT,115176.38,115176.39,1.2967,24.9492
2025-07-25T07:50:11.476456,XRP-USDT,3.0628,3.0629,211350.9,97578.0
2025-07-25T07:50:12.522051,XRP-USDT,3.0625,3.0626,94109.6,115979.2
2025-07-25T07:50:12.545937,BTC-USDT,115176.38,115176.39,1.2967,24.9492
2025-07-25T07:50:13.580626,ETH-USDT,3616.81,3616.92,6.704,6.651
2025-07-25T07:50:13.592882,BTC-USDT,115176.38,115176.39,1.2967,24.9492
2025-07-25T07:50:14.626181,ETH-USDT,3616.81,3617.21,6.704,5.411
2025-07-25T07:50:14.638969,BTC-USDT,115176.38,115176.39,1.2967,24.9492
2025-07-25T07:50:15.662513,XRP-USDT,3.0621,3.0622,6354.9,105796.1
2025-07-25T07:50:15.675623,ETH-USDT,3616.61,3616.7,7.292,6.127
2025-07-25T07:50:15.688678,BTC-USDT,115159.94,115159.95,2.5379,14.6289
2025-07-25T07:50:16.713727,XRP-USDT,3.0613,3.0614,31.8,46821.8
2025-07-25T07:50:17.787760,BTC-USDT,115159.94,115159.95,2.5379,14.6289
2025-07-25T07:50:18.830486,SOL-USDT,176.92,176.96,135.284,124.088
2025-07-25T07:50:18.830525,ETH-USDT,3615.96,3616.05,3.314,6.544
2025-07-25T07:50:19.866570,XRP-USDT,3.0607,3.0608,41958.8,297103.6
2025-07-25T07:50:19.878369,SOL-USDT,176.92,176.96,135.284,124.088
2025-07-25T07:50:19.879745,ETH-USDT,3616.17,3616.26,5.356,5.926
2025-07-25T07:50:19.891112,BTC-USDT,115159.94,115159.95,2.5379,14.6289
2025-07-25T07:50:20.926677,ETH-USDT,3615.96,3616.26,3.314,5.926
2025-07-25T07:50:21.971991,ETH-USDT,3615.96,3616.59,3.314,6.527
2025-07-25T07:50:21.985228,BTC-USDT,115159.94,115159.95,2.5379,14.6289
2025-07-25T07:50:23.016721,ETH-USDT,3616.05,3616.14,1.469,7.215
2025-07-25T07:50:24.049532,XRP-USDT,3.0607,3.0608,41958.8,297102.6
2025-07-25T07:50:24.060892,ETH-USDT,3616.45,3616.98,6.607,7.954
2025-07-25T07:50:24.072604,BTC-USDT,115159.94,115159.95,2.5379,14.6289
2025-07-25T07:50:25.104880,SOL-USDT,176.92,176.98,135.284,91.166
2025-07-25T07:50:25.106413,ETH-USDT,3616.89,3616.98,7.229,7.954
2025-07-25T07:50:26.128003,LTC-USDT,111.15,111.18,120.297,57.748
2025-07-25T07:50:26.149886,ETH-USDT,3616.49,3616.58,7.614,5.974
2025-07-25T07:50:26.160448,BTC-USDT,115159.94,115159.95,2.5379,14.6289
2025-07-25T07:50:27.170623,LTC-USDT,111.15,111.18,120.297,57.748
2025-07-25T07:50:27.192326,SOL-USDT,176.92,176.95,135.284,120.51
2025-07-25T07:50:27.204384,BTC-USDT,115159.94,115159.95,2.5379,14.6289
2025-07-25T07:50:28.242463,ETH-USDT,3616.49,3616.58,7.614,5.974
2025-07-25T07:50:30.345229,BTC-USDT,115159.94,115159.95,2.5379,14.6289
2025-07-25T07:50:31.382131,SOL-USDT,176.92,176.98,135.284,91.166
2025-07-25T07:50:31.396396,BTC-USDT,115159.94,115159.95,2.5379,14.6289
2025-07-25T07:50:34.495114,LTC-USDT,111.14,111.18,45.518,57.748
2025-07-25T07:50:34.534866,BTC-USDT,115159.94,115159.95,2.5379,14.6289
2025-07-25T07:50:35.543895,LTC-USDT,111.1,111.14,16.687,115.74
2025-07-25T07:50:35.559045,XRP-USDT,3.0606,3.0607,35965.3,116473.2
2025-07-25T07:50:35.569869,SOL-USDT,176.89,176.92,120.88,100.131
2025-07-25T07:50:35.571394,ETH-USDT,3616.04,3616.13,5.435,7.861
2025-07-25T07:50:35.583111,BTC-USDT,115159.94,115159.95,2.5379,14.6289
2025-07-25T07:50:36.592273,LTC-USDT,111.1,111.14,16.687,115.74
2025-07-25T07:50:36.628154,BTC-USDT,115159.94,115159.95,2.5379,14.6289
2025-07-25T07:50:37.637129,LTC-USDT,111.1,111.14,16.687,115.74
2025-07-25T07:50:37.650670,XRP-USDT,3.059,3.0591,3050.8,99282.6
2025-07-25T07:50:37.660105,SOL-USDT,176.83,176.86,124.275,115.01
2025-07-25T07:50:37.673955,BTC-USDT,115155.21,115155.22,0.5406,18.6564
2025-07-25T07:50:38.695931,XRP-USDT,3.0588,3.0589,12801.4,9463.0
2025-07-25T07:50:38.707288,ETH-USDT,3616.32,3616.41,5.588,6.334
2025-07-25T07:50:39.754393,ETH-USDT,3616.37,3616.58,7.817,5.974
2025-07-25T07:50:39.765136,BTC-USDT,115155.21,115155.22,0.5406,18.6564
2025-07-25T07:50:40.797998,SOL-USDT,176.81,176.86,95.308,115.01
2025-07-25T07:50:40.799683,ETH-USDT,3615.96,3616.58,3.314,5.974
2025-07-25T07:50:41.830068,LTC-USDT,111.08,111.14,24.97,115.74
2025-07-25T07:50:41.853033,XRP-USDT,3.0587,3.0588,217.4,26385.3
2025-07-25T07:50:41.861119,ETH-USDT,3616.19,3616.28,6.112,3.324
2025-07-25T07:50:41.877146,BTC-USDT,115150.0,115150.01,0.088,16.6035
2025-07-25T07:50:42.906552,XRP-USDT,3.059,3.0591,36617.9,20799.5
2025-07-25T07:50:42.918367,ETH-USDT,3615.81,3616.07,7.371,7.498
2025-07-25T07:50:43.972024,ETH-USDT,3616.44,3616.53,4.852,6.744
2025-07-25T07:50:43.981360,BTC-USDT,115150.0,115150.01,0.088,16.6035
2025-07-25T07:50:44.991539,LTC-USDT,111.08,111.11,24.97,102.885
2025-07-25T07:50:45.015576,ETH-USDT,3615.81,3615.92,7.371,5.318
2025-07-25T07:50:46.041244,LTC-USDT,111.07,111.11,25.996,102.885
2025-07-25T07:50:46.068225,ETH-USDT,3616.01,3616.1,5.521,0.057
2025-07-25T07:50:46.080463,BTC-USDT,115150.0,115150.01,0.088,16.6035
2025-07-25T07:50:47.111718,ETH-USDT,3616.3,3616.39,5.889,0.103
2025-07-25T07:50:48.131428,LTC-USDT,111.1,111.14,107.09,115.74
2025-07-25T07:50:48.153153,SOL-USDT,176.88,176.92,112.964,100.131
2025-07-25T07:50:48.155144,ETH-USDT,3617.4,3618.28,6.506,6.422
2025-07-25T07:50:48.168064,BTC-USDT,115148.67,115148.68,0.0002,12.7405
2025-07-25T07:50:49.177662,LTC-USDT,111.1,111.14,107.09,115.74
2025-07-25T07:50:49.193574,XRP-USDT,3.0611,3.0612,32747.5,55497.9
2025-07-25T07:50:49.201517,SOL-USDT,176.95,176.98,113.249,91.166
2025-07-25T07:50:49.203091,ETH-USDT,3618.18,3618.28,7.267,6.422
2025-07-25T07:50:50.241976,SOL-USDT,176.95,177.0,113.249,113.203
2025-07-25T07:50:50.243276,ETH-USDT,3618.18,3618.28,7.267,6.422
2025-07-25T07:50:50.253889,BTC-USDT,115167.99,115168.0,12.0232,5.8325
2025-07-25T07:50:51.399553,XRP-USDT,3.061,3.0611,17029.5,53978.1
2025-07-25T07:50:52.460300,SOL-USDT,176.98,177.02,129.499,127.774
2025-07-25T07:50:52.472668,BTC-USDT,115167.99,115168.0,12.0232,5.8325
2025-07-25T07:50:53.493773,XRP-USDT,3.0611,3.0612,78075.4,55497.9
2025-07-25T07:50:53.502665,SOL-USDT,176.98,177.04,129.499,126.041
2025-07-25T07:50:53.504226,ETH-USDT,3618.62,3618.71,5.5,0.136
2025-07-25T07:50:54.547268,SOL-USDT,177.03,177.08,105.223,113.221
2025-07-25T07:50:54.548729,ETH-USDT,3619.19,3619.28,6.286,3.434
2025-07-25T07:50:54.563339,BTC-USDT,115167.99,115168.0,12.0232,5.8325
2025-07-25T07:50:55.592890,XRP-USDT,3.062,3.0621,32828.6,97776.0
2025-07-25T07:50:55.603575,SOL-USDT,177.03,177.08,105.223,113.221
2025-07-25T07:50:56.631483,LTC-USDT,111.09,111.14,41.438,115.74
2025-07-25T07:50:56.643920,XRP-USDT,3.061,3.0611,17029.5,46296.1
2025-07-25T07:50:56.661936,SOL-USDT,177.01,177.05,94.188,123.208
2025-07-25T07:50:56.665471,BTC-USDT,115181.17,115181.18,23.7245,4.0753
2025-07-25T07:50:57.694548,SOL-USDT,177.01,177.05,94.188,123.208
2025-07-25T07:50:57.708647,BTC-USDT,115181.17,115181.18,23.7245,4.0753
2025-07-25T07:50:58.740736,SOL-USDT,177.01,177.05,94.188,123.208
2025-07-25T07:50:59.764932,LTC-USDT,111.07,111.11,25.996,85.351
2025-07-25T07:50:59.782117,XRP-USDT,3.0608,3.0609,25538.8,52551.7
2025-07-25T07:50:59.808387,BTC-USDT,115181.17,115181.18,23.7245,4.0753
2025-07-25T07:51:00.818135,LTC-USDT,111.05,111.08,38.928,83.168
2025-07-25T07:51:00.830876,XRP-USDT,3.0603,3.0604,68246.9,76882.5
2025-07-25T07:51:00.840057,SOL-USDT,176.99,177.05,99.935,123.208
2025-07-25T07:51:00.841546,ETH-USDT,3618.02,3618.11,1.323,6.67
2025-07-25T07:51:01.861556,LTC-USDT,111.0,111.03,7.915,75.013
2025-07-25T07:51:01.884676,SOL-USDT,176.95,176.99,113.249,111.066
2025-07-25T07:51:01.888462,ETH-USDT,3617.4,3617.91,6.506,7.835
2025-07-25T07:51:01.897076,BTC-USDT,115167.99,115168.0,0.3139,20.6533
2025-07-25T07:51:02.907659,LTC-USDT,110.96,111.0,38.118,120.132
2025-07-25T07:51:02.933398,SOL-USDT,176.95,176.99,113.249,111.066
2025-07-25T07:51:02.935395,ETH-USDT,3617.7,3617.79,0.072,5.508
2025-07-25T07:51:02.948137,BTC-USDT,115167.99,115168.0,0.3139,20.6533
2025-07-25T07:51:03.959952,LTC-USDT,110.93,110.97,43.833,104.993
2025-07-25T07:51:03.974062,XRP-USDT,3.0589,3.059,17824.0,9390.7
2025-07-25T07:51:03.986417,ETH-USDT,3617.55,3617.64,4.379,6.42
2025-07-25T07:51:03.997028,BTC-USDT,115167.99,115168.0,0.3139,20.6533
2025-07-25T07:51:05.006422,LTC-USDT,110.91,110.97,23.41,104.993
2025-07-25T07:51:05.020115,XRP-USDT,3.0592,3.0593,79404.0,24616.3
2025-07-25T07:51:05.030255,ETH-USDT,3617.82,3617.91,7.12,7.835
2025-07-25T07:51:06.072612,SOL-USDT,176.95,177.01,113.249,113.803
2025-07-25T07:51:06.074028,ETH-USDT,3617.82,3617.91,7.12,7.835
2025-07-25T07:51:06.086082,BTC-USDT,115167.99,115168.0,0.3139,20.6533
2025-07-25T07:51:07.123049,SOL-USDT,176.98,177.01,129.594,113.803
2025-07-25T07:51:07.124695,ETH-USDT,3618.05,3618.14,6.719,6.716
2025-07-25T07:51:07.138094,BTC-USDT,115167.99,115168.0,0.3139,20.6533
2025-07-25T07:51:08.164040,XRP-USDT,3.0597,3.0598,90183.1,71483.4
2025-07-25T07:51:08.173085,SOL-USDT,176.95,177.01,132.141,113.803
2025-07-25T07:51:08.174355,ETH-USDT,3618.31,3618.4,6.343,6.366
2025-07-25T07:51:08.185170,BTC-USDT,115167.99,115168.0,0.3139,20.6533
2025-07-25T07:51:09.207766,XRP-USDT,3.0599,3.06,44489.1,97182.8
2025-07-25T07:51:09.218868,ETH-USDT,3618.45,3618.54,7.849,0.113
2025-07-25T07:51:11.120370,SOL-USDT,176.98,177.01,101.812,113.803
2025-07-25T07:51:11.120419,ETH-USDT,3618.45,3618.73,7.849,7.205
2025-07-25T07:51:11.120449,BTC-USDT,115167.99,115168.0,0.3139,20.6533
2025-07-25T07:51:11.285721,LTC-USDT,110.93,110.97,102.724,104.993
2025-07-25T07:51:11.323034,BTC-USDT,115167.99,115168.0,0.3139,20.6533
2025-07-25T07:51:12.359849,ETH-USDT,3617.82,3617.92,7.12,6.376
2025-07-25T07:51:13.401025,XRP-USDT,3.0587,3.0588,217.4,10121.3
2025-07-25T07:51:13.409396,SOL-USDT,176.95,177.01,132.141,113.803
2025-07-25T07:51:13.411075,ETH-USDT,3617.55,3617.92,4.379,6.376
2025-07-25T07:51:14.452908,ETH-USDT,3617.55,3617.92,4.379,6.376
2025-07-25T07:51:14.465449,BTC-USDT,115152.38,115152.39,2.1211,16.1049
2025-07-25T07:51:15.510484,BTC-USDT,115152.38,115152.39,2.1211,16.1049
2025-07-25T07:51:16.546732,ETH-USDT,3617.54,3617.63,1.653,7.891
2025-07-25T07:51:17.581550,XRP-USDT,3.0586,3.0587,45.8,110261.8
2025-07-25T07:51:17.591927,ETH-USDT,3617.33,3617.42,4.608,7.13
2025-07-25T07:51:18.649249,BTC-USDT,115152.38,115152.39,2.1211,16.1049
2025-07-25T07:51:19.693694,BTC-USDT,115152.38,115152.39,2.1211,16.1049
2025-07-25T07:51:21.761060,XRP-USDT,3.0588,3.0589,88115.0,39.0
2025-07-25T07:51:21.773285,ETH-USDT,3617.21,3617.3,0.058,5.928
2025-07-25T07:51:21.784871,BTC-USDT,115152.38,115152.39,2.1211,16.1049
2025-07-25T07:51:22.826579,ETH-USDT,3616.9,3616.99,0.165,5.514
2025-07-25T07:51:22.837299,BTC-USDT,115152.38,115152.39,2.1211,16.1049
2025-07-25T07:51:23.871414,ETH-USDT,3616.9,3616.99,0.165,5.514
2025-07-25T07:51:23.881741,BTC-USDT,115152.38,115152.39,2.1211,16.1049
2025-07-25T07:51:24.891519,LTC-USDT,110.91,110.94,23.41,39.89
2025-07-25T07:51:25.936426,LTC-USDT,110.91,110.94,23.41,39.89
2025-07-25T07:51:25.960511,ETH-USDT,3616.63,3616.99,5.611,5.514
2025-07-25T07:51:25.969104,BTC-USDT,115152.38,115152.39,2.1211,16.1049
2025-07-25T07:51:26.978721,LTC-USDT,110.89,110.94,30.059,39.89
2025-07-25T07:51:26.992165,XRP-USDT,3.0585,3.0586,142.5,76547.6
2025-07-25T07:51:27.002303,SOL-USDT,176.95,177.01,132.141,113.803
2025-07-25T07:51:28.023676,LTC-USDT,110.87,110.91,46.674,56.637
2025-07-25T07:51:28.045672,SOL-USDT,176.9,176.93,107.029,124.542
2025-07-25T07:51:28.047646,ETH-USDT,3616.12,3616.21,2.709,7.79
2025-07-25T07:51:28.059415,BTC-USDT,115128.58,115128.59,0.0132,8.4317
2025-07-25T07:51:29.081075,XRP-USDT,3.0578,3.0579,8015.8,85675.7
2025-07-25T07:51:29.090480,SOL-USDT,176.85,176.89,99.931,116.93
2025-07-25T07:51:29.092088,ETH-USDT,3614.6,3615.05,5.469,5.646
2025-07-25T07:51:30.114393,LTC-USDT,110.85,110.88,38.609,60.358
2025-07-25T07:51:30.135513,SOL-USDT,176.8,176.83,101.383,126.364
2025-07-25T07:51:30.137182,ETH-USDT,3613.79,3613.88,6.767,5.818
2025-07-25T07:51:30.150128,BTC-USDT,115033.42,115033.64,0.0002,3.4828
2025-07-25T07:51:31.159676,LTC-USDT,110.85,110.88,38.609,60.358
2025-07-25T07:51:31.175158,XRP-USDT,3.0571,3.0572,26553.3,56.2
2025-07-25T07:51:31.181855,SOL-USDT,176.83,176.91,118.133,121.272
2025-07-25T07:51:31.183658,ETH-USDT,3613.91,3614.45,0.039,6.225
2025-07-25T07:51:32.222529,LTC-USDT,110.81,110.84,21.598,75.626
2025-07-25T07:51:32.246893,SOL-USDT,176.75,176.81,132.231,116.888
2025-07-25T07:51:32.252041,ETH-USDT,3612.97,3613.3,0.136,6.551
2025-07-25T07:51:32.263360,BTC-USDT,115044.48,115044.49,0.3401,0.4954
2025-07-25T07:51:33.287100,LTC-USDT,110.77,110.82,5.854,88.748
2025-07-25T07:51:33.291019,XRP-USDT,3.0562,3.0563,60945.6,12791.5
2025-07-25T07:51:33.301230,SOL-USDT,176.72,176.75,109.213,130.553
2025-07-25T07:51:33.306836,ETH-USDT,3613.36,3613.45,5.384,1.676
2025-07-25T07:51:33.314525,BTC-USDT,115044.47,115044.49,0.0002,0.4954
2025-07-25T07:51:34.323562,LTC-USDT,110.79,110.84,69.935,75.626
2025-07-25T07:51:34.345614,SOL-USDT,176.78,176.84,107.626,128.855
2025-07-25T07:51:34.347122,ETH-USDT,3614.33,3614.42,6.423,2.447
2025-07-25T07:51:34.359323,BTC-USDT,115044.47,115044.48,0.0002,1.6243
2025-07-25T07:51:35.385589,XRP-USDT,3.0588,3.0589,96380.7,39.0
2025-07-25T07:51:35.394210,SOL-USDT,176.81,176.84,97.135,128.855
2025-07-25T07:51:35.396131,ETH-USDT,3614.92,3615.4,6.577,5.757
2025-07-25T07:51:36.420581,LTC-USDT,110.82,110.85,51.066,24.566
2025-07-25T07:51:36.443733,SOL-USDT,176.84,176.88,102.962,122.826
2025-07-25T07:51:36.446727,ETH-USDT,3615.2,3615.29,5.117,7.827
2025-07-25T07:51:36.456627,BTC-USDT,115055.97,115055.98,21.7258,2.0758
2025-07-25T07:51:37.470606,LTC-USDT,110.82,110.85,79.011,24.566
2025-07-25T07:51:37.486084,XRP-USDT,3.0595,3.0596,32648.2,22966.3
2025-07-25T07:51:37.495350,SOL-USDT,176.84,176.89,102.962,133.261
2025-07-25T07:51:37.511991,BTC-USDT,115075.4,115900.0,29.9849,0.0086
2025-07-25T07:51:38.533903,LTC-USDT,110.82,110.85,79.011,24.566
2025-07-25T07:51:38.551221,ETH-USDT,3615.32,3615.56,7.57,6.117
2025-07-25T07:51:38.564876,BTC-USDT,115075.4,115075.41,29.9849,4.8585
2025-07-25T07:51:39.574767,LTC-USDT,110.82,110.86,79.011,27.609
2025-07-25T07:51:39.590280,XRP-USDT,3.0586,3.0589,25392.1,41922.9
2025-07-25T07:51:39.601325,ETH-USDT,3614.9,3614.99,7.438,7.688
