timestamp,symbol,bid,ask,bid_vol,ask_vol
2025-07-25T08:37:44.213746,SOL-USDT,177.49,177.5,1397.0,3.0
2025-07-25T08:37:44.213767,ETH-USDT,3646.74,3646.75,7544.0,606.0
2025-07-25T08:37:44.213778,BTC-USDT,115232.0,115232.1,20680.0,248.0
2025-07-25T08:37:44.213810,XRP-USDT,3.0761,3.0762,32.0,183.0
2025-07-25T08:37:44.660532,SOL-USDT,177.49,177.5,1397.0,3.0
2025-07-25T08:37:44.660545,ETH-USDT,3646.74,3646.75,7544.0,606.0
2025-07-25T08:37:44.660552,BTC-USDT,115232.0,115232.1,20680.0,248.0
2025-07-25T08:37:44.660558,LTC-USDT,111.05,111.08,93.0,15.0
2025-07-25T08:37:44.660567,XRP-USDT,3.0761,3.0762,32.0,183.0
2025-07-25T08:37:45.144710,SOL-USDT,177.5,177.51,1527.0,3.0
2025-07-25T08:37:45.144723,ETH-USDT,3646.74,3646.75,12958.0,2440.0
2025-07-25T08:37:45.144731,BTC-USDT,115238.7,115238.8,18882.0,7.0
2025-07-25T08:37:45.146640,LTC-USDT,111.05,111.07,4.0,11.0
2025-07-25T08:37:45.146650,XRP-USDT,3.0761,3.0762,100.0,16.0
2025-07-25T08:37:45.662221,SOL-USDT,177.52,177.54,469.0,377.0
2025-07-25T08:37:45.662239,ETH-USDT,3647.45,3647.46,15368.0,2464.0
2025-07-25T08:37:45.662250,BTC-USDT,115238.7,115238.8,16886.0,6042.0
2025-07-25T08:37:45.662480,LTC-USDT,111.07,111.08,194.0,4.0
2025-07-25T08:37:45.662498,XRP-USDT,3.0761,3.0762,100.0,16.0
2025-07-25T08:37:46.163090,SOL-USDT,177.52,177.54,469.0,377.0
2025-07-25T08:37:46.163674,ETH-USDT,3647.45,3647.46,15368.0,2464.0
2025-07-25T08:37:46.163686,BTC-USDT,115238.7,115238.8,16886.0,6042.0
2025-07-25T08:37:46.165021,LTC-USDT,111.07,111.08,194.0,4.0
2025-07-25T08:37:46.165030,XRP-USDT,3.0763,3.0764,221.0,6.0
2025-07-25T08:37:46.650880,SOL-USDT,177.53,177.54,1252.0,152.0
2025-07-25T08:37:46.650897,ETH-USDT,3647.45,3647.46,15368.0,2464.0
2025-07-25T08:37:46.650903,BTC-USDT,115238.7,115238.8,12405.0,724.0
2025-07-25T08:37:46.651988,LTC-USDT,111.07,111.1,198.0,40.0
2025-07-25T08:37:46.651998,XRP-USDT,3.0765,3.0766,30.0,48.0
2025-07-25T08:37:47.187406,SOL-USDT,177.52,177.53,399.0,80.0
2025-07-25T08:37:47.187420,ETH-USDT,3646.81,3646.82,13613.0,365.0
2025-07-25T08:37:47.187428,BTC-USDT,115234.4,115234.5,4355.0,32229.0
2025-07-25T08:37:47.187434,LTC-USDT,111.06,111.09,17.0,114.0
2025-07-25T08:37:47.187440,XRP-USDT,3.0765,3.0766,30.0,48.0
2025-07-25T08:37:47.652188,SOL-USDT,177.52,177.53,399.0,80.0
2025-07-25T08:37:47.652199,ETH-USDT,3646.81,3646.82,13613.0,365.0
2025-07-25T08:37:47.652576,BTC-USDT,115234.4,115234.5,4355.0,32229.0
2025-07-25T08:37:47.654224,LTC-USDT,111.06,111.09,17.0,114.0
2025-07-25T08:37:47.654233,XRP-USDT,3.077,3.0771,213.0,23.0
2025-07-25T08:37:48.157439,SOL-USDT,177.52,177.53,399.0,80.0
2025-07-25T08:37:48.157454,ETH-USDT,3646.89,3646.9,7656.0,113.0
2025-07-25T08:37:48.158279,BTC-USDT,115234.4,115234.5,4355.0,32229.0
2025-07-25T08:37:48.166321,LTC-USDT,111.06,111.09,77.0,10.0
2025-07-25T08:37:48.166335,XRP-USDT,3.077,3.0771,151.0,24.0
2025-07-25T08:37:48.646526,SOL-USDT,177.55,177.56,1158.0,65.0
2025-07-25T08:37:48.646544,ETH-USDT,3647.36,3647.37,4188.0,6527.0
2025-07-25T08:37:48.646731,BTC-USDT,115238.6,115238.7,10330.0,1644.0
2025-07-25T08:37:48.648107,LTC-USDT,111.08,111.09,171.0,5.0
2025-07-25T08:37:48.648118,XRP-USDT,3.077,3.0771,151.0,24.0
2025-07-25T08:37:49.196592,SOL-USDT,177.55,177.56,1158.0,65.0
2025-07-25T08:37:49.196603,ETH-USDT,3647.36,3647.37,4188.0,6527.0
2025-07-25T08:37:49.198454,BTC-USDT,115238.6,115238.7,10330.0,1644.0
2025-07-25T08:37:49.198463,LTC-USDT,111.08,111.09,171.0,5.0
2025-07-25T08:37:49.198469,XRP-USDT,3.077,3.0771,151.0,24.0
2025-07-25T08:37:49.652266,SOL-USDT,177.56,177.57,414.0,153.0
2025-07-25T08:37:49.652283,ETH-USDT,3647.45,3647.46,11464.0,40.0
2025-07-25T08:37:49.652292,BTC-USDT,115242.6,115242.7,45297.0,245.0
2025-07-25T08:37:49.653539,LTC-USDT,111.09,111.11,160.0,200.0
2025-07-25T08:37:49.653554,XRP-USDT,3.077,3.0771,169.0,12.0
2025-07-25T08:37:50.226142,SOL-USDT,177.56,177.57,409.0,124.0
2025-07-25T08:37:50.226155,ETH-USDT,3647.66,3647.9,11156.0,131.0
2025-07-25T08:37:50.226161,BTC-USDT,115242.6,115242.7,35330.0,31.0
2025-07-25T08:37:50.227490,LTC-USDT,111.09,111.11,160.0,200.0
2025-07-25T08:37:50.227499,XRP-USDT,3.077,3.0771,128.0,10.0
2025-07-25T08:37:50.647263,SOL-USDT,177.56,177.57,409.0,124.0
2025-07-25T08:37:50.647280,ETH-USDT,3647.66,3647.9,11156.0,131.0
2025-07-25T08:37:50.647472,BTC-USDT,115242.6,115242.7,35330.0,31.0
2025-07-25T08:37:50.649020,LTC-USDT,111.09,111.11,160.0,200.0
2025-07-25T08:37:50.649030,XRP-USDT,3.0772,3.0773,28.0,64.0
2025-07-25T08:37:51.164551,SOL-USDT,177.56,177.57,409.0,124.0
2025-07-25T08:37:51.164563,ETH-USDT,3647.87,3647.88,7402.5,3619.0
2025-07-25T08:37:51.165014,BTC-USDT,115242.6,115242.7,35330.0,31.0
2025-07-25T08:37:51.167049,LTC-USDT,111.1,111.11,221.0,198.0
2025-07-25T08:37:51.167058,XRP-USDT,3.0772,3.0773,28.0,64.0
2025-07-25T08:37:51.653098,SOL-USDT,177.56,177.57,29.0,662.0
2025-07-25T08:37:51.656151,ETH-USDT,3647.61,3647.62,1615.0,31247.0
2025-07-25T08:37:51.656168,BTC-USDT,115234.6,115234.7,3040.0,16269.0
2025-07-25T08:37:51.656179,LTC-USDT,111.09,111.11,33.0,198.0
2025-07-25T08:37:51.656188,XRP-USDT,3.0772,3.0773,2.0,62.0
2025-07-25T08:37:52.152374,SOL-USDT,177.56,177.57,29.0,662.0
2025-07-25T08:37:52.152395,ETH-USDT,3647.61,3647.62,1615.0,31247.0
2025-07-25T08:37:52.152407,BTC-USDT,115234.6,115234.7,3040.0,16269.0
2025-07-25T08:37:52.153917,LTC-USDT,111.09,111.11,33.0,198.0
2025-07-25T08:37:52.153928,XRP-USDT,3.077,3.0771,2.48,245.0
2025-07-25T08:37:52.650820,SOL-USDT,177.55,177.56,84.0,429.0
2025-07-25T08:37:52.651039,ETH-USDT,3647.61,3647.62,1615.0,31222.1
2025-07-25T08:37:52.653923,BTC-USDT,115234.6,115234.7,5501.0,19781.0
2025-07-25T08:37:52.658186,LTC-USDT,111.09,111.11,24.0,198.0
2025-07-25T08:37:52.658891,XRP-USDT,3.077,3.0771,2.48,245.0
2025-07-25T08:37:53.210257,SOL-USDT,177.55,177.56,129.0,422.0
2025-07-25T08:37:53.210268,ETH-USDT,3647.61,3647.62,5209.0,23919.0
2025-07-25T08:37:53.210274,BTC-USDT,115234.6,115234.7,5501.0,19781.0
2025-07-25T08:37:53.210694,LTC-USDT,111.09,111.11,23.0,198.0
2025-07-25T08:37:53.210704,XRP-USDT,3.077,3.0771,2.48,245.0
2025-07-25T08:37:53.653586,SOL-USDT,177.55,177.56,129.0,422.0
2025-07-25T08:37:53.653598,ETH-USDT,3647.61,3647.62,5209.0,23919.0
2025-07-25T08:37:53.653605,BTC-USDT,115234.6,115234.7,5501.0,19781.0
2025-07-25T08:37:53.654337,LTC-USDT,111.09,111.11,23.0,198.0
2025-07-25T08:37:53.654347,XRP-USDT,3.0765,3.0766,21.0,239.0
2025-07-25T08:37:54.198980,SOL-USDT,177.52,177.53,5.0,251.62
2025-07-25T08:37:54.199576,ETH-USDT,3647.24,3647.25,1325.0,55507.0
2025-07-25T08:37:54.200041,BTC-USDT,115222.2,115222.7,7535.0,17822.0
2025-07-25T08:37:54.201747,LTC-USDT,111.09,111.1,1.0,94.0
2025-07-25T08:37:54.201764,XRP-USDT,3.0765,3.0766,21.0,239.0
2025-07-25T08:37:54.653692,SOL-USDT,177.52,177.53,5.0,251.62
2025-07-25T08:37:54.653709,ETH-USDT,3647.24,3647.25,3636.0,28040.0
2025-07-25T08:37:54.653717,BTC-USDT,115222.2,115222.3,6221.0,14052.3
2025-07-25T08:37:54.655177,LTC-USDT,111.09,111.1,1.0,8.0
2025-07-25T08:37:54.655187,XRP-USDT,3.0765,3.0766,20.0,32.0
2025-07-25T08:37:55.207464,SOL-USDT,177.52,177.53,51.0,784.0
2025-07-25T08:37:55.207475,ETH-USDT,3647.24,3647.25,3636.0,28040.0
2025-07-25T08:37:55.207480,BTC-USDT,115222.2,115222.3,6221.0,14052.3
2025-07-25T08:37:55.207485,LTC-USDT,111.09,111.1,1.0,8.0
2025-07-25T08:37:55.207491,XRP-USDT,3.0766,3.0767,33.64,127.0
2025-07-25T08:37:55.648043,SOL-USDT,177.52,177.53,119.0,252.0
2025-07-25T08:37:55.648055,ETH-USDT,3647.24,3647.25,3636.0,28040.0
2025-07-25T08:37:55.648224,BTC-USDT,115222.2,115222.3,7528.0,2696.0
2025-07-25T08:37:55.649554,LTC-USDT,111.09,111.1,1.0,3.0
2025-07-25T08:37:55.649563,XRP-USDT,3.0766,3.0767,33.64,127.0
2025-07-25T08:37:56.229105,SOL-USDT,177.52,177.53,119.0,252.0
2025-07-25T08:37:56.229119,ETH-USDT,3647.32,3647.33,9676.0,2521.0
2025-07-25T08:37:56.229854,BTC-USDT,115237.4,115237.5,5103.0,6169.0
2025-07-25T08:37:56.231480,LTC-USDT,111.09,111.1,1.0,3.0
2025-07-25T08:37:56.231489,XRP-USDT,3.0766,3.0767,45.64,56.0
2025-07-25T08:37:56.658338,SOL-USDT,177.52,177.53,438.0,83.0
2025-07-25T08:37:56.658353,ETH-USDT,3647.32,3647.33,9676.0,2521.0
2025-07-25T08:37:56.658679,BTC-USDT,115237.4,115237.5,5103.0,6169.0
2025-07-25T08:37:56.660377,LTC-USDT,111.08,111.11,95.0,214.0
2025-07-25T08:37:56.660386,XRP-USDT,3.0766,3.0767,45.64,56.0
2025-07-25T08:37:57.184137,SOL-USDT,177.52,177.53,438.0,83.0
2025-07-25T08:37:57.184151,ETH-USDT,3647.32,3647.33,13735.0,5012.0
2025-07-25T08:37:57.184158,BTC-USDT,115237.4,115237.5,5100.0,6169.0
2025-07-25T08:37:57.184166,LTC-USDT,111.08,111.1,4.0,8.0
2025-07-25T08:37:57.184173,XRP-USDT,3.0766,3.0767,89.0,70.0
2025-07-25T08:37:57.655667,SOL-USDT,177.52,177.53,438.0,83.0
2025-07-25T08:37:57.655680,ETH-USDT,3647.32,3647.33,13735.0,5012.0
2025-07-25T08:37:57.655687,BTC-USDT,115237.4,115237.5,5100.0,6169.0
2025-07-25T08:37:57.655694,LTC-USDT,111.08,111.1,4.0,8.0
2025-07-25T08:37:57.655700,XRP-USDT,3.0766,3.0767,89.0,70.0
2025-07-25T08:37:58.167847,SOL-USDT,177.51,177.52,8.0,598.0
2025-07-25T08:37:58.167861,ETH-USDT,3646.63,3646.64,101.0,21504.0
2025-07-25T08:37:58.167868,BTC-USDT,115233.2,115233.3,272.0,11367.0
2025-07-25T08:37:58.171200,LTC-USDT,111.08,111.1,60.0,4.0
2025-07-25T08:37:58.171212,XRP-USDT,3.0761,3.0762,1.0,164.0
2025-07-25T08:37:58.652435,SOL-USDT,177.51,177.52,8.0,598.0
2025-07-25T08:37:58.652445,ETH-USDT,3645.91,3645.92,8682.0,114.0
2025-07-25T08:37:58.653572,BTC-USDT,115222.2,115222.3,2630.0,19373.0
2025-07-25T08:37:58.655106,LTC-USDT,111.08,111.1,60.0,4.0
2025-07-25T08:37:58.655116,XRP-USDT,3.076,3.0761,0.05,264.0
2025-07-25T08:37:59.191157,SOL-USDT,177.48,177.49,13.0,1149.0
2025-07-25T08:37:59.191173,ETH-USDT,3645.91,3645.92,8682.0,114.0
2025-07-25T08:37:59.191181,BTC-USDT,115222.2,115222.3,2630.0,19373.0
2025-07-25T08:37:59.194076,LTC-USDT,111.08,111.09,5.0,124.0
2025-07-25T08:37:59.194090,XRP-USDT,3.076,3.0761,0.05,264.0
2025-07-25T08:37:59.653113,SOL-USDT,177.46,177.47,356.0,144.0
2025-07-25T08:37:59.653133,ETH-USDT,3645.28,3645.29,7525.0,269.0
2025-07-25T08:37:59.653143,BTC-USDT,115208.2,115208.3,4792.0,23993.0
2025-07-25T08:37:59.658871,LTC-USDT,111.06,111.08,2.0,58.0
2025-07-25T08:37:59.658888,XRP-USDT,3.075,3.0751,0.05,210.0
2025-07-25T08:38:00.188909,SOL-USDT,177.46,177.47,356.0,144.0
2025-07-25T08:38:00.189198,ETH-USDT,3645.28,3645.29,7525.0,269.0
2025-07-25T08:38:00.189213,BTC-USDT,115208.2,115208.3,4792.0,23993.0
2025-07-25T08:38:00.191963,LTC-USDT,111.06,111.08,2.0,58.0
2025-07-25T08:38:00.191978,XRP-USDT,3.075,3.0751,0.05,255.0
2025-07-25T08:38:00.650148,SOL-USDT,177.45,177.46,379.0,92.0
2025-07-25T08:38:00.650166,ETH-USDT,3644.93,3644.94,6216.0,323.0
2025-07-25T08:38:00.650758,BTC-USDT,115208.2,115208.3,4061.0,13459.0
2025-07-25T08:38:00.652603,LTC-USDT,111.05,111.08,38.0,58.0
2025-07-25T08:38:00.652614,XRP-USDT,3.075,3.0751,0.05,255.0
2025-07-25T08:38:01.187281,SOL-USDT,177.45,177.46,379.0,92.0
2025-07-25T08:38:01.187298,ETH-USDT,3644.93,3644.94,6216.0,323.0
2025-07-25T08:38:01.187307,BTC-USDT,115208.2,115208.3,4061.0,13459.0
2025-07-25T08:38:01.188019,LTC-USDT,111.05,111.08,38.0,58.0
2025-07-25T08:38:01.188033,XRP-USDT,3.075,3.0751,43.05,255.0
2025-07-25T08:38:01.666073,SOL-USDT,177.45,177.46,408.0,311.0
2025-07-25T08:38:01.666084,ETH-USDT,3644.93,3644.94,15232.0,2499.0
2025-07-25T08:38:01.666091,BTC-USDT,115207.0,115207.1,3398.0,9910.0
2025-07-25T08:38:01.666097,LTC-USDT,111.06,111.09,10.0,76.0
2025-07-25T08:38:01.666103,XRP-USDT,3.075,3.0751,43.05,273.0
2025-07-25T08:38:02.251261,SOL-USDT,177.45,177.46,222.0,308.0
2025-07-25T08:38:02.251271,ETH-USDT,3644.88,3644.89,4246.0,8802.0
2025-07-25T08:38:02.251582,BTC-USDT,115207.0,115207.1,2966.0,7211.0
2025-07-25T08:38:02.253401,LTC-USDT,111.06,111.08,7.0,108.0
2025-07-25T08:38:02.253411,XRP-USDT,3.075,3.0751,43.05,294.0
2025-07-25T08:38:02.658648,SOL-USDT,177.45,177.46,222.0,308.0
2025-07-25T08:38:02.658658,ETH-USDT,3644.88,3644.89,4246.0,8802.0
2025-07-25T08:38:02.660437,BTC-USDT,115207.0,115207.1,2966.0,7211.0
2025-07-25T08:38:02.660446,LTC-USDT,111.06,111.08,7.0,108.0
2025-07-25T08:38:02.660452,XRP-USDT,3.0745,3.075,100.78,305.0
2025-07-25T08:38:03.214953,SOL-USDT,177.45,177.46,222.0,308.0
2025-07-25T08:38:03.214964,ETH-USDT,3644.55,3644.56,684.0,19583.0
2025-07-25T08:38:03.215978,BTC-USDT,115207.0,115207.1,2961.6,7211.0
2025-07-25T08:38:03.219221,LTC-USDT,111.06,111.08,7.0,93.0
2025-07-25T08:38:03.219234,XRP-USDT,3.0745,3.075,100.78,305.0
2025-07-25T08:38:03.655543,SOL-USDT,177.45,177.46,222.0,308.0
2025-07-25T08:38:03.655559,ETH-USDT,3643.84,3643.85,99.0,27560.0
2025-07-25T08:38:03.655569,BTC-USDT,115207.0,115207.1,1138.0,7450.0
2025-07-25T08:38:03.660931,LTC-USDT,111.06,111.07,7.0,129.0
2025-07-25T08:38:03.660942,XRP-USDT,3.0745,3.0746,312.78,135.0
2025-07-25T08:38:04.184188,SOL-USDT,177.43,177.44,8.0,866.0
2025-07-25T08:38:04.184201,ETH-USDT,3643.84,3643.85,99.0,27560.0
2025-07-25T08:38:04.184208,BTC-USDT,115207.0,115207.1,1138.0,7450.0
2025-07-25T08:38:04.184705,LTC-USDT,111.06,111.07,7.0,129.0
2025-07-25T08:38:04.184715,XRP-USDT,3.0745,3.0746,328.78,70.0
2025-07-25T08:38:04.653984,SOL-USDT,177.4,177.41,23.0,705.0
2025-07-25T08:38:04.654005,ETH-USDT,3643.76,3643.77,1542.0,32748.0
2025-07-25T08:38:04.654471,BTC-USDT,115207.0,115207.1,974.0,7585.0
2025-07-25T08:38:04.656227,LTC-USDT,111.06,111.07,7.0,99.0
2025-07-25T08:38:04.656245,XRP-USDT,3.0745,3.0746,328.78,70.0
2025-07-25T08:38:05.202188,SOL-USDT,177.4,177.41,347.78,384.0
2025-07-25T08:38:05.202199,ETH-USDT,3644.34,3644.35,5471.0,3725.0
2025-07-25T08:38:05.202900,BTC-USDT,115205.8,115205.9,674.0,15779.0
2025-07-25T08:38:05.203899,LTC-USDT,111.06,111.07,5.0,99.0
2025-07-25T08:38:05.203910,XRP-USDT,3.0745,3.0746,328.78,70.0
2025-07-25T08:38:05.650691,SOL-USDT,177.4,177.41,347.78,384.0
2025-07-25T08:38:05.650709,ETH-USDT,3644.34,3644.35,5471.0,3725.0
2025-07-25T08:38:05.651057,BTC-USDT,115205.8,115205.9,674.0,15779.0
2025-07-25T08:38:05.652547,LTC-USDT,111.06,111.07,5.0,99.0
2025-07-25T08:38:05.652558,XRP-USDT,3.0747,3.0748,135.0,67.0
2025-07-25T08:38:06.157170,SOL-USDT,177.4,177.41,347.78,383.99
2025-07-25T08:38:06.157182,ETH-USDT,3644.34,3644.35,8775.0,6497.0
2025-07-25T08:38:06.157189,BTC-USDT,115204.3,115204.4,793.0,21552.0
2025-07-25T08:38:06.159869,LTC-USDT,111.04,111.07,36.0,57.0
2025-07-25T08:38:06.159881,XRP-USDT,3.0747,3.0748,19.0,57.0
2025-07-25T08:38:06.651922,SOL-USDT,177.4,177.41,347.78,383.99
2025-07-25T08:38:06.651937,ETH-USDT,3644.34,3644.35,22875.0,13510.0
2025-07-25T08:38:06.652265,BTC-USDT,115204.3,115204.4,25.0,26853.0
2025-07-25T08:38:06.653643,LTC-USDT,111.04,111.08,1060.0,102.0
2025-07-25T08:38:06.653653,XRP-USDT,3.0747,3.0748,19.0,57.0
2025-07-25T08:38:07.176037,SOL-USDT,177.4,177.41,129.0,367.0
2025-07-25T08:38:07.176050,ETH-USDT,3644.34,3644.35,22875.0,13510.0
2025-07-25T08:38:07.176691,BTC-USDT,115204.3,115204.4,25.0,26853.0
2025-07-25T08:38:07.179326,LTC-USDT,111.04,111.08,1060.0,102.0
2025-07-25T08:38:07.179339,XRP-USDT,3.0745,3.0746,250.78,34.0
2025-07-25T08:38:07.651251,SOL-USDT,177.4,177.41,129.0,367.0
2025-07-25T08:38:07.651264,ETH-USDT,3644.87,3644.88,7177.0,8969.0
2025-07-25T08:38:07.651270,BTC-USDT,115200.0,115200.1,58.5,254.0
2025-07-25T08:38:07.651276,LTC-USDT,111.07,111.08,28.0,1.0
2025-07-25T08:38:07.651282,XRP-USDT,3.0757,3.0758,168.0,26.0
2025-07-25T08:38:08.161945,SOL-USDT,177.51,177.52,151.0,322.0
2025-07-25T08:38:08.162514,ETH-USDT,3644.87,3644.88,7177.0,8969.0
2025-07-25T08:38:08.162528,BTC-USDT,115200.0,115200.1,58.5,254.0
2025-07-25T08:38:08.163928,LTC-USDT,111.07,111.08,28.0,1.0
2025-07-25T08:38:08.163939,XRP-USDT,3.0757,3.0758,5.94,44.0
2025-07-25T08:38:08.645413,SOL-USDT,177.48,177.49,96.0,441.0
2025-07-25T08:38:08.645427,ETH-USDT,3644.77,3644.78,12163.0,113.0
2025-07-25T08:38:08.646039,BTC-USDT,115200.0,115200.1,119.5,259.0
2025-07-25T08:38:08.650515,LTC-USDT,111.07,111.09,2.0,25.0
2025-07-25T08:38:08.650533,XRP-USDT,3.0757,3.0758,5.94,44.0
2025-07-25T08:38:09.196239,SOL-USDT,177.48,177.49,96.0,441.0
2025-07-25T08:38:09.196250,ETH-USDT,3644.77,3644.78,12163.0,113.0
2025-07-25T08:38:09.196976,BTC-USDT,115200.0,115200.1,119.5,259.0
2025-07-25T08:38:09.198010,LTC-USDT,111.07,111.09,2.0,25.0
2025-07-25T08:38:09.198028,XRP-USDT,3.0754,3.0755,1.0,230.0
2025-07-25T08:38:09.663519,SOL-USDT,177.48,177.49,33.0,445.0
2025-07-25T08:38:09.663530,ETH-USDT,3644.36,3644.37,684.0,10075.0
2025-07-25T08:38:09.663537,BTC-USDT,115200.0,115200.1,119.5,203.0
2025-07-25T08:38:09.665837,LTC-USDT,111.07,111.09,16.0,45.0
2025-07-25T08:38:09.665856,XRP-USDT,3.0758,3.0759,137.0,24.0
2025-07-25T08:38:10.216072,SOL-USDT,177.48,177.49,33.0,445.0
2025-07-25T08:38:10.216089,ETH-USDT,3644.36,3644.37,684.0,10075.0
2025-07-25T08:38:10.216100,BTC-USDT,115200.0,115200.1,119.5,203.0
2025-07-25T08:38:10.218073,LTC-USDT,111.07,111.09,16.0,45.0
2025-07-25T08:38:10.218090,XRP-USDT,3.0758,3.0759,137.0,24.0
2025-07-25T08:38:10.652970,SOL-USDT,177.53,177.54,606.0,137.0
2025-07-25T08:38:10.652982,ETH-USDT,3645.59,3645.6,18947.0,30.0
2025-07-25T08:38:10.653209,BTC-USDT,115215.9,115216.0,8345.0,172.0
2025-07-25T08:38:10.654753,LTC-USDT,111.07,111.1,168.0,14.0
2025-07-25T08:38:10.654764,XRP-USDT,3.0766,3.0767,33.0,51.0
2025-07-25T08:38:11.182906,SOL-USDT,177.53,177.54,606.0,137.0
2025-07-25T08:38:11.182920,ETH-USDT,3645.59,3645.6,18947.0,30.0
2025-07-25T08:38:11.182927,BTC-USDT,115215.9,115216.0,8345.0,172.0
2025-07-25T08:38:11.183686,LTC-USDT,111.07,111.1,168.0,14.0
2025-07-25T08:38:11.183698,XRP-USDT,3.0766,3.0767,81.0,21.0
2025-07-25T08:38:11.648741,SOL-USDT,177.53,177.54,731.0,81.0
2025-07-25T08:38:11.649006,ETH-USDT,3645.59,3645.6,1359.0,9731.0
2025-07-25T08:38:11.649018,BTC-USDT,115230.1,115230.2,11209.0,1335.0
2025-07-25T08:38:11.650537,LTC-USDT,111.08,111.1,104.0,94.0
2025-07-25T08:38:11.650547,XRP-USDT,3.0766,3.0767,81.0,21.0
2025-07-25T08:38:12.214240,SOL-USDT,177.53,177.54,559.0,274.0
2025-07-25T08:38:12.215007,ETH-USDT,3645.59,3645.6,445.0,17869.0
2025-07-25T08:38:12.215017,BTC-USDT,115230.1,115230.2,2272.0,10290.0
2025-07-25T08:38:12.216446,LTC-USDT,111.08,111.1,131.0,93.0
2025-07-25T08:38:12.216455,XRP-USDT,3.0767,3.0768,7.0,58.0
2025-07-25T08:38:12.647421,SOL-USDT,177.53,177.54,559.0,274.0
2025-07-25T08:38:12.647438,ETH-USDT,3645.59,3645.6,445.0,17869.0
2025-07-25T08:38:12.647445,BTC-USDT,115230.1,115230.2,2272.0,10290.0
2025-07-25T08:38:12.648195,LTC-USDT,111.08,111.1,131.0,93.0
2025-07-25T08:38:12.648206,XRP-USDT,3.0767,3.0768,7.0,58.0
2025-07-25T08:38:13.203867,SOL-USDT,177.54,177.55,891.0,9.0
2025-07-25T08:38:13.203877,ETH-USDT,3645.91,3645.92,26422.0,1202.0
2025-07-25T08:38:13.204264,BTC-USDT,115230.1,115230.2,2272.0,10290.0
2025-07-25T08:38:13.208998,LTC-USDT,111.07,111.1,87.0,93.0
2025-07-25T08:38:13.209009,XRP-USDT,3.0766,3.0767,11.0,114.0
2025-07-25T08:38:13.652190,SOL-USDT,177.54,177.55,109.0,399.0
2025-07-25T08:38:13.652201,ETH-USDT,3645.91,3645.92,26422.0,1202.0
2025-07-25T08:38:13.652208,BTC-USDT,115230.1,115230.2,6868.0,2841.0
2025-07-25T08:38:13.653826,LTC-USDT,111.07,111.1,85.0,93.0
2025-07-25T08:38:13.653837,XRP-USDT,3.0766,3.0767,11.0,114.0
2025-07-25T08:38:14.230041,SOL-USDT,177.54,177.55,109.0,399.0
2025-07-25T08:38:14.231128,ETH-USDT,3646.09,3646.1,19579.0,806.0
2025-07-25T08:38:14.231139,BTC-USDT,115243.8,115243.9,12325.0,6600.0
2025-07-25T08:38:14.232322,LTC-USDT,111.07,111.1,85.0,93.0
2025-07-25T08:38:14.232339,XRP-USDT,3.0767,3.0768,309.0,16.0
2025-07-25T08:38:14.659480,SOL-USDT,177.57,177.58,954.0,80.0
2025-07-25T08:38:14.659493,ETH-USDT,3646.09,3646.1,19579.0,806.0
2025-07-25T08:38:14.660665,BTC-USDT,115243.8,115243.9,12325.0,6600.0
2025-07-25T08:38:14.667433,LTC-USDT,111.07,111.1,73.0,72.0
2025-07-25T08:38:14.668022,XRP-USDT,3.0773,3.0774,102.0,1.0
2025-07-25T08:38:15.174932,SOL-USDT,177.6,177.61,605.0,178.0
2025-07-25T08:38:15.174945,ETH-USDT,3646.55,3646.56,15669.0,145.0
2025-07-25T08:38:15.174953,BTC-USDT,115246.9,115251.5,651.0,389.0
2025-07-25T08:38:15.174960,LTC-USDT,111.11,111.12,56.0,9.0
2025-07-25T08:38:15.174966,XRP-USDT,3.0773,3.0774,102.0,1.0
2025-07-25T08:38:15.648282,SOL-USDT,177.6,177.61,605.0,178.0
2025-07-25T08:38:15.648494,ETH-USDT,3646.24,3646.25,4700.0,18666.0
2025-07-25T08:38:15.648704,BTC-USDT,115250.2,115250.3,534.0,9875.0
2025-07-25T08:38:15.650714,LTC-USDT,111.11,111.12,56.0,9.0
2025-07-25T08:38:15.650727,XRP-USDT,3.077,3.0771,1.0,241.0
2025-07-25T08:38:16.203142,SOL-USDT,177.6,177.61,45.0,165.0
2025-07-25T08:38:16.203157,ETH-USDT,3646.24,3646.25,4700.0,18666.0
2025-07-25T08:38:16.203498,BTC-USDT,115250.2,115250.3,534.0,9875.0
2025-07-25T08:38:16.204869,LTC-USDT,111.11,111.14,130.0,73.0
2025-07-25T08:38:16.204879,XRP-USDT,3.0773,3.0774,36.0,68.0
2025-07-25T08:38:16.649051,SOL-USDT,177.6,177.61,226.0,295.0
2025-07-25T08:38:16.649827,ETH-USDT,3646.39,3646.4,4059.0,966.0
2025-07-25T08:38:16.650177,BTC-USDT,115238.6,115238.7,5346.0,8306.0
2025-07-25T08:38:16.651925,LTC-USDT,111.11,111.14,99.0,27.0
2025-07-25T08:38:16.651943,XRP-USDT,3.0773,3.0774,36.0,68.0
2025-07-25T08:38:17.162185,SOL-USDT,177.6,177.61,226.0,295.0
2025-07-25T08:38:17.162203,ETH-USDT,3645.46,3645.47,1599.0,24166.0
2025-07-25T08:38:17.162214,BTC-USDT,115217.0,115217.1,6088.0,10219.0
2025-07-25T08:38:17.162224,LTC-USDT,111.11,111.14,99.0,27.0
2025-07-25T08:38:17.162233,XRP-USDT,3.0767,3.0768,31.0,67.0
2025-07-25T08:38:17.646905,SOL-USDT,177.57,177.58,45.0,259.0
2025-07-25T08:38:17.647504,ETH-USDT,3645.46,3645.47,1599.0,24166.0
2025-07-25T08:38:17.647762,BTC-USDT,115217.0,115217.1,6088.0,10219.0
2025-07-25T08:38:17.650162,LTC-USDT,111.09,111.12,3.0,113.0
2025-07-25T08:38:17.650174,XRP-USDT,3.0755,3.0756,22.0,97.0
2025-07-25T08:38:18.186981,SOL-USDT,177.53,177.54,1013.0,1173.0
2025-07-25T08:38:18.187318,ETH-USDT,3644.16,3644.55,364.0,3345.0
2025-07-25T08:38:18.187330,BTC-USDT,115207.0,115207.1,997.0,10286.0
2025-07-25T08:38:18.189038,LTC-USDT,111.09,111.11,3.0,136.0
2025-07-25T08:38:18.189050,XRP-USDT,3.0755,3.0756,22.0,97.0
2025-07-25T08:38:18.645978,SOL-USDT,177.53,177.54,1013.0,1173.0
2025-07-25T08:38:18.649246,ETH-USDT,3644.16,3644.55,364.0,3345.0
2025-07-25T08:38:18.649259,BTC-USDT,115207.0,115207.1,997.0,10286.0
2025-07-25T08:38:18.649266,LTC-USDT,111.09,111.11,3.0,136.0
2025-07-25T08:38:18.649274,XRP-USDT,3.0755,3.0756,2.0,122.0
2025-07-25T08:38:19.233242,SOL-USDT,177.55,177.56,324.0,410.0
2025-07-25T08:38:19.233255,ETH-USDT,3644.7,3644.71,13076.0,10077.0
2025-07-25T08:38:19.233262,BTC-USDT,115207.0,115207.1,5815.0,11304.9
2025-07-25T08:38:19.233269,LTC-USDT,111.09,111.14,71.0,497.24
2025-07-25T08:38:19.233275,XRP-USDT,3.0755,3.0756,2.0,122.0
2025-07-25T08:38:19.650558,SOL-USDT,177.55,177.56,718.0,153.0
2025-07-25T08:38:19.650571,ETH-USDT,3644.7,3644.71,13076.0,10077.0
2025-07-25T08:38:19.650578,BTC-USDT,115207.0,115207.1,8291.0,3612.0
2025-07-25T08:38:19.651628,LTC-USDT,111.1,111.13,16.0,172.0
2025-07-25T08:38:19.651637,XRP-USDT,3.0755,3.0756,160.0,81.0
2025-07-25T08:38:20.219504,SOL-USDT,177.55,177.56,718.0,153.0
2025-07-25T08:38:20.219515,ETH-USDT,3644.7,3644.71,9320.0,10453.0
2025-07-25T08:38:20.219521,BTC-USDT,115207.0,115207.1,6274.0,2159.0
2025-07-25T08:38:20.223280,LTC-USDT,111.1,111.13,16.0,172.0
2025-07-25T08:38:20.223299,XRP-USDT,3.0755,3.0756,94.0,111.0
2025-07-25T08:38:20.654090,SOL-USDT,177.55,177.56,431.0,111.0
2025-07-25T08:38:20.654104,ETH-USDT,3644.7,3644.71,9320.0,10453.0
2025-07-25T08:38:20.654111,BTC-USDT,115207.0,115207.1,6274.0,2159.0
2025-07-25T08:38:20.654117,LTC-USDT,111.11,111.14,31.0,4.0
2025-07-25T08:38:20.654124,XRP-USDT,3.0755,3.0756,94.0,111.0
2025-07-25T08:38:21.189715,SOL-USDT,177.56,177.57,606.0,142.0
2025-07-25T08:38:21.190160,ETH-USDT,3644.7,3644.71,17397.0,12068.0
2025-07-25T08:38:21.190356,BTC-USDT,115207.0,115207.1,6274.0,2159.0
2025-07-25T08:38:21.192516,LTC-USDT,111.12,111.14,46.0,4.0
2025-07-25T08:38:21.192525,XRP-USDT,3.0755,3.0756,94.0,111.0
2025-07-25T08:38:21.650649,SOL-USDT,177.56,177.57,305.0,346.0
2025-07-25T08:38:21.650663,ETH-USDT,3645.02,3645.03,12436.0,396.0
2025-07-25T08:38:21.651012,BTC-USDT,115212.8,115212.9,24321.0,31.0
2025-07-25T08:38:21.652621,LTC-USDT,111.19,111.2,63.0,14.0
2025-07-25T08:38:21.652635,XRP-USDT,3.0759,3.076,96.0,121.0
2025-07-25T08:38:22.154837,SOL-USDT,177.61,177.62,730.0,47.0
2025-07-25T08:38:22.154865,ETH-USDT,3645.28,3645.29,13049.0,14.0
2025-07-25T08:38:22.154879,BTC-USDT,115219.7,115219.8,19235.0,3260.0
2025-07-25T08:38:22.155315,LTC-USDT,111.24,111.27,28.0,48.0
2025-07-25T08:38:22.155331,XRP-USDT,3.0759,3.076,96.0,121.0
2025-07-25T08:38:22.650711,SOL-USDT,177.61,177.62,730.0,47.0
2025-07-25T08:38:22.650725,ETH-USDT,3645.46,3645.47,8874.0,6385.0
2025-07-25T08:38:22.651054,BTC-USDT,115229.8,115229.9,23041.0,202.0
2025-07-25T08:38:22.652957,LTC-USDT,111.24,111.27,28.0,48.0
2025-07-25T08:38:22.652970,XRP-USDT,3.0766,3.0767,103.0,9.0
2025-07-25T08:38:23.168181,SOL-USDT,177.61,177.62,730.0,47.0
2025-07-25T08:38:23.168195,ETH-USDT,3645.46,3645.47,8874.0,6385.0
2025-07-25T08:38:23.168378,BTC-USDT,115229.8,115229.9,23041.0,202.0
2025-07-25T08:38:23.170479,LTC-USDT,111.23,111.26,8.0,35.0
2025-07-25T08:38:23.170489,XRP-USDT,3.0767,3.0768,46.0,114.0
2025-07-25T08:38:23.669982,SOL-USDT,177.6,177.61,270.0,266.0
2025-07-25T08:38:23.669997,ETH-USDT,3645.71,3645.72,5474.0,7266.0
2025-07-25T08:38:23.670006,BTC-USDT,115229.8,115229.9,11460.0,6392.0
2025-07-25T08:38:23.673405,LTC-USDT,111.23,111.26,2.0,43.0
2025-07-25T08:38:23.673422,XRP-USDT,3.0767,3.0768,46.0,114.0
2025-07-25T08:38:24.163487,SOL-USDT,177.6,177.61,270.0,266.0
2025-07-25T08:38:24.163502,ETH-USDT,3645.71,3645.72,5474.0,7266.0
2025-07-25T08:38:24.163985,BTC-USDT,115229.8,115229.9,11460.0,6392.0
2025-07-25T08:38:24.165347,LTC-USDT,111.23,111.26,2.0,43.0
2025-07-25T08:38:24.165358,XRP-USDT,3.076,3.0761,18.0,208.0
2025-07-25T08:38:24.646769,SOL-USDT,177.58,177.59,177.0,613.0
2025-07-25T08:38:24.646822,ETH-USDT,3645.7,3645.71,956.0,111.6
2025-07-25T08:38:24.647957,BTC-USDT,115229.8,115229.9,10043.0,4134.0
2025-07-25T08:38:24.648917,LTC-USDT,111.2,111.23,6.0,25.0
2025-07-25T08:38:24.648928,XRP-USDT,3.0761,3.0762,73.0,34.0
2025-07-25T08:38:25.228832,SOL-USDT,177.58,177.59,177.0,613.0
2025-07-25T08:38:25.228848,ETH-USDT,3645.7,3645.71,956.0,111.6
2025-07-25T08:38:25.228953,BTC-USDT,115229.8,115229.9,10043.0,4134.0
2025-07-25T08:38:25.230319,LTC-USDT,111.2,111.23,6.0,25.0
2025-07-25T08:38:25.230329,XRP-USDT,3.0761,3.0762,73.0,34.0
2025-07-25T08:38:25.643909,SOL-USDT,177.58,177.59,445.0,379.0
2025-07-25T08:38:25.643937,ETH-USDT,3645.7,3645.71,1294.0,169.6
2025-07-25T08:38:25.644087,BTC-USDT,115231.3,115231.4,11315.0,2685.0
2025-07-25T08:38:25.645345,LTC-USDT,111.2,111.22,18.0,21.0
2025-07-25T08:38:25.645355,XRP-USDT,3.0764,3.0765,151.0,14.0
2025-07-25T08:38:26.200071,SOL-USDT,177.58,177.59,546.0,435.0
2025-07-25T08:38:26.202140,ETH-USDT,3645.7,3645.71,1294.0,153.6
2025-07-25T08:38:26.202153,BTC-USDT,115238.5,115238.6,19865.0,2089.0
2025-07-25T08:38:26.202161,LTC-USDT,111.2,111.22,21.0,24.0
2025-07-25T08:38:26.202168,XRP-USDT,3.0764,3.0765,53.0,73.0
2025-07-25T08:38:26.654582,SOL-USDT,177.58,177.59,546.0,435.0
2025-07-25T08:38:26.654891,ETH-USDT,3645.7,3645.71,1294.0,153.6
2025-07-25T08:38:26.654902,BTC-USDT,115246.0,115246.1,24127.0,3753.0
2025-07-25T08:38:26.656519,LTC-USDT,111.2,111.22,21.0,24.0
2025-07-25T08:38:26.656529,XRP-USDT,3.0764,3.0765,53.0,73.0
2025-07-25T08:38:27.173156,SOL-USDT,177.58,177.59,546.0,435.0
2025-07-25T08:38:27.174324,ETH-USDT,3645.7,3645.71,869.0,128.6
2025-07-25T08:38:27.174343,BTC-USDT,115246.0,115246.1,24127.0,3753.0
2025-07-25T08:38:27.177395,LTC-USDT,111.2,111.22,5.0,27.0
2025-07-25T08:38:27.177406,XRP-USDT,3.0766,3.0767,95.0,18.0
2025-07-25T08:38:27.648581,SOL-USDT,177.58,177.59,473.0,273.0
2025-07-25T08:38:27.648592,ETH-USDT,3645.7,3645.71,1020.0,162.6
2025-07-25T08:38:27.648598,BTC-USDT,115246.0,115246.1,8936.0,3154.0
2025-07-25T08:38:27.650247,LTC-USDT,111.2,111.22,46.0,22.0
2025-07-25T08:38:27.650257,XRP-USDT,3.0766,3.0767,95.0,18.0
2025-07-25T08:38:28.156633,SOL-USDT,177.58,177.59,219.0,645.0
2025-07-25T08:38:28.156647,ETH-USDT,3645.7,3645.71,1020.0,144.6
2025-07-25T08:38:28.157328,BTC-USDT,115246.0,115246.1,12648.0,4185.0
2025-07-25T08:38:28.159464,LTC-USDT,111.2,111.21,5.0,2007.6
2025-07-25T08:38:28.159475,XRP-USDT,3.0764,3.0765,49.0,164.0
2025-07-25T08:38:28.646390,SOL-USDT,177.58,177.59,219.0,645.0
2025-07-25T08:38:28.646403,ETH-USDT,3645.7,3645.71,1020.0,144.6
2025-07-25T08:38:28.646410,BTC-USDT,115246.0,115246.1,12648.0,4185.0
2025-07-25T08:38:28.647977,LTC-USDT,111.2,111.21,5.0,2007.6
2025-07-25T08:38:28.647987,XRP-USDT,3.0764,3.0765,49.0,164.0
2025-07-25T08:38:29.177014,SOL-USDT,177.58,177.59,219.0,645.0
2025-07-25T08:38:29.177424,ETH-USDT,3645.7,3645.71,1327.0,182.6
2025-07-25T08:38:29.177435,BTC-USDT,115257.6,115257.7,13126.0,106.0
2025-07-25T08:38:29.179147,LTC-USDT,111.2,111.21,5.0,1956.6
2025-07-25T08:38:29.179156,XRP-USDT,3.0764,3.0765,161.0,5.0
2025-07-25T08:38:29.652013,SOL-USDT,177.6,177.61,602.0,27.0
2025-07-25T08:38:29.652638,ETH-USDT,3646.27,3646.28,18090.0,124.0
2025-07-25T08:38:29.652649,BTC-USDT,115263.2,115263.4,12809.0,1.0
2025-07-25T08:38:29.654117,LTC-USDT,111.2,111.21,582.0,1953.6
2025-07-25T08:38:29.654129,XRP-USDT,3.0764,3.0765,161.0,5.0
2025-07-25T08:38:30.183215,SOL-USDT,177.6,177.61,635.0,370.0
2025-07-25T08:38:30.183540,ETH-USDT,3646.39,3646.4,15644.0,146.0
2025-07-25T08:38:30.183551,BTC-USDT,115264.4,115264.5,10417.0,615.0
2025-07-25T08:38:30.185656,LTC-USDT,111.2,111.21,582.0,1953.6
2025-07-25T08:38:30.185668,XRP-USDT,3.0767,3.0768,153.0,6.0
2025-07-25T08:38:30.648868,SOL-USDT,177.6,177.61,635.0,370.0
2025-07-25T08:38:30.648882,ETH-USDT,3646.39,3646.4,15644.0,146.0
2025-07-25T08:38:30.649687,BTC-USDT,115264.4,115264.5,10417.0,615.0
2025-07-25T08:38:30.652047,LTC-USDT,111.2,111.21,582.0,1953.6
2025-07-25T08:38:30.652061,XRP-USDT,3.0767,3.0768,153.0,6.0
2025-07-25T08:38:31.211119,SOL-USDT,177.6,177.61,635.0,370.0
2025-07-25T08:38:31.211607,ETH-USDT,3646.4,3646.41,15927.0,132.0
2025-07-25T08:38:31.211617,BTC-USDT,115264.4,115264.5,10417.0,615.0
2025-07-25T08:38:31.213500,LTC-USDT,111.2,111.21,52.0,1953.6
2025-07-25T08:38:31.213513,XRP-USDT,3.0767,3.0768,153.0,6.0
2025-07-25T08:38:31.653570,SOL-USDT,177.6,177.61,258.0,524.0
2025-07-25T08:38:31.653586,ETH-USDT,3646.23,3646.24,867.0,37263.0
2025-07-25T08:38:31.653593,BTC-USDT,115264.4,115264.5,12260.0,3208.0
2025-07-25T08:38:31.653600,LTC-USDT,111.2,111.21,1017.0,1953.6
2025-07-25T08:38:31.653607,XRP-USDT,3.0767,3.0768,66.0,20.0
2025-07-25T08:38:32.211533,SOL-USDT,177.6,177.61,218.0,457.0
2025-07-25T08:38:32.211551,ETH-USDT,3646.58,3646.59,9725.0,448.0
2025-07-25T08:38:32.211922,BTC-USDT,115265.8,115265.9,19387.0,188.0
2025-07-25T08:38:32.213155,LTC-USDT,111.2,111.21,9.0,1953.6
2025-07-25T08:38:32.213171,XRP-USDT,3.0768,3.0769,151.0,7.0
2025-07-25T08:38:32.647606,SOL-USDT,177.6,177.61,218.0,457.0
2025-07-25T08:38:32.647623,ETH-USDT,3646.58,3646.59,9725.0,448.0
2025-07-25T08:38:32.647630,BTC-USDT,115265.8,115265.9,19387.0,188.0
2025-07-25T08:38:32.648894,LTC-USDT,111.2,111.21,9.0,1953.6
2025-07-25T08:38:32.648905,XRP-USDT,3.0768,3.0769,151.0,7.0
2025-07-25T08:38:33.192427,SOL-USDT,177.64,177.65,1191.0,260.0
2025-07-25T08:38:33.192441,ETH-USDT,3646.83,3647.1,1313.0,1525.0
2025-07-25T08:38:33.192448,BTC-USDT,115269.6,115269.7,1353.0,1.0
2025-07-25T08:38:33.192455,LTC-USDT,111.2,111.21,9.0,1953.6
2025-07-25T08:38:33.192462,XRP-USDT,3.0775,3.0776,28.0,70.0
2025-07-25T08:38:33.660262,SOL-USDT,177.64,177.65,91.0,333.0
2025-07-25T08:38:33.660275,ETH-USDT,3647.09,3647.1,8261.0,104.0
2025-07-25T08:38:33.661398,BTC-USDT,115280.9,115281.0,20275.0,1914.0
2025-07-25T08:38:33.662176,LTC-USDT,111.2,111.21,9.0,1953.6
2025-07-25T08:38:33.662187,XRP-USDT,3.0776,3.0777,56.0,4.0
2025-07-25T08:38:34.208375,SOL-USDT,177.64,177.65,91.0,333.0
2025-07-25T08:38:34.208386,ETH-USDT,3647.39,3647.4,15934.0,1.0
2025-07-25T08:38:34.209033,BTC-USDT,115286.4,115286.5,17819.0,616.0
2025-07-25T08:38:34.211161,LTC-USDT,111.2,111.21,5.0,1953.6
2025-07-25T08:38:34.211171,XRP-USDT,3.0776,3.0777,60.0,9.0
2025-07-25T08:38:34.650741,SOL-USDT,177.64,177.65,276.0,274.0
2025-07-25T08:38:34.651256,ETH-USDT,3647.39,3647.4,15934.0,1.0
2025-07-25T08:38:34.651646,BTC-USDT,115286.4,115286.5,17819.0,616.0
2025-07-25T08:38:34.655501,LTC-USDT,111.2,111.21,5.0,1953.6
2025-07-25T08:38:34.655510,XRP-USDT,3.0776,3.0777,60.0,9.0
2025-07-25T08:38:35.183007,SOL-USDT,177.67,177.68,830.0,1.0
2025-07-25T08:38:35.184177,ETH-USDT,3647.56,3647.57,13611.0,81.0
2025-07-25T08:38:35.184188,BTC-USDT,115286.4,115286.5,17819.0,616.0
2025-07-25T08:38:35.191621,LTC-USDT,111.19,111.2,201.0,1953.6
2025-07-25T08:38:35.191635,XRP-USDT,3.0785,3.0786,191.0,43.0
2025-07-25T08:38:35.646832,SOL-USDT,177.67,177.68,804.0,168.0
2025-07-25T08:38:35.646848,ETH-USDT,3647.83,3647.84,27614.0,828.0
2025-07-25T08:38:35.647699,BTC-USDT,115286.4,115286.5,15681.0,411.0
2025-07-25T08:38:35.649710,LTC-USDT,111.26,111.27,239.0,168.0
2025-07-25T08:38:35.649721,XRP-USDT,3.0781,3.0782,6.0,139.0
2025-07-25T08:38:36.233249,SOL-USDT,177.67,177.68,804.0,168.0
2025-07-25T08:38:36.233263,ETH-USDT,3647.83,3647.84,27614.0,828.0
2025-07-25T08:38:36.233270,BTC-USDT,115286.4,115286.5,15681.0,411.0
2025-07-25T08:38:36.234961,LTC-USDT,111.26,111.27,239.0,168.0
2025-07-25T08:38:36.234970,XRP-USDT,3.0781,3.0782,6.0,139.0
2025-07-25T08:38:36.652303,SOL-USDT,177.68,177.69,377.0,2.03
2025-07-25T08:38:36.652316,ETH-USDT,3647.95,3647.96,6147.0,1771.0
2025-07-25T08:38:36.652592,BTC-USDT,115294.2,115294.3,15255.0,84.0
2025-07-25T08:38:36.653504,LTC-USDT,111.29,111.3,1.0,143.0
2025-07-25T08:38:36.653514,XRP-USDT,3.0785,3.0786,104.0,12.0
2025-07-25T08:38:37.224748,SOL-USDT,177.66,177.67,665.0,159.0
2025-07-25T08:38:37.224758,ETH-USDT,3647.56,3647.57,666.0,57811.0
2025-07-25T08:38:37.224764,BTC-USDT,115270.1,115270.2,10562.0,75.0
2025-07-25T08:38:37.231145,LTC-USDT,111.28,111.3,94.0,144.0
2025-07-25T08:38:37.231155,XRP-USDT,3.078,3.0781,119.0,17.0
2025-07-25T08:38:37.650491,SOL-USDT,177.66,177.67,665.0,159.0
2025-07-25T08:38:37.651051,ETH-USDT,3647.74,3647.75,787.0,915.0
2025-07-25T08:38:37.651064,BTC-USDT,115281.0,115281.1,7443.0,568.0
2025-07-25T08:38:37.652508,LTC-USDT,111.28,111.3,94.0,144.0
2025-07-25T08:38:37.652519,XRP-USDT,3.078,3.0781,119.0,17.0
2025-07-25T08:38:38.161826,SOL-USDT,177.68,177.69,1176.0,254.03
2025-07-25T08:38:38.161847,ETH-USDT,3647.74,3647.75,787.0,915.0
2025-07-25T08:38:38.164879,BTC-USDT,115281.0,115281.1,7443.0,568.0
2025-07-25T08:38:38.164894,LTC-USDT,111.29,111.3,241.0,143.0
2025-07-25T08:38:38.164901,XRP-USDT,3.0785,3.0786,37.0,58.0
2025-07-25T08:38:38.658514,SOL-USDT,177.68,177.69,656.0,0.03
2025-07-25T08:38:38.658528,ETH-USDT,3648.58,3648.59,7125.0,178.0
2025-07-25T08:38:38.661019,BTC-USDT,115292.6,115292.7,11853.0,368.0
2025-07-25T08:38:38.662006,LTC-USDT,111.3,111.33,91.0,12.0
2025-07-25T08:38:38.662017,XRP-USDT,3.0785,3.0786,37.0,58.0
2025-07-25T08:38:39.169861,SOL-USDT,177.68,177.69,656.0,0.03
2025-07-25T08:38:39.170579,ETH-USDT,3648.79,3648.8,28992.0,36.0
2025-07-25T08:38:39.170590,BTC-USDT,115292.6,115292.7,19658.0,1397.4
2025-07-25T08:38:39.175323,LTC-USDT,111.31,111.33,81.0,5.0
2025-07-25T08:38:39.175337,XRP-USDT,3.0785,3.0786,76.0,3.0
2025-07-25T08:38:39.650319,SOL-USDT,177.68,177.69,642.0,0.03
2025-07-25T08:38:39.650926,ETH-USDT,3648.79,3648.8,28992.0,36.0
2025-07-25T08:38:39.650939,BTC-USDT,115292.6,115292.7,19658.0,1397.4
2025-07-25T08:38:39.652709,LTC-USDT,111.31,111.33,81.0,5.0
2025-07-25T08:38:39.652719,XRP-USDT,3.0785,3.0786,76.0,3.0
2025-07-25T08:38:40.190143,SOL-USDT,177.68,177.69,868.0,71.03
2025-07-25T08:38:40.190155,ETH-USDT,3649.37,3649.38,12487.0,2340.0
2025-07-25T08:38:40.190162,BTC-USDT,115304.0,115304.1,16802.0,52.0
2025-07-25T08:38:40.190168,LTC-USDT,111.31,111.33,81.0,5.0
2025-07-25T08:38:40.190174,XRP-USDT,3.079,3.0791,61.0,20.0
2025-07-25T08:38:40.648063,SOL-USDT,177.68,177.69,1028.0,361.03
2025-07-25T08:38:40.648077,ETH-USDT,3649.37,3649.38,15812.0,475.0
2025-07-25T08:38:40.648085,BTC-USDT,115292.6,115292.7,255.0,16107.0
2025-07-25T08:38:40.649198,LTC-USDT,111.31,111.33,10.0,5.0
2025-07-25T08:38:40.649208,XRP-USDT,3.079,3.0791,130.0,2.0
2025-07-25T08:38:41.208768,SOL-USDT,177.68,177.69,1028.0,361.03
2025-07-25T08:38:41.208808,ETH-USDT,3649.37,3649.38,15812.0,475.0
2025-07-25T08:38:41.208821,BTC-USDT,115292.6,115292.7,255.0,16107.0
2025-07-25T08:38:41.211098,LTC-USDT,111.31,111.33,10.0,5.0
2025-07-25T08:38:41.211109,XRP-USDT,3.079,3.0791,130.0,2.0
2025-07-25T08:38:41.655645,SOL-USDT,177.68,177.69,189.0,468.03
2025-07-25T08:38:41.655658,ETH-USDT,3648.92,3648.93,1068.0,41796.0
2025-07-25T08:38:41.655665,BTC-USDT,115292.6,115292.7,549.0,33614.0
2025-07-25T08:38:41.658670,LTC-USDT,111.33,111.36,88.0,4.0
2025-07-25T08:38:41.658682,XRP-USDT,3.0785,3.0786,57.0,30.0
2025-07-25T08:38:42.197553,SOL-USDT,177.68,177.69,122.0,265.03
2025-07-25T08:38:42.197570,ETH-USDT,3648.92,3648.93,1068.0,41796.0
2025-07-25T08:38:42.197577,BTC-USDT,115292.6,115292.7,4660.0,28012.0
2025-07-25T08:38:42.197585,LTC-USDT,111.33,111.35,4.0,30.0
2025-07-25T08:38:42.197592,XRP-USDT,3.0787,3.0788,16.0,42.0
2025-07-25T08:38:42.661356,SOL-USDT,177.68,177.69,122.0,265.03
2025-07-25T08:38:42.661366,ETH-USDT,3648.1,3648.11,4260.0,10904.0
2025-07-25T08:38:42.661372,BTC-USDT,115292.6,115292.7,4660.0,27487.8
2025-07-25T08:38:42.662421,LTC-USDT,111.32,111.33,5.0,89.0
2025-07-25T08:38:42.662430,XRP-USDT,3.0787,3.0788,16.0,42.0
2025-07-25T08:38:43.204981,SOL-USDT,177.62,177.63,168.0,424.0
2025-07-25T08:38:43.204997,ETH-USDT,3648.1,3648.11,4260.0,10904.0
2025-07-25T08:38:43.205003,BTC-USDT,115292.6,115292.7,4660.0,27487.8
2025-07-25T08:38:43.205009,LTC-USDT,111.32,111.33,5.0,89.0
2025-07-25T08:38:43.205014,XRP-USDT,3.078,3.0781,19.0,138.0
2025-07-25T08:38:44.248096,SOL-USDT,177.61,177.63,520.0,97.0
2025-07-25T08:38:44.248104,ETH-USDT,3648.1,3648.11,8809.0,11612.0
2025-07-25T08:38:44.248114,BTC-USDT,115292.6,115292.7,4420.0,26540.0
2025-07-25T08:38:44.248123,LTC-USDT,111.3,111.33,30.0,16.0
2025-07-25T08:38:44.248132,XRP-USDT,3.078,3.0781,74.0,62.0
2025-07-25T08:38:44.248141,SOL-USDT,177.67,177.68,1572.0,13.0
2025-07-25T08:38:44.248149,ETH-USDT,3648.77,3648.78,13501.0,454.0
2025-07-25T08:38:44.248157,BTC-USDT,115302.5,115302.6,12562.0,1449.0
2025-07-25T08:38:44.248171,LTC-USDT,111.31,111.33,103.0,5.0
2025-07-25T08:38:44.248179,XRP-USDT,3.0785,3.0786,148.0,21.0
2025-07-25T08:38:44.649063,SOL-USDT,177.67,177.68,1572.0,13.0
2025-07-25T08:38:44.649076,ETH-USDT,3648.77,3648.78,13501.0,454.0
2025-07-25T08:38:44.649083,BTC-USDT,115302.5,115302.6,12562.0,1449.0
2025-07-25T08:38:44.650953,LTC-USDT,111.31,111.33,103.0,5.0
2025-07-25T08:38:44.650965,XRP-USDT,3.0785,3.0786,148.0,21.0
2025-07-25T08:38:45.242635,SOL-USDT,177.67,177.68,1572.0,13.0
2025-07-25T08:38:45.242649,ETH-USDT,3648.97,3648.98,5546.0,1711.0
2025-07-25T08:38:45.242657,BTC-USDT,115304.2,115304.3,13549.0,5228.0
2025-07-25T08:38:45.242664,LTC-USDT,111.3,111.33,268.0,5.0
2025-07-25T08:38:45.242670,XRP-USDT,3.079,3.0791,91.0,6.0
2025-07-25T08:38:45.653908,SOL-USDT,177.67,177.68,405.0,185.0
2025-07-25T08:38:45.653925,ETH-USDT,3649.16,3649.17,18497.0,85.0
2025-07-25T08:38:45.653931,BTC-USDT,115304.2,115304.3,13549.0,5228.0
2025-07-25T08:38:45.653937,LTC-USDT,111.33,111.34,134.0,1.0
2025-07-25T08:38:45.653943,XRP-USDT,3.079,3.0791,91.0,6.0
2025-07-25T08:38:46.212027,SOL-USDT,177.67,177.68,405.0,185.0
2025-07-25T08:38:46.212037,ETH-USDT,3649.37,3649.38,7694.0,1029.0
2025-07-25T08:38:46.212989,BTC-USDT,115320.6,115320.7,4939.0,8682.8
2025-07-25T08:38:46.214216,LTC-USDT,111.33,111.34,134.0,1.0
2025-07-25T08:38:46.214227,XRP-USDT,3.0795,3.0796,129.0,18.4
2025-07-25T08:38:46.649747,SOL-USDT,177.68,177.69,1027.0,0.03
2025-07-25T08:38:46.649759,ETH-USDT,3649.37,3649.38,7694.0,1029.0
2025-07-25T08:38:46.649765,BTC-USDT,115320.6,115320.7,4939.0,8682.8
2025-07-25T08:38:46.653417,LTC-USDT,111.35,111.37,260.0,249.0
2025-07-25T08:38:46.653431,XRP-USDT,3.0795,3.0796,129.0,18.4
2025-07-25T08:38:47.203177,SOL-USDT,177.68,177.69,937.0,0.03
2025-07-25T08:38:47.203187,ETH-USDT,3649.73,3649.76,14855.0,114.0
2025-07-25T08:38:47.203194,BTC-USDT,115320.6,115320.7,7794.0,2909.0
2025-07-25T08:38:47.203199,LTC-USDT,111.36,111.37,130.0,249.0
2025-07-25T08:38:47.203205,XRP-USDT,3.0796,3.0797,29.0,39.0
2025-07-25T08:38:47.659995,SOL-USDT,177.68,177.69,529.0,0.03
2025-07-25T08:38:47.660008,ETH-USDT,3649.75,3649.76,214.0,9977.0
2025-07-25T08:38:47.660637,BTC-USDT,115326.0,115326.1,4534.0,484.0
2025-07-25T08:38:47.661731,LTC-USDT,111.36,111.38,130.0,5.0
2025-07-25T08:38:47.661740,XRP-USDT,3.08,3.0801,128.0,17.0
2025-07-25T08:38:48.203522,SOL-USDT,177.68,177.69,529.0,0.03
2025-07-25T08:38:48.203533,ETH-USDT,3649.75,3649.76,214.0,9977.0
2025-07-25T08:38:48.203907,BTC-USDT,115326.0,115326.1,4534.0,484.0
2025-07-25T08:38:48.206592,LTC-USDT,111.36,111.38,130.0,5.0
2025-07-25T08:38:48.206603,XRP-USDT,3.08,3.0801,128.0,17.0
2025-07-25T08:38:48.646709,SOL-USDT,177.68,177.69,786.0,0.03
2025-07-25T08:38:48.646721,ETH-USDT,3649.75,3649.76,4789.0,31515.0
2025-07-25T08:38:48.646728,BTC-USDT,115326.0,115326.1,18574.0,3051.0
2025-07-25T08:38:48.648237,LTC-USDT,111.36,111.39,91.0,10.0
2025-07-25T08:38:48.648249,XRP-USDT,3.08,3.0801,1.0,124.0
2025-07-25T08:38:49.205544,SOL-USDT,177.68,177.69,878.0,310.03
2025-07-25T08:38:49.205557,ETH-USDT,3649.87,3649.88,6978.0,29419.0
2025-07-25T08:38:49.205563,BTC-USDT,115326.8,115326.9,18868.0,1767.0
2025-07-25T08:38:49.205818,LTC-USDT,111.36,111.39,91.0,9.0
2025-07-25T08:38:49.205829,XRP-USDT,3.0798,3.0799,24.0,72.0
2025-07-25T08:38:49.648095,SOL-USDT,177.68,177.69,1103.0,310.03
2025-07-25T08:38:49.648110,ETH-USDT,3649.61,3649.62,1127.0,10216.0
2025-07-25T08:38:49.648116,BTC-USDT,115326.8,115326.9,18868.0,1767.0
2025-07-25T08:38:49.654933,LTC-USDT,111.37,111.38,2.0,56.0
2025-07-25T08:38:49.654947,XRP-USDT,3.0798,3.0799,24.0,72.0
2025-07-25T08:38:50.209079,SOL-USDT,177.68,177.69,1103.0,310.03
2025-07-25T08:38:50.209095,ETH-USDT,3649.61,3649.62,1127.0,10216.0
2025-07-25T08:38:50.209101,BTC-USDT,115326.8,115326.9,18868.0,1767.0
2025-07-25T08:38:50.209949,LTC-USDT,111.37,111.38,2.0,56.0
2025-07-25T08:38:50.209959,XRP-USDT,3.0795,3.0796,3.0,44.0
2025-07-25T08:38:50.648846,SOL-USDT,177.68,177.69,1005.0,68.03
2025-07-25T08:38:50.648858,ETH-USDT,3649.54,3649.55,11031.0,8468.0
2025-07-25T08:38:50.648865,BTC-USDT,115326.8,115326.9,5419.0,4515.2
2025-07-25T08:38:50.649114,LTC-USDT,111.37,111.39,10.0,2.0
2025-07-25T08:38:50.649124,XRP-USDT,3.0795,3.0796,3.0,44.0
2025-07-25T08:38:51.177100,SOL-USDT,177.68,177.69,1092.0,310.03
2025-07-25T08:38:51.177114,ETH-USDT,3649.54,3649.55,11031.0,8468.0
2025-07-25T08:38:51.177121,BTC-USDT,115326.8,115326.9,5725.0,7641.0
2025-07-25T08:38:51.177439,LTC-USDT,111.37,111.4,10.0,51.0
2025-07-25T08:38:51.177450,XRP-USDT,3.0795,3.0796,17.0,47.0
2025-07-25T08:38:51.650915,SOL-USDT,177.68,177.69,1092.0,310.03
2025-07-25T08:38:51.651446,ETH-USDT,3649.54,3649.55,11031.0,8468.0
2025-07-25T08:38:51.651460,BTC-USDT,115326.8,115326.9,5725.0,7641.0
2025-07-25T08:38:51.653235,LTC-USDT,111.37,111.4,10.0,51.0
2025-07-25T08:38:51.653246,XRP-USDT,3.0795,3.0796,17.0,47.0
2025-07-25T08:38:52.191650,SOL-USDT,177.68,177.69,936.0,35.03
2025-07-25T08:38:52.191664,ETH-USDT,3649.87,3649.88,7072.0,1794.0
2025-07-25T08:38:52.192268,BTC-USDT,115326.8,115326.9,3883.0,4351.0
2025-07-25T08:38:52.193742,LTC-USDT,111.37,111.39,10.0,51.0
2025-07-25T08:38:52.193754,XRP-USDT,3.0795,3.0796,55.0,44.0
2025-07-25T08:38:52.651528,SOL-USDT,177.68,177.69,936.0,35.03
2025-07-25T08:38:52.651540,ETH-USDT,3649.87,3649.88,7072.0,1794.0
2025-07-25T08:38:52.651548,BTC-USDT,115326.8,115326.9,3883.0,4351.0
2025-07-25T08:38:52.652692,LTC-USDT,111.37,111.39,10.0,51.0
2025-07-25T08:38:52.652702,XRP-USDT,3.0795,3.0796,55.0,44.0
2025-07-25T08:38:53.204178,SOL-USDT,177.68,177.69,806.0,35.03
2025-07-25T08:38:53.204192,ETH-USDT,3649.87,3649.88,17408.0,2145.0
2025-07-25T08:38:53.204200,BTC-USDT,115326.8,115326.9,3883.0,4351.0
2025-07-25T08:38:53.204207,LTC-USDT,111.37,111.39,1.0,20.0
2025-07-25T08:38:53.204214,XRP-USDT,3.08,3.0801,51.0,21.75
2025-07-25T08:38:53.648353,SOL-USDT,177.68,177.69,806.0,35.03
2025-07-25T08:38:53.648365,ETH-USDT,3650.43,3650.44,4960.0,10079.0
2025-07-25T08:38:53.649351,BTC-USDT,115326.8,115326.9,5393.0,1623.0
2025-07-25T08:38:53.652755,LTC-USDT,111.39,111.41,69.0,8.0
2025-07-25T08:38:53.652767,XRP-USDT,3.08,3.0801,51.0,21.75
2025-07-25T08:38:54.162360,SOL-USDT,177.68,177.7,992.0,10.0
2025-07-25T08:38:54.162373,ETH-USDT,3650.43,3650.44,4960.0,10079.0
2025-07-25T08:38:54.162937,BTC-USDT,115326.8,115326.9,5393.0,1623.0
2025-07-25T08:38:54.164186,LTC-USDT,111.39,111.41,69.0,8.0
2025-07-25T08:38:54.164197,XRP-USDT,3.08,3.0801,51.0,21.75
2025-07-25T08:38:54.647664,SOL-USDT,177.75,177.76,678.0,25.0
2025-07-25T08:38:54.647677,ETH-USDT,3650.52,3650.53,1081.0,209.9
2025-07-25T08:38:54.648489,BTC-USDT,115326.8,115326.9,5927.0,854.0
2025-07-25T08:38:54.664172,LTC-USDT,111.38,111.41,103.0,41.0
2025-07-25T08:38:54.664184,XRP-USDT,3.0803,3.0804,14.0,1.0
2025-07-25T08:38:55.175827,SOL-USDT,177.75,177.76,678.0,25.0
2025-07-25T08:38:55.176536,ETH-USDT,3650.52,3650.53,1081.0,209.9
2025-07-25T08:38:55.176744,BTC-USDT,115336.3,115336.4,6867.0,4383.0
2025-07-25T08:38:55.182075,LTC-USDT,111.38,111.41,105.0,41.0
2025-07-25T08:38:55.182089,XRP-USDT,3.0795,3.0796,110.0,37.0
2025-07-25T08:38:55.656248,SOL-USDT,177.73,177.74,27.0,1163.0
2025-07-25T08:38:55.656265,ETH-USDT,3650.52,3650.53,1081.0,209.9
2025-07-25T08:38:55.657005,BTC-USDT,115336.3,115336.4,6867.0,4383.0
2025-07-25T08:38:55.664677,LTC-USDT,111.38,111.41,105.0,41.0
2025-07-25T08:38:55.664694,XRP-USDT,3.0795,3.0796,110.0,37.0
2025-07-25T08:38:56.167663,SOL-USDT,177.71,177.72,325.0,4.0
2025-07-25T08:38:56.167677,ETH-USDT,3650.46,3650.53,1000.0,259.9
2025-07-25T08:38:56.168773,BTC-USDT,115336.3,115336.4,6867.0,4383.0
2025-07-25T08:38:56.185721,LTC-USDT,111.39,111.42,80.0,207.0
2025-07-25T08:38:56.185735,XRP-USDT,3.0795,3.0796,45.0,34.0
2025-07-25T08:38:56.648185,SOL-USDT,177.71,177.72,976.0,5.0
2025-07-25T08:38:56.648630,ETH-USDT,3650.46,3650.53,1000.0,317.9
2025-07-25T08:38:56.648643,BTC-USDT,115336.3,115336.4,8299.0,3142.0
2025-07-25T08:38:56.651945,LTC-USDT,111.39,111.42,80.0,207.0
2025-07-25T08:38:56.651962,XRP-USDT,3.0795,3.0796,45.0,34.0
2025-07-25T08:38:57.193709,SOL-USDT,177.71,177.72,976.0,5.0
2025-07-25T08:38:57.193730,ETH-USDT,3650.7,3650.73,890.8,65.0
2025-07-25T08:38:57.193737,BTC-USDT,115336.3,115336.4,8299.0,2436.0
2025-07-25T08:38:57.214528,LTC-USDT,111.39,111.41,8.0,7.0
2025-07-25T08:38:57.214538,XRP-USDT,3.0795,3.0796,45.0,34.0
2025-07-25T08:38:57.654539,SOL-USDT,177.71,177.72,976.0,5.0
2025-07-25T08:38:57.654552,ETH-USDT,3650.7,3650.73,890.8,65.0
2025-07-25T08:38:57.654559,BTC-USDT,115336.3,115336.4,8299.0,2436.0
2025-07-25T08:38:57.660217,LTC-USDT,111.39,111.41,8.0,7.0
2025-07-25T08:38:57.660230,XRP-USDT,3.079,3.0791,1.0,192.0
2025-07-25T08:38:58.165532,SOL-USDT,177.64,177.65,2.0,772.0
2025-07-25T08:38:58.165548,ETH-USDT,3650.44,3650.45,184.0,27537.0
2025-07-25T08:38:58.166123,BTC-USDT,115290.2,115295.4,1.0,911.0
2025-07-25T08:38:58.171550,LTC-USDT,111.36,111.37,5.0,67.0
2025-07-25T08:38:58.171564,XRP-USDT,3.0787,3.0788,186.0,5.0
2025-07-25T08:38:58.659060,SOL-USDT,177.64,177.65,2.0,772.0
2025-07-25T08:38:58.659244,ETH-USDT,3650.64,3650.65,10174.0,3305.0
2025-07-25T08:38:58.659253,BTC-USDT,115302.7,115302.8,5058.0,191.0
2025-07-25T08:38:58.687751,LTC-USDT,111.36,111.39,63.0,1.0
2025-07-25T08:38:58.687768,XRP-USDT,3.0787,3.0788,186.0,5.0
2025-07-25T08:38:59.163380,SOL-USDT,177.65,177.66,12.0,387.0
2025-07-25T08:38:59.163393,ETH-USDT,3650.64,3650.65,10174.0,3305.0
2025-07-25T08:38:59.163410,BTC-USDT,115302.7,115302.8,5058.0,191.0
2025-07-25T08:38:59.175090,LTC-USDT,111.36,111.39,63.0,1.0
2025-07-25T08:38:59.175100,XRP-USDT,3.0789,3.079,46.0,52.0
2025-07-25T08:38:59.656857,SOL-USDT,177.66,177.67,510.0,4.0
2025-07-25T08:38:59.656871,ETH-USDT,3650.78,3650.79,8078.0,1561.0
2025-07-25T08:38:59.657466,BTC-USDT,115319.3,115319.4,23774.0,3520.0
2025-07-25T08:38:59.684572,LTC-USDT,111.36,111.39,63.0,2.0
2025-07-25T08:38:59.684586,XRP-USDT,3.0794,3.0795,144.0,25.0
2025-07-25T08:39:00.190626,SOL-USDT,177.66,177.67,510.0,4.0
2025-07-25T08:39:00.191116,ETH-USDT,3650.78,3650.79,5124.0,6546.0
2025-07-25T08:39:00.191128,BTC-USDT,115319.3,115319.4,23774.0,3520.0
2025-07-25T08:39:00.293146,LTC-USDT,111.36,111.39,106.0,4.0
2025-07-25T08:39:00.293165,XRP-USDT,3.0794,3.0795,1.0,111.0
2025-07-25T08:39:00.652867,SOL-USDT,177.65,177.66,1.0,903.0
2025-07-25T08:39:00.652894,ETH-USDT,3651.06,3651.07,1150.0,1144.0
2025-07-25T08:39:00.652906,BTC-USDT,115326.8,115326.9,8601.0,251.7
2025-07-25T08:39:00.652915,LTC-USDT,111.37,111.4,103.0,2.0
2025-07-25T08:39:00.652925,XRP-USDT,3.0794,3.0795,1.0,111.0
2025-07-25T08:39:01.180527,SOL-USDT,177.65,177.66,1.0,903.0
2025-07-25T08:39:01.180539,ETH-USDT,3651.06,3651.07,1150.0,1144.0
2025-07-25T08:39:01.181444,BTC-USDT,115326.8,115326.9,8601.0,251.7
2025-07-25T08:39:01.182219,LTC-USDT,111.37,111.4,103.0,2.0
2025-07-25T08:39:01.182228,XRP-USDT,3.0789,3.079,11.0,105.0
2025-07-25T08:39:01.640320,SOL-USDT,177.63,177.64,27.0,846.0
2025-07-25T08:39:01.640337,ETH-USDT,3650.38,3650.39,4950.0,24592.0
2025-07-25T08:39:01.640345,BTC-USDT,115319.4,115319.5,2427.0,6340.0
2025-07-25T08:39:01.641599,LTC-USDT,111.36,111.38,21.0,47.0
2025-07-25T08:39:01.641609,XRP-USDT,3.0787,3.0788,4.0,135.0
2025-07-25T08:39:02.219297,SOL-USDT,177.63,177.64,676.0,354.0
2025-07-25T08:39:02.219309,ETH-USDT,3650.38,3650.39,4950.0,24592.0
2025-07-25T08:39:02.219325,BTC-USDT,115311.7,115311.8,4646.0,6361.0
2025-07-25T08:39:02.219331,LTC-USDT,111.36,111.38,7.0,5.0
2025-07-25T08:39:02.219337,XRP-USDT,3.0787,3.0788,4.0,135.0
2025-07-25T08:39:02.664770,SOL-USDT,177.63,177.64,676.0,354.0
2025-07-25T08:39:02.664809,ETH-USDT,3650.38,3650.39,4950.0,24592.0
2025-07-25T08:39:02.664820,BTC-USDT,115311.7,115311.8,4646.0,6361.0
2025-07-25T08:39:02.665665,LTC-USDT,111.36,111.38,7.0,5.0
2025-07-25T08:39:02.665679,XRP-USDT,3.0786,3.0787,48.0,47.0
2025-07-25T08:39:03.211558,SOL-USDT,177.6,177.61,8.0,979.0
2025-07-25T08:39:03.211569,ETH-USDT,3650.13,3650.14,5578.7,20029.0
2025-07-25T08:39:03.211575,BTC-USDT,115311.7,115311.8,4646.0,6309.2
2025-07-25T08:39:03.211581,LTC-USDT,111.34,111.37,161.0,83.0
2025-07-25T08:39:03.211587,XRP-USDT,3.0779,3.078,1.0,30.0
2025-07-25T08:39:03.653456,SOL-USDT,177.55,177.56,5.0,302.0
2025-07-25T08:39:03.653471,ETH-USDT,3648.19,3648.2,2327.0,16550.0
2025-07-25T08:39:03.653479,BTC-USDT,115300.2,115305.4,1.0,237.0
2025-07-25T08:39:03.653486,LTC-USDT,111.32,111.33,3.0,83.0
2025-07-25T08:39:03.653493,XRP-USDT,3.0779,3.078,1.0,30.0
2025-07-25T08:39:04.197494,SOL-USDT,177.55,177.56,5.0,302.0
2025-07-25T08:39:04.197511,ETH-USDT,3648.19,3648.2,2327.0,16550.0
2025-07-25T08:39:04.197519,BTC-USDT,115300.2,115305.4,1.0,237.0
2025-07-25T08:39:04.197526,LTC-USDT,111.32,111.33,3.0,83.0
2025-07-25T08:39:04.197532,XRP-USDT,3.0773,3.0774,183.0,4.0
2025-07-25T08:39:04.666925,SOL-USDT,177.55,177.56,55.0,376.0
2025-07-25T08:39:04.666936,ETH-USDT,3648.92,3648.93,11182.0,2.0
2025-07-25T08:39:04.666942,BTC-USDT,115302.7,115302.8,5286.0,26997.3
2025-07-25T08:39:04.666947,LTC-USDT,111.31,111.34,14.0,23.0
2025-07-25T08:39:04.666952,XRP-USDT,3.0783,3.0784,145.0,1.0
2025-07-25T08:39:05.172863,SOL-USDT,177.6,177.61,2.0,418.0
2025-07-25T08:39:05.172876,ETH-USDT,3649.32,3649.33,26292.0,211.0
2025-07-25T08:39:05.172884,BTC-USDT,115321.5,115321.6,11736.0,6195.0
2025-07-25T08:39:05.172891,LTC-USDT,111.31,111.34,14.0,23.0
2025-07-25T08:39:05.172897,XRP-USDT,3.0783,3.0784,145.0,1.0
2025-07-25T08:39:05.652094,SOL-USDT,177.6,177.61,2.0,418.0
2025-07-25T08:39:05.652109,ETH-USDT,3649.32,3649.33,26292.0,211.0
2025-07-25T08:39:05.652759,BTC-USDT,115321.5,115321.6,11736.0,6195.0
2025-07-25T08:39:05.655764,LTC-USDT,111.31,111.34,14.0,23.0
2025-07-25T08:39:05.655776,XRP-USDT,3.0784,3.0785,65.0,105.0
2025-07-25T08:39:06.178334,SOL-USDT,177.6,177.61,2.0,418.0
2025-07-25T08:39:06.178351,ETH-USDT,3649.32,3649.33,8164.0,7570.0
2025-07-25T08:39:06.178819,BTC-USDT,115321.5,115321.6,11736.0,6195.0
2025-07-25T08:39:06.180105,LTC-USDT,111.3,111.33,32.0,56.0
2025-07-25T08:39:06.180116,XRP-USDT,3.0784,3.0785,48.0,28.0
2025-07-25T08:39:06.658041,SOL-USDT,177.6,177.61,470.0,326.0
2025-07-25T08:39:06.658395,ETH-USDT,3649.32,3649.33,4913.0,10066.0
2025-07-25T08:39:06.658408,BTC-USDT,115321.5,115321.6,9660.0,5558.0
2025-07-25T08:39:06.660094,LTC-USDT,111.3,111.33,36.0,25.0
2025-07-25T08:39:06.660106,XRP-USDT,3.0784,3.0785,48.0,28.0
2025-07-25T08:39:07.190718,SOL-USDT,177.6,177.61,470.0,326.0
2025-07-25T08:39:07.190733,ETH-USDT,3649.32,3649.33,4913.0,10066.0
2025-07-25T08:39:07.190975,BTC-USDT,115321.5,115321.6,9660.0,5558.0
2025-07-25T08:39:07.191813,LTC-USDT,111.3,111.33,36.0,25.0
2025-07-25T08:39:07.191827,XRP-USDT,3.0784,3.0785,48.0,28.0
2025-07-25T08:39:07.653208,SOL-USDT,177.6,177.61,315.0,328.8
2025-07-25T08:39:07.653224,ETH-USDT,3649.32,3649.33,6748.0,6780.0
2025-07-25T08:39:07.653231,BTC-USDT,115321.5,115321.6,9774.0,6482.0
2025-07-25T08:39:07.655273,LTC-USDT,111.31,111.33,27.0,4.0
2025-07-25T08:39:07.655285,XRP-USDT,3.0784,3.0785,25.0,133.0
2025-07-25T08:39:08.162324,SOL-USDT,177.6,177.61,502.0,353.0
2025-07-25T08:39:08.162342,ETH-USDT,3649.32,3649.33,6748.0,6780.0
2025-07-25T08:39:08.163245,BTC-USDT,115321.5,115321.6,10616.0,7326.0
2025-07-25T08:39:08.164269,LTC-USDT,111.31,111.34,27.0,27.0
2025-07-25T08:39:08.164281,XRP-USDT,3.0784,3.0785,31.0,109.0
2025-07-25T08:39:08.653572,SOL-USDT,177.6,177.61,502.0,353.0
2025-07-25T08:39:08.654615,ETH-USDT,3649.73,3649.74,2449.0,15773.0
2025-07-25T08:39:08.654626,BTC-USDT,115321.5,115321.6,10616.0,7326.0
2025-07-25T08:39:08.663168,LTC-USDT,111.3,111.33,79.0,12.0
2025-07-25T08:39:08.663182,XRP-USDT,3.0784,3.0785,31.0,109.0
2025-07-25T08:39:09.154395,SOL-USDT,177.6,177.61,502.0,353.0
2025-07-25T08:39:09.154411,ETH-USDT,3649.73,3649.74,2449.0,15773.0
2025-07-25T08:39:09.154420,BTC-USDT,115321.5,115321.6,10616.0,7326.0
2025-07-25T08:39:09.156952,LTC-USDT,111.3,111.33,79.0,12.0
2025-07-25T08:39:09.156966,XRP-USDT,3.0782,3.0783,13.0,88.0
2025-07-25T08:39:09.650077,SOL-USDT,177.58,177.59,1.0,599.0
2025-07-25T08:39:09.650095,ETH-USDT,3649.32,3649.33,4860.0,16497.0
2025-07-25T08:39:09.650103,BTC-USDT,115321.5,115321.6,43.0,10875.0
2025-07-25T08:39:09.650110,LTC-USDT,111.31,111.33,37.0,20.0
2025-07-25T08:39:09.650117,XRP-USDT,3.0782,3.0783,13.0,88.0
2025-07-25T08:39:10.177280,SOL-USDT,177.58,177.59,228.0,458.0
2025-07-25T08:39:10.177863,ETH-USDT,3649.32,3649.33,4860.0,16497.0
2025-07-25T08:39:10.177877,BTC-USDT,115321.5,115321.6,2966.0,9083.0
2025-07-25T08:39:10.179973,LTC-USDT,111.31,111.33,39.0,20.0
2025-07-25T08:39:10.179986,XRP-USDT,3.0782,3.0783,49.0,124.0
2025-07-25T08:39:10.653664,SOL-USDT,177.58,177.59,228.0,458.0
2025-07-25T08:39:10.653681,ETH-USDT,3649.37,3649.38,7966.0,483.0
2025-07-25T08:39:10.653691,BTC-USDT,115321.5,115321.6,2966.0,9083.0
2025-07-25T08:39:10.654312,LTC-USDT,111.31,111.34,84.0,15.0
2025-07-25T08:39:10.654333,XRP-USDT,3.0782,3.0783,49.0,124.0
2025-07-25T08:39:11.210058,SOL-USDT,177.58,177.59,228.0,458.0
2025-07-25T08:39:11.210075,ETH-USDT,3649.37,3649.38,7966.0,483.0
2025-07-25T08:39:11.210091,BTC-USDT,115321.5,115321.6,2966.0,9083.0
2025-07-25T08:39:11.211292,LTC-USDT,111.31,111.34,84.0,15.0
2025-07-25T08:39:11.211302,XRP-USDT,3.0782,3.0783,58.0,90.0
2025-07-25T08:39:11.650104,SOL-USDT,177.58,177.59,464.0,124.0
2025-07-25T08:39:11.650121,ETH-USDT,3649.68,3649.69,4542.0,13598.0
2025-07-25T08:39:11.650130,BTC-USDT,115321.5,115321.6,5467.0,5978.0
2025-07-25T08:39:11.652453,LTC-USDT,111.31,111.34,84.0,14.0
2025-07-25T08:39:11.652465,XRP-USDT,3.0782,3.0783,58.0,88.5
2025-07-25T08:39:12.232985,SOL-USDT,177.56,177.57,39.0,1376.0
2025-07-25T08:39:12.233001,ETH-USDT,3649.17,3649.18,1283.0,29726.0
2025-07-25T08:39:12.233008,BTC-USDT,115301.9,115302.0,445.0,12567.0
2025-07-25T08:39:12.233016,LTC-USDT,111.31,111.34,83.0,19.0
2025-07-25T08:39:12.233023,XRP-USDT,3.0782,3.0783,9.0,109.0
2025-07-25T08:39:12.648936,SOL-USDT,177.56,177.57,39.0,1376.0
2025-07-25T08:39:12.648951,ETH-USDT,3649.17,3649.18,1283.0,29726.0
2025-07-25T08:39:12.648959,BTC-USDT,115301.9,115302.0,445.0,12567.0
2025-07-25T08:39:12.649975,LTC-USDT,111.31,111.34,83.0,19.0
2025-07-25T08:39:12.649986,XRP-USDT,3.0782,3.0783,9.0,109.0
2025-07-25T08:39:13.192451,SOL-USDT,177.56,177.57,39.0,1376.0
2025-07-25T08:39:13.193669,ETH-USDT,3649.17,3649.18,184.0,28568.0
2025-07-25T08:39:13.193680,BTC-USDT,115301.9,115302.0,445.0,12567.0
2025-07-25T08:39:13.194987,LTC-USDT,111.3,111.33,8.0,57.0
2025-07-25T08:39:13.194997,XRP-USDT,3.0778,3.0779,12.0,44.0
2025-07-25T08:39:13.655840,SOL-USDT,177.55,177.56,14.0,1015.0
2025-07-25T08:39:13.655856,ETH-USDT,3648.68,3648.69,6435.0,22190.0
2025-07-25T08:39:13.655864,BTC-USDT,115297.5,115297.6,228.0,30033.0
2025-07-25T08:39:13.659016,LTC-USDT,111.31,111.33,33.0,23.0
2025-07-25T08:39:13.659030,XRP-USDT,3.0778,3.0779,19.0,43.0
2025-07-25T08:39:14.157506,SOL-USDT,177.55,177.56,14.0,1015.0
2025-07-25T08:39:14.157520,ETH-USDT,3648.68,3648.69,6435.0,22190.0
2025-07-25T08:39:14.157830,BTC-USDT,115297.5,115297.6,228.0,30033.0
2025-07-25T08:39:14.159524,LTC-USDT,111.31,111.33,33.0,23.0
2025-07-25T08:39:14.159534,XRP-USDT,3.0778,3.0779,44.0,147.0
2025-07-25T08:39:14.658666,SOL-USDT,177.55,177.56,5.0,1514.0
2025-07-25T08:39:14.658679,ETH-USDT,3648.31,3648.32,966.0,11695.0
2025-07-25T08:39:14.659289,BTC-USDT,115292.6,115292.7,2212.0,16229.6
2025-07-25T08:39:14.660508,LTC-USDT,111.31,111.32,3.0,78.0
2025-07-25T08:39:14.660519,XRP-USDT,3.0778,3.0779,44.0,147.0
2025-07-25T08:39:15.210342,SOL-USDT,177.52,177.53,41.0,644.0
2025-07-25T08:39:15.210353,ETH-USDT,3648.18,3648.19,1113.0,1417.0
2025-07-25T08:39:15.210503,BTC-USDT,115286.9,115287.0,79.0,11506.0
2025-07-25T08:39:15.211839,LTC-USDT,111.31,111.32,3.0,79.0
2025-07-25T08:39:15.211850,XRP-USDT,3.0773,3.0774,143.0,187.0
2025-07-25T08:39:15.648557,SOL-USDT,177.52,177.53,41.0,644.0
2025-07-25T08:39:15.648572,ETH-USDT,3648.18,3648.19,1113.0,1417.0
2025-07-25T08:39:15.648860,BTC-USDT,115286.9,115287.0,79.0,11506.0
2025-07-25T08:39:15.650197,LTC-USDT,111.31,111.32,3.0,79.0
2025-07-25T08:39:15.650207,XRP-USDT,3.0775,3.0776,114.0,52.0
2025-07-25T08:39:16.225208,SOL-USDT,177.52,177.53,41.0,644.0
2025-07-25T08:39:16.225222,ETH-USDT,3648.18,3648.19,20736.0,1244.0
2025-07-25T08:39:16.225230,BTC-USDT,115275.4,115278.9,1484.0,1005.0
2025-07-25T08:39:16.225236,LTC-USDT,111.29,111.31,163.0,59.0
2025-07-25T08:39:16.225243,XRP-USDT,3.0773,3.0774,163.0,62.0
2025-07-25T08:39:16.657057,SOL-USDT,177.52,177.53,72.0,627.0
2025-07-25T08:39:16.657070,ETH-USDT,3647.9,3647.91,12778.0,1761.0
2025-07-25T08:39:16.657675,BTC-USDT,115277.4,115277.5,1818.0,262.0
2025-07-25T08:39:16.659216,LTC-USDT,111.29,111.31,225.0,5.0
2025-07-25T08:39:16.659225,XRP-USDT,3.0773,3.0774,163.0,62.0
2025-07-25T08:39:17.171572,SOL-USDT,177.52,177.53,72.0,627.0
2025-07-25T08:39:17.171592,ETH-USDT,3647.9,3647.91,12778.0,1761.0
2025-07-25T08:39:17.171836,BTC-USDT,115277.4,115277.5,1818.0,262.0
2025-07-25T08:39:17.173194,LTC-USDT,111.29,111.31,225.0,5.0
2025-07-25T08:39:17.173205,XRP-USDT,3.0773,3.0774,144.0,91.0
2025-07-25T08:39:17.648893,SOL-USDT,177.52,177.53,47.0,610.0
2025-07-25T08:39:17.648915,ETH-USDT,3647.9,3647.91,6218.0,6614.0
2025-07-25T08:39:17.648929,BTC-USDT,115279.9,115280.0,20232.0,4034.0
2025-07-25T08:39:17.650069,LTC-USDT,111.29,111.31,165.0,13.0
2025-07-25T08:39:17.650081,XRP-USDT,3.0773,3.0774,144.0,91.0
2025-07-25T08:39:18.177626,SOL-USDT,177.52,177.53,90.0,931.0
2025-07-25T08:39:18.177640,ETH-USDT,3647.9,3647.91,6218.0,6614.0
2025-07-25T08:39:18.178563,BTC-USDT,115279.9,115280.0,6802.0,4013.0
2025-07-25T08:39:18.179718,LTC-USDT,111.29,111.31,165.0,12.0
2025-07-25T08:39:18.179730,XRP-USDT,3.0773,3.0774,165.0,57.0
2025-07-25T08:39:18.653079,SOL-USDT,177.52,177.53,90.0,931.0
2025-07-25T08:39:18.653092,ETH-USDT,3647.9,3647.91,6218.0,6614.0
2025-07-25T08:39:18.653100,BTC-USDT,115279.9,115280.0,6802.0,4013.0
2025-07-25T08:39:18.654850,LTC-USDT,111.29,111.31,165.0,12.0
2025-07-25T08:39:18.654861,XRP-USDT,3.0773,3.0774,165.0,57.0
2025-07-25T08:39:19.202279,SOL-USDT,177.52,177.53,90.0,931.0
2025-07-25T08:39:19.202296,ETH-USDT,3647.36,3647.37,12080.0,5575.0
2025-07-25T08:39:19.202304,BTC-USDT,115279.9,115280.0,6802.0,4013.0
2025-07-25T08:39:19.209326,LTC-USDT,111.29,111.31,165.0,23.0
2025-07-25T08:39:19.209338,XRP-USDT,3.0773,3.0774,165.0,57.0
2025-07-25T08:39:19.647022,SOL-USDT,177.52,177.53,46.0,898.0
2025-07-25T08:39:19.647036,ETH-USDT,3647.36,3647.37,7320.0,11246.0
2025-07-25T08:39:19.647436,BTC-USDT,115279.9,115280.0,5093.0,6576.0
2025-07-25T08:39:19.649678,LTC-USDT,111.29,111.31,177.0,50.0
2025-07-25T08:39:19.649691,XRP-USDT,3.0773,3.0774,137.0,137.0
2025-07-25T08:39:20.173083,SOL-USDT,177.52,177.53,46.0,898.0
2025-07-25T08:39:20.174073,ETH-USDT,3647.36,3647.37,7320.0,11246.0
2025-07-25T08:39:20.174090,BTC-USDT,115279.9,115280.0,5093.0,6576.0
2025-07-25T08:39:20.179028,LTC-USDT,111.29,111.31,177.0,50.0
2025-07-25T08:39:20.179046,XRP-USDT,3.0773,3.0774,106.0,113.0
2025-07-25T08:39:20.652840,SOL-USDT,177.52,177.53,64.0,872.0
2025-07-25T08:39:20.652854,ETH-USDT,3647.36,3647.37,9100.0,5724.0
2025-07-25T08:39:20.653456,BTC-USDT,115279.9,115280.0,6656.0,8053.0
2025-07-25T08:39:20.654763,LTC-USDT,111.29,111.31,184.0,4.0
2025-07-25T08:39:20.654773,XRP-USDT,3.0773,3.0774,106.0,113.0
2025-07-25T08:39:21.152184,SOL-USDT,177.52,177.53,64.0,872.0
2025-07-25T08:39:21.152912,ETH-USDT,3647.35,3647.36,50.4,879.0
2025-07-25T08:39:21.152926,BTC-USDT,115279.9,115280.0,136.0,9374.0
2025-07-25T08:39:21.154383,LTC-USDT,111.29,111.31,168.0,97.0
2025-07-25T08:39:21.154393,XRP-USDT,3.0773,3.0774,106.0,113.0
2025-07-25T08:39:21.645573,SOL-USDT,177.49,177.5,26.0,754.0
2025-07-25T08:39:21.645583,ETH-USDT,3647.35,3647.36,50.4,879.0
2025-07-25T08:39:21.646849,BTC-USDT,115279.9,115280.0,136.0,9374.0
2025-07-25T08:39:21.648234,LTC-USDT,111.29,111.31,168.0,97.0
2025-07-25T08:39:21.648244,XRP-USDT,3.0773,3.0774,114.0,146.0
2025-07-25T08:39:22.173375,SOL-USDT,177.49,177.5,7.0,327.0
2025-07-25T08:39:22.173389,ETH-USDT,3646.91,3646.92,73.0,19126.0
2025-07-25T08:39:22.173397,BTC-USDT,115279.9,115280.0,3454.0,7708.0
2025-07-25T08:39:22.175027,LTC-USDT,111.28,111.29,7.0,132.0
2025-07-25T08:39:22.175041,XRP-USDT,3.0773,3.0774,98.0,172.0
2025-07-25T08:39:22.646920,SOL-USDT,177.49,177.5,7.0,327.0
2025-07-25T08:39:22.646931,ETH-USDT,3646.91,3646.92,73.0,19126.0
2025-07-25T08:39:22.648148,BTC-USDT,115279.9,115280.0,3454.0,7708.0
2025-07-25T08:39:22.648868,LTC-USDT,111.28,111.29,7.0,132.0
2025-07-25T08:39:22.648879,XRP-USDT,3.0773,3.0774,98.0,172.0
2025-07-25T08:39:23.160339,SOL-USDT,177.47,177.48,25.0,1112.0
2025-07-25T08:39:23.160352,ETH-USDT,3646.32,3646.33,3727.0,53435.0
2025-07-25T08:39:23.160360,BTC-USDT,115276.9,115277.0,2538.0,6503.0
2025-07-25T08:39:23.163105,LTC-USDT,111.26,111.27,1.0,170.0
2025-07-25T08:39:23.163118,XRP-USDT,3.0768,3.0769,3.0,138.0
2025-07-25T08:39:23.663432,SOL-USDT,177.46,177.47,33.0,990.0
2025-07-25T08:39:23.664391,ETH-USDT,3646.64,3647.08,687.0,1856.0
2025-07-25T08:39:23.664402,BTC-USDT,115276.9,115277.0,499.0,14298.0
2025-07-25T08:39:23.666099,LTC-USDT,111.26,111.27,1.0,71.0
2025-07-25T08:39:23.666110,XRP-USDT,3.0767,3.0768,4.0,281.0
2025-07-25T08:39:24.224493,SOL-USDT,177.46,177.47,33.0,990.0
2025-07-25T08:39:24.227354,ETH-USDT,3647.31,3647.32,17934.0,5257.0
2025-07-25T08:39:24.227371,BTC-USDT,115276.9,115277.0,3024.0,12457.0
2025-07-25T08:39:24.227380,LTC-USDT,111.26,111.27,1.0,71.0
2025-07-25T08:39:24.227387,XRP-USDT,3.0767,3.0768,56.0,25.0
2025-07-25T08:39:24.649136,SOL-USDT,177.46,177.47,254.0,702.0
2025-07-25T08:39:24.649151,ETH-USDT,3647.31,3647.32,17934.0,5257.0
2025-07-25T08:39:24.649159,BTC-USDT,115276.9,115277.0,3024.0,12457.0
2025-07-25T08:39:24.651113,LTC-USDT,111.24,111.26,80.0,16.0
2025-07-25T08:39:24.651124,XRP-USDT,3.0767,3.0768,56.0,25.0
2025-07-25T08:39:25.166945,SOL-USDT,177.46,177.47,254.0,702.0
2025-07-25T08:39:25.166958,ETH-USDT,3647.36,3647.37,3738.0,11317.0
2025-07-25T08:39:25.168464,BTC-USDT,115276.9,115277.0,4063.0,13625.0
2025-07-25T08:39:25.169810,LTC-USDT,111.24,111.26,80.0,21.0
2025-07-25T08:39:25.169824,XRP-USDT,3.0767,3.0768,114.0,83.0
2025-07-25T08:39:25.646833,SOL-USDT,177.46,177.47,360.0,266.0
2025-07-25T08:39:25.646851,ETH-USDT,3647.36,3647.37,8663.0,9232.0
2025-07-25T08:39:25.648163,BTC-USDT,115276.9,115277.0,4063.0,13599.8
2025-07-25T08:39:25.649235,LTC-USDT,111.24,111.26,31.0,34.0
2025-07-25T08:39:25.649245,XRP-USDT,3.0767,3.0768,114.0,83.0
2025-07-25T08:39:26.228598,SOL-USDT,177.46,177.47,360.0,266.0
2025-07-25T08:39:26.228622,ETH-USDT,3647.36,3647.37,8663.0,9232.0
2025-07-25T08:39:26.228634,BTC-USDT,115276.9,115277.0,4063.0,13599.8
2025-07-25T08:39:26.231430,LTC-USDT,111.24,111.26,31.0,34.0
2025-07-25T08:39:26.231442,XRP-USDT,3.0767,3.0768,114.0,83.0
2025-07-25T08:39:26.649881,SOL-USDT,177.46,177.47,336.0,249.0
2025-07-25T08:39:26.649899,ETH-USDT,3647.5,3647.51,16229.0,9290.0
2025-07-25T08:39:26.649906,BTC-USDT,115276.9,115277.0,4893.0,11125.0
2025-07-25T08:39:26.653941,LTC-USDT,111.24,111.26,35.0,38.0
2025-07-25T08:39:26.653953,XRP-USDT,3.0767,3.0768,13.0,156.0
2025-07-25T08:39:27.195900,SOL-USDT,177.46,177.47,419.0,240.0
2025-07-25T08:39:27.196079,ETH-USDT,3647.5,3647.51,16221.6,9290.0
2025-07-25T08:39:27.196091,BTC-USDT,115276.9,115277.0,3410.0,10128.0
2025-07-25T08:39:27.199349,LTC-USDT,111.24,111.26,54.0,35.0
2025-07-25T08:39:27.199362,XRP-USDT,3.0767,3.0768,14.0,85.0
2025-07-25T08:39:27.662973,SOL-USDT,177.46,177.47,419.0,240.0
2025-07-25T08:39:27.662985,ETH-USDT,3647.5,3647.51,10249.0,6301.0
2025-07-25T08:39:27.663358,BTC-USDT,115276.9,115277.0,3410.0,10128.0
2025-07-25T08:39:27.668336,LTC-USDT,111.24,111.26,6.0,38.0
2025-07-25T08:39:27.668348,XRP-USDT,3.0766,3.0767,14.0,109.0
2025-07-25T08:39:28.195624,SOL-USDT,177.46,177.47,419.0,240.0
2025-07-25T08:39:28.199448,ETH-USDT,3646.95,3646.96,11638.0,7446.0
2025-07-25T08:39:28.199462,BTC-USDT,115276.9,115277.0,4363.0,9877.0
2025-07-25T08:39:28.199470,LTC-USDT,111.24,111.26,6.0,38.0
2025-07-25T08:39:28.199477,XRP-USDT,3.0766,3.0767,14.0,109.0
2025-07-25T08:39:28.651326,SOL-USDT,177.46,177.47,224.0,417.0
2025-07-25T08:39:28.651340,ETH-USDT,3646.95,3646.96,11638.0,7446.0
2025-07-25T08:39:28.651347,BTC-USDT,115276.9,115277.0,4363.0,9877.0
2025-07-25T08:39:28.652419,LTC-USDT,111.24,111.25,6.0,58.0
2025-07-25T08:39:28.652434,XRP-USDT,3.0765,3.0766,58.0,125.0
2025-07-25T08:39:29.195162,SOL-USDT,177.46,177.47,224.0,417.0
2025-07-25T08:39:29.195179,ETH-USDT,3646.95,3646.96,11638.0,7446.0
2025-07-25T08:39:29.195682,BTC-USDT,115256.9,115257.0,130.0,22657.0
2025-07-25T08:39:29.197516,LTC-USDT,111.24,111.26,6.0,106.0
2025-07-25T08:39:29.197528,XRP-USDT,3.0765,3.0766,30.0,210.0
2025-07-25T08:39:29.646864,SOL-USDT,177.46,177.47,21.0,726.0
2025-07-25T08:39:29.647511,ETH-USDT,3647.35,3647.36,9551.0,2878.0
2025-07-25T08:39:29.647521,BTC-USDT,115256.9,115257.0,6309.0,15608.0
2025-07-25T08:39:29.649033,LTC-USDT,111.24,111.26,6.0,124.0
2025-07-25T08:39:29.649043,XRP-USDT,3.0765,3.0766,30.0,210.0
2025-07-25T08:39:30.163944,SOL-USDT,177.46,177.47,21.0,726.0
2025-07-25T08:39:30.163959,ETH-USDT,3647.35,3647.36,9551.0,2878.0
2025-07-25T08:39:30.168924,BTC-USDT,115256.9,115257.0,6309.0,15608.0
2025-07-25T08:39:30.168937,LTC-USDT,111.24,111.26,6.0,124.0
2025-07-25T08:39:30.168944,XRP-USDT,3.077,3.0774,87.0,85.0
2025-07-25T08:39:30.655497,SOL-USDT,177.51,177.52,725.0,347.0
2025-07-25T08:39:30.655511,ETH-USDT,3649.3,3649.31,9156.0,20878.0
2025-07-25T08:39:30.655518,BTC-USDT,115272.2,115272.3,10975.0,1116.0
2025-07-25T08:39:30.661978,LTC-USDT,111.27,111.3,10.0,63.0
2025-07-25T08:39:30.661989,XRP-USDT,3.0776,3.0777,8.0,48.0
2025-07-25T08:39:31.189250,SOL-USDT,177.51,177.52,725.0,347.0
2025-07-25T08:39:31.189831,ETH-USDT,3649.75,3649.76,12811.0,26967.0
2025-07-25T08:39:31.190825,BTC-USDT,115272.2,115272.3,12126.0,149.0
2025-07-25T08:39:31.195215,LTC-USDT,111.27,111.3,49.0,12.0
2025-07-25T08:39:31.195225,XRP-USDT,3.0776,3.0777,8.0,48.0
2025-07-25T08:39:31.661877,SOL-USDT,177.55,177.56,811.0,192.0
2025-07-25T08:39:31.661892,ETH-USDT,3649.75,3649.76,12811.0,26967.0
2025-07-25T08:39:31.661899,BTC-USDT,115272.2,115272.3,12126.0,149.0
2025-07-25T08:39:31.661905,LTC-USDT,111.27,111.3,49.0,12.0
2025-07-25T08:39:31.661918,XRP-USDT,3.0775,3.0776,79.0,3.0
2025-07-25T08:39:32.210421,SOL-USDT,177.52,177.54,2.0,351.0
2025-07-25T08:39:32.210434,ETH-USDT,3649.75,3649.76,660.0,12049.0
2025-07-25T08:39:32.210441,BTC-USDT,115272.2,115272.3,13328.0,3917.0
2025-07-25T08:39:32.210447,LTC-USDT,111.27,111.29,21.0,2.0
2025-07-25T08:39:32.210453,XRP-USDT,3.0775,3.0776,10.0,84.0
2025-07-25T08:39:32.650131,SOL-USDT,177.52,177.53,11.92,1022.0
2025-07-25T08:39:32.650149,ETH-USDT,3649.75,3649.76,9699.0,5837.0
2025-07-25T08:39:32.650425,BTC-USDT,115272.2,115272.3,13328.0,3917.0
2025-07-25T08:39:32.651774,LTC-USDT,111.28,111.3,23.0,30.0
2025-07-25T08:39:32.651811,XRP-USDT,3.0775,3.0776,10.0,84.0
2025-07-25T08:39:33.166111,SOL-USDT,177.52,177.53,11.92,1022.0
2025-07-25T08:39:33.166135,ETH-USDT,3649.75,3649.76,9699.0,5837.0
2025-07-25T08:39:33.166152,BTC-USDT,115272.2,115272.3,13328.0,3917.0
2025-07-25T08:39:33.166166,LTC-USDT,111.28,111.3,23.0,30.0
2025-07-25T08:39:33.166176,XRP-USDT,3.0775,3.0776,14.0,57.0
2025-07-25T08:39:33.649413,SOL-USDT,177.52,177.53,90.0,294.0
2025-07-25T08:39:33.649426,ETH-USDT,3649.75,3649.76,1549.0,14157.0
2025-07-25T08:39:33.649433,BTC-USDT,115272.2,115272.3,10143.0,2646.0
2025-07-25T08:39:33.650989,LTC-USDT,111.27,111.3,14.0,26.0
2025-07-25T08:39:33.650999,XRP-USDT,3.0772,3.0773,4.0,54.0
2025-07-25T08:39:34.158024,SOL-USDT,177.52,177.53,60.0,343.0
2025-07-25T08:39:34.158038,ETH-USDT,3649.75,3649.76,1549.0,14157.0
2025-07-25T08:39:34.158248,BTC-USDT,115272.2,115272.3,10803.0,7147.0
2025-07-25T08:39:34.159271,LTC-USDT,111.27,111.3,14.0,27.0
2025-07-25T08:39:34.159280,XRP-USDT,3.0772,3.0773,4.0,54.0
2025-07-25T08:39:34.646096,SOL-USDT,177.52,177.53,60.0,343.0
2025-07-25T08:39:34.646110,ETH-USDT,3649.75,3649.76,1775.0,7235.0
2025-07-25T08:39:34.646617,BTC-USDT,115272.2,115272.3,10803.0,7147.0
2025-07-25T08:39:34.648357,LTC-USDT,111.27,111.3,49.0,7.0
2025-07-25T08:39:34.648367,XRP-USDT,3.0772,3.0773,58.0,32.0
2025-07-25T08:39:35.184529,SOL-USDT,177.52,177.53,60.0,343.0
2025-07-25T08:39:35.184544,ETH-USDT,3649.75,3649.76,1775.0,7235.0
2025-07-25T08:39:35.186718,BTC-USDT,115272.2,115272.3,10803.0,7147.0
2025-07-25T08:39:35.186731,LTC-USDT,111.27,111.3,49.0,7.0
2025-07-25T08:39:35.186738,XRP-USDT,3.0772,3.0773,93.0,36.0
2025-07-25T08:39:35.646776,SOL-USDT,177.52,177.53,786.0,32.0
2025-07-25T08:39:35.646822,ETH-USDT,3649.75,3649.76,1188.0,13604.0
2025-07-25T08:39:35.647119,BTC-USDT,115272.2,115272.3,11054.0,237.0
2025-07-25T08:39:35.648644,LTC-USDT,111.27,111.3,36.0,9.0
2025-07-25T08:39:35.648659,XRP-USDT,3.0772,3.0773,93.0,36.0
2025-07-25T08:39:36.200247,SOL-USDT,177.52,177.53,362.0,3.0
2025-07-25T08:39:36.200268,ETH-USDT,3649.75,3649.76,1188.0,13604.0
2025-07-25T08:39:36.200279,BTC-USDT,115272.2,115272.3,11065.0,64.0
2025-07-25T08:39:36.202116,LTC-USDT,111.27,111.3,36.0,11.0
2025-07-25T08:39:36.202134,XRP-USDT,3.0772,3.0773,11.0,70.0
2025-07-25T08:39:36.652190,SOL-USDT,177.52,177.53,362.0,3.0
2025-07-25T08:39:36.652209,ETH-USDT,3649.75,3649.76,1188.0,13604.0
2025-07-25T08:39:36.652218,BTC-USDT,115272.2,115272.3,11065.0,64.0
2025-07-25T08:39:36.655622,LTC-USDT,111.27,111.3,36.0,11.0
2025-07-25T08:39:36.655633,XRP-USDT,3.0772,3.0773,11.0,40.0
2025-07-25T08:39:37.165220,SOL-USDT,177.52,177.53,362.0,3.0
2025-07-25T08:39:37.165233,ETH-USDT,3649.83,3649.84,14080.0,3833.0
2025-07-25T08:39:37.165242,BTC-USDT,115272.2,115272.3,11065.0,64.0
2025-07-25T08:39:37.172067,LTC-USDT,111.27,111.3,35.0,15.0
2025-07-25T08:39:37.172082,XRP-USDT,3.0772,3.0773,11.0,40.0
2025-07-25T08:39:37.647818,SOL-USDT,177.52,177.53,421.0,115.0
2025-07-25T08:39:37.648630,ETH-USDT,3649.83,3649.84,8022.0,8276.0
2025-07-25T08:39:37.648642,BTC-USDT,115272.2,115272.3,8208.0,4987.0
2025-07-25T08:39:37.649969,LTC-USDT,111.27,111.3,28.0,47.0
2025-07-25T08:39:37.649978,XRP-USDT,3.0771,3.0772,11.0,53.0
2025-07-25T08:39:38.160112,SOL-USDT,177.52,177.53,421.0,115.0
2025-07-25T08:39:38.160129,ETH-USDT,3649.83,3649.84,8022.0,8276.0
2025-07-25T08:39:38.160272,BTC-USDT,115272.2,115272.3,8208.0,4987.0
2025-07-25T08:39:38.161554,LTC-USDT,111.27,111.3,28.0,47.0
2025-07-25T08:39:38.161570,XRP-USDT,3.0768,3.0769,69.0,34.0
2025-07-25T08:39:38.664642,SOL-USDT,177.52,177.53,23.0,300.0
2025-07-25T08:39:38.664655,ETH-USDT,3649.44,3649.45,22402.0,1485.0
2025-07-25T08:39:38.664664,BTC-USDT,115272.2,115272.3,11564.0,6841.0
2025-07-25T08:39:38.664671,LTC-USDT,111.27,111.29,5.0,45.0
2025-07-25T08:39:38.664678,XRP-USDT,3.0768,3.0769,69.0,34.0
2025-07-25T08:39:39.163975,SOL-USDT,177.52,177.53,18.0,686.0
2025-07-25T08:39:39.163988,ETH-USDT,3649.44,3649.45,22402.0,1485.0
2025-07-25T08:39:39.164701,BTC-USDT,115272.2,115272.3,7004.0,6872.0
2025-07-25T08:39:39.166262,LTC-USDT,111.27,111.29,5.0,45.0
2025-07-25T08:39:39.166272,XRP-USDT,3.0768,3.0769,15.0,86.0
2025-07-25T08:39:39.650708,SOL-USDT,177.52,177.53,18.0,686.0
2025-07-25T08:39:39.650725,ETH-USDT,3649.44,3649.45,22402.0,1485.0
2025-07-25T08:39:39.650733,BTC-USDT,115272.2,115272.3,7004.0,6872.0
2025-07-25T08:39:39.652420,LTC-USDT,111.27,111.29,5.0,45.0
2025-07-25T08:39:39.652430,XRP-USDT,3.0768,3.0769,15.0,86.0
2025-07-25T08:39:40.183422,SOL-USDT,177.52,177.53,18.0,686.0
2025-07-25T08:39:40.183437,ETH-USDT,3649.74,3649.75,4180.0,10299.0
2025-07-25T08:39:40.183446,BTC-USDT,115272.2,115272.3,7004.0,6872.0
2025-07-25T08:39:40.188628,LTC-USDT,111.27,111.3,19.0,84.0
2025-07-25T08:39:40.188641,XRP-USDT,3.0768,3.0769,16.0,54.0
2025-07-25T08:39:40.651749,SOL-USDT,177.52,177.53,17.0,653.37
2025-07-25T08:39:40.651766,ETH-USDT,3649.74,3649.75,3164.0,8357.0
2025-07-25T08:39:40.651773,BTC-USDT,115272.2,115272.3,9225.0,4099.0
2025-07-25T08:39:40.653994,LTC-USDT,111.27,111.29,4.0,128.0
2025-07-25T08:39:40.654010,XRP-USDT,3.0768,3.0769,16.0,54.0
2025-07-25T08:39:41.161106,SOL-USDT,177.52,177.53,17.0,653.37
2025-07-25T08:39:41.161120,ETH-USDT,3649.74,3649.75,3164.0,8357.0
2025-07-25T08:39:41.161127,BTC-USDT,115272.2,115272.3,9225.0,4099.0
2025-07-25T08:39:41.163121,LTC-USDT,111.27,111.29,4.0,128.0
2025-07-25T08:39:41.163132,XRP-USDT,3.0768,3.0769,10.0,76.0
2025-07-25T08:39:41.648481,SOL-USDT,177.52,177.53,24.0,352.94
2025-07-25T08:39:41.648502,ETH-USDT,3649.74,3649.75,3164.0,8357.0
2025-07-25T08:39:41.648512,BTC-USDT,115272.2,115272.3,7506.0,7180.0
2025-07-25T08:39:41.651043,LTC-USDT,111.27,111.29,5.0,125.0
2025-07-25T08:39:41.651064,XRP-USDT,3.0768,3.0772,10.0,178.0
2025-07-25T08:39:42.196249,SOL-USDT,177.52,177.53,12.0,326.0
2025-07-25T08:39:42.196261,ETH-USDT,3649.83,3649.84,11652.0,10826.0
2025-07-25T08:39:42.196267,BTC-USDT,115272.2,115272.3,8768.0,5231.0
2025-07-25T08:39:42.198661,LTC-USDT,111.26,111.29,3.0,125.0
2025-07-25T08:39:42.198675,XRP-USDT,3.0768,3.0769,21.0,81.0
2025-07-25T08:39:42.650358,SOL-USDT,177.52,177.53,12.0,326.0
2025-07-25T08:39:42.650382,ETH-USDT,3649.83,3649.84,11652.0,10826.0
2025-07-25T08:39:42.650395,BTC-USDT,115272.2,115272.3,8768.0,5231.0
2025-07-25T08:39:42.651087,LTC-USDT,111.26,111.29,3.0,125.0
2025-07-25T08:39:42.651107,XRP-USDT,3.0768,3.0769,21.0,81.0
2025-07-25T08:39:43.191053,SOL-USDT,177.52,177.53,12.0,326.0
2025-07-25T08:39:43.191691,ETH-USDT,3650.46,3650.47,13453.0,2427.0
2025-07-25T08:39:43.191701,BTC-USDT,115272.2,115272.3,8768.0,5231.0
2025-07-25T08:39:43.194838,LTC-USDT,111.26,111.29,11.0,60.0
2025-07-25T08:39:43.194852,XRP-USDT,3.0768,3.0769,62.0,52.0
2025-07-25T08:39:43.649524,SOL-USDT,177.55,177.56,749.0,32.0
2025-07-25T08:39:43.649700,ETH-USDT,3651.16,3651.17,26205.0,1630.0
2025-07-25T08:39:43.649716,BTC-USDT,115272.2,115272.3,8083.0,2961.0
2025-07-25T08:39:43.653137,LTC-USDT,111.27,111.3,89.0,846.16
2025-07-25T08:39:43.653153,XRP-USDT,3.0777,3.0778,356.0,5.0
2025-07-25T08:39:44.186717,SOL-USDT,177.55,177.56,749.0,32.0
2025-07-25T08:39:44.186732,ETH-USDT,3651.16,3651.17,26205.0,1630.0
2025-07-25T08:39:44.186740,BTC-USDT,115272.2,115272.3,8083.0,2961.0
2025-07-25T08:39:44.190072,LTC-USDT,111.27,111.3,89.0,846.16
2025-07-25T08:39:44.190086,XRP-USDT,3.0777,3.0778,356.0,5.0
2025-07-25T08:39:45.042930,SOL-USDT,177.55,177.56,551.0,26.0
2025-07-25T08:39:45.042935,ETH-USDT,3651.16,3651.17,25190.0,699.0
2025-07-25T08:39:45.042940,BTC-USDT,115273.1,115273.2,8471.0,56.0
2025-07-25T08:39:45.042945,LTC-USDT,111.29,111.3,4.0,832.16
2025-07-25T08:39:45.042950,XRP-USDT,3.0777,3.0778,137.0,29.0
2025-07-25T08:39:45.181656,SOL-USDT,177.55,177.56,171.0,127.0
2025-07-25T08:39:45.181675,ETH-USDT,3651.16,3651.17,25190.0,699.0
2025-07-25T08:39:45.181683,BTC-USDT,115273.1,115273.2,15422.0,111.0
2025-07-25T08:39:45.183050,LTC-USDT,111.29,111.3,4.0,831.16
2025-07-25T08:39:45.183061,XRP-USDT,3.0777,3.0778,138.0,5.0
2025-07-25T08:39:45.648309,SOL-USDT,177.55,177.56,171.0,127.0
2025-07-25T08:39:45.660235,ETH-USDT,3651.16,3651.17,25190.0,699.0
2025-07-25T08:39:45.660248,BTC-USDT,115273.1,115273.2,15422.0,111.0
2025-07-25T08:39:45.660256,LTC-USDT,111.29,111.3,4.0,831.16
2025-07-25T08:39:45.660262,XRP-USDT,3.0776,3.0777,22.0,200.0
2025-07-25T08:39:46.175975,SOL-USDT,177.55,177.56,171.0,127.0
2025-07-25T08:39:46.175991,ETH-USDT,3651.49,3651.5,11023.0,1010.6
2025-07-25T08:39:46.179651,BTC-USDT,115276.8,115276.9,26783.0,213.0
2025-07-25T08:39:46.179664,LTC-USDT,111.29,111.3,16.0,831.16
2025-07-25T08:39:46.179672,XRP-USDT,3.0776,3.0777,22.0,200.0
2025-07-25T08:39:46.651285,SOL-USDT,177.55,177.56,327.0,27.0
2025-07-25T08:39:46.651302,ETH-USDT,3651.49,3651.5,21904.0,1652.6
2025-07-25T08:39:46.652046,BTC-USDT,115285.1,115285.2,24912.0,185.0
2025-07-25T08:39:46.653869,LTC-USDT,111.28,111.3,32.0,831.16
2025-07-25T08:39:46.653879,XRP-USDT,3.0777,3.0778,239.0,3.0
2025-07-25T08:39:47.148521,SOL-USDT,177.55,177.56,327.0,27.0
2025-07-25T08:39:47.148536,ETH-USDT,3651.49,3651.5,21904.0,1652.6
2025-07-25T08:39:47.148544,BTC-USDT,115285.1,115285.2,24912.0,185.0
2025-07-25T08:39:47.149462,LTC-USDT,111.28,111.3,32.0,831.16
2025-07-25T08:39:47.149474,XRP-USDT,3.0777,3.0778,87.0,4.0
2025-07-25T08:39:47.652093,SOL-USDT,177.55,177.56,504.0,24.0
2025-07-25T08:39:47.652103,ETH-USDT,3651.94,3651.95,14286.0,7711.0
2025-07-25T08:39:47.652109,BTC-USDT,115290.3,115290.4,11553.0,2893.0
2025-07-25T08:39:47.656461,LTC-USDT,111.29,111.3,118.0,831.16
2025-07-25T08:39:47.656482,XRP-USDT,3.0777,3.0778,87.0,4.0
2025-07-25T08:39:48.194449,SOL-USDT,177.55,177.56,504.0,24.0
2025-07-25T08:39:48.194463,ETH-USDT,3651.94,3651.95,14286.0,7711.0
2025-07-25T08:39:48.194470,BTC-USDT,115290.3,115290.4,11553.0,2893.0
2025-07-25T08:39:48.194477,LTC-USDT,111.29,111.3,118.0,831.16
2025-07-25T08:39:48.194485,XRP-USDT,3.0777,3.0778,87.0,4.0
2025-07-25T08:39:48.647058,SOL-USDT,177.61,177.62,956.0,60.0
2025-07-25T08:39:48.647073,ETH-USDT,3652.97,3652.98,834.0,0.2
2025-07-25T08:39:48.647808,BTC-USDT,115310.8,115310.9,13807.0,332.0
2025-07-25T08:39:48.650103,LTC-USDT,111.29,111.3,877.0,831.16
2025-07-25T08:39:48.650112,XRP-USDT,3.0785,3.0786,184.0,7.0
2025-07-25T08:39:49.211298,SOL-USDT,177.66,177.67,782.0,9.0
2025-07-25T08:39:49.211309,ETH-USDT,3653.53,3653.58,2218.0,8.1
2025-07-25T08:39:49.211315,BTC-USDT,115324.6,115324.7,15765.0,127.0
2025-07-25T08:39:49.211321,LTC-USDT,111.34,111.36,83.0,3.0
2025-07-25T08:39:49.211327,XRP-USDT,3.0798,3.0799,301.0,13.0
2025-07-25T08:39:49.650069,SOL-USDT,177.66,177.67,782.0,9.0
2025-07-25T08:39:49.650080,ETH-USDT,3653.53,3653.58,2218.0,8.1
2025-07-25T08:39:49.651647,BTC-USDT,115324.6,115324.7,15765.0,127.0
2025-07-25T08:39:49.651658,LTC-USDT,111.34,111.36,83.0,3.0
2025-07-25T08:39:49.651664,XRP-USDT,3.0804,3.0805,130.0,18.0
2025-07-25T08:39:50.189609,SOL-USDT,177.64,177.65,1.0,234.0
2025-07-25T08:39:50.189624,ETH-USDT,3653.12,3653.13,12287.0,2239.0
2025-07-25T08:39:50.189633,BTC-USDT,115333.1,115333.2,18520.0,56.0
2025-07-25T08:39:50.191013,LTC-USDT,111.31,111.34,16.0,62.0
2025-07-25T08:39:50.191024,XRP-USDT,3.0804,3.0805,130.0,18.0
2025-07-25T08:39:50.647322,SOL-USDT,177.64,177.65,1.0,234.0
2025-07-25T08:39:50.647345,ETH-USDT,3653.12,3653.13,4729.0,15213.0
2025-07-25T08:39:50.647556,BTC-USDT,115333.1,115333.2,2078.0,5795.0
2025-07-25T08:39:50.649160,LTC-USDT,111.31,111.34,16.0,62.0
2025-07-25T08:39:50.649170,XRP-USDT,3.0798,3.0799,144.0,22.0
2025-07-25T08:39:51.196185,SOL-USDT,177.63,177.64,137.0,709.0
2025-07-25T08:39:51.196199,ETH-USDT,3653.12,3653.13,4729.0,15213.0
2025-07-25T08:39:51.196206,BTC-USDT,115333.1,115333.2,2078.0,5795.0
2025-07-25T08:39:51.196213,LTC-USDT,111.34,111.35,105.0,13.0
2025-07-25T08:39:51.196220,XRP-USDT,3.0799,3.08,148.0,7.0
2025-07-25T08:39:51.662275,SOL-USDT,177.63,177.64,129.0,551.0
2025-07-25T08:39:51.662290,ETH-USDT,3653.12,3653.13,3938.0,3355.0
2025-07-25T08:39:51.662297,BTC-USDT,115333.1,115333.2,5190.0,3831.0
2025-07-25T08:39:51.663586,LTC-USDT,111.33,111.36,87.0,39.0
2025-07-25T08:39:51.663596,XRP-USDT,3.0799,3.08,148.0,7.0
2025-07-25T08:39:52.182441,SOL-USDT,177.63,177.64,129.0,551.0
2025-07-25T08:39:52.182456,ETH-USDT,3653.12,3653.13,3938.0,3355.0
2025-07-25T08:39:52.182464,BTC-USDT,115333.1,115333.2,3989.0,6797.7
2025-07-25T08:39:52.186397,LTC-USDT,111.32,111.36,17.0,23.0
2025-07-25T08:39:52.186411,XRP-USDT,3.0799,3.08,148.0,7.0
2025-07-25T08:39:52.651645,SOL-USDT,177.62,177.63,59.0,713.0
2025-07-25T08:39:52.651660,ETH-USDT,3653.12,3653.13,3938.0,3355.0
2025-07-25T08:39:52.651667,BTC-USDT,115333.1,115333.2,3989.0,6797.7
2025-07-25T08:39:52.654966,LTC-USDT,111.32,111.36,17.0,23.0
2025-07-25T08:39:52.654980,XRP-USDT,3.0799,3.08,1.0,76.0
2025-07-25T08:39:53.175240,SOL-USDT,177.62,177.63,59.0,713.0
2025-07-25T08:39:53.175255,ETH-USDT,3653.12,3653.13,1299.0,9910.0
2025-07-25T08:39:53.175262,BTC-USDT,115333.1,115333.2,3989.0,6797.7
2025-07-25T08:39:53.175269,LTC-USDT,111.31,111.34,47.0,13.0
2025-07-25T08:39:53.175275,XRP-USDT,3.0799,3.08,1.0,86.0
2025-07-25T08:39:53.647386,SOL-USDT,177.62,177.63,40.0,426.0
2025-07-25T08:39:53.647399,ETH-USDT,3653.12,3653.13,5256.0,7761.0
2025-07-25T08:39:53.648072,BTC-USDT,115333.1,115333.2,5712.0,6978.0
2025-07-25T08:39:53.650484,LTC-USDT,111.31,111.34,48.0,8.0
2025-07-25T08:39:53.650497,XRP-USDT,3.0799,3.08,1.0,86.0
2025-07-25T08:39:54.173413,SOL-USDT,177.62,177.63,40.0,426.0
2025-07-25T08:39:54.173426,ETH-USDT,3653.57,3653.58,1033.0,0.1
2025-07-25T08:39:54.174221,BTC-USDT,115351.8,115351.9,16698.0,1820.0
2025-07-25T08:39:54.175057,LTC-USDT,111.31,111.34,48.0,8.0
2025-07-25T08:39:54.175067,XRP-USDT,3.0806,3.0807,166.0,27.0
2025-07-25T08:39:54.652489,SOL-USDT,177.64,177.65,957.0,85.0
2025-07-25T08:39:54.652504,ETH-USDT,3653.57,3653.58,1033.0,0.1
2025-07-25T08:39:54.652512,BTC-USDT,115351.8,115351.9,16698.0,1820.0
2025-07-25T08:39:54.654737,LTC-USDT,111.34,111.36,166.0,5.0
2025-07-25T08:39:54.654746,XRP-USDT,3.0806,3.0807,166.0,27.0
2025-07-25T08:39:55.180877,SOL-USDT,177.64,177.65,957.0,85.0
2025-07-25T08:39:55.180894,ETH-USDT,3653.57,3653.58,1062.0,39.1
2025-07-25T08:39:55.180910,BTC-USDT,115351.8,115351.9,16698.0,1820.0
2025-07-25T08:39:55.183580,LTC-USDT,111.34,111.36,206.0,5.0
2025-07-25T08:39:55.183594,XRP-USDT,3.0806,3.0807,166.0,27.0
2025-07-25T08:39:55.676573,SOL-USDT,177.61,177.62,4.0,1229.0
2025-07-25T08:39:55.676586,ETH-USDT,3653.47,3653.48,1027.0,1242.0
2025-07-25T08:39:55.676593,BTC-USDT,115337.5,115337.6,2155.0,19288.0
2025-07-25T08:39:55.676600,LTC-USDT,111.34,111.37,160.0,4.0
2025-07-25T08:39:55.676606,XRP-USDT,3.0802,3.0803,8.0,154.0
2025-07-25T08:39:56.166088,SOL-USDT,177.61,177.62,4.0,1229.0
2025-07-25T08:39:56.166103,ETH-USDT,3653.47,3653.48,1027.0,1242.0
2025-07-25T08:39:56.166110,BTC-USDT,115337.5,115337.6,2155.0,19288.0
2025-07-25T08:39:56.167583,LTC-USDT,111.34,111.37,160.0,4.0
2025-07-25T08:39:56.167593,XRP-USDT,3.0801,3.0802,33.0,50.0
2025-07-25T08:39:56.655707,SOL-USDT,177.61,177.62,644.0,67.0
2025-07-25T08:39:56.656306,ETH-USDT,3653.21,3653.22,13879.0,2145.0
2025-07-25T08:39:56.656319,BTC-USDT,115337.5,115337.6,6759.0,9116.0
2025-07-25T08:39:56.657887,LTC-USDT,111.34,111.37,162.0,8.0
2025-07-25T08:39:56.657897,XRP-USDT,3.0801,3.0802,33.0,50.0
2025-07-25T08:39:57.190663,SOL-USDT,177.62,177.63,2.0,496.0
2025-07-25T08:39:57.191734,ETH-USDT,3652.87,3652.88,304.0,12205.0
2025-07-25T08:39:57.191745,BTC-USDT,115331.9,115332.0,3739.0,15358.0
2025-07-25T08:39:57.193157,LTC-USDT,111.34,111.36,2.0,1.0
2025-07-25T08:39:57.193167,XRP-USDT,3.08,3.0801,1.0,102.0
2025-07-25T08:39:57.645208,SOL-USDT,177.62,177.63,2.0,496.0
2025-07-25T08:39:57.645219,ETH-USDT,3652.87,3652.88,304.0,12205.0
2025-07-25T08:39:57.645226,BTC-USDT,115331.9,115332.0,3739.0,15358.0
2025-07-25T08:39:57.648214,LTC-USDT,111.34,111.36,2.0,1.0
2025-07-25T08:39:57.648228,XRP-USDT,3.0797,3.0798,38.0,228.0
2025-07-25T08:39:58.186437,SOL-USDT,177.62,177.63,2.0,496.0
2025-07-25T08:39:58.186453,ETH-USDT,3652.87,3652.88,9188.0,15388.0
2025-07-25T08:39:58.186463,BTC-USDT,115324.9,115325.0,77.0,8560.0
2025-07-25T08:39:58.195543,LTC-USDT,111.34,111.36,2.0,23.0
2025-07-25T08:39:58.195557,XRP-USDT,3.0797,3.0798,55.0,4.0
2025-07-25T08:39:58.648834,SOL-USDT,177.61,177.62,335.0,272.0
2025-07-25T08:39:58.648850,ETH-USDT,3652.87,3652.88,15871.0,168.0
2025-07-25T08:39:58.649766,BTC-USDT,115324.9,115325.0,6562.0,1224.0
2025-07-25T08:39:58.651403,LTC-USDT,111.34,111.36,2.0,30.0
2025-07-25T08:39:58.651423,XRP-USDT,3.0797,3.0798,55.0,4.0
2025-07-25T08:39:59.216159,SOL-USDT,177.61,177.62,436.0,34.0
2025-07-25T08:39:59.216173,ETH-USDT,3653.57,3653.58,967.0,0.1
2025-07-25T08:39:59.216181,BTC-USDT,115338.3,115338.4,11091.0,4259.0
2025-07-25T08:39:59.216189,LTC-USDT,111.34,111.36,2.0,30.0
2025-07-25T08:39:59.216195,XRP-USDT,3.0797,3.0798,55.0,4.0
2025-07-25T08:39:59.646420,SOL-USDT,177.61,177.62,436.0,34.0
2025-07-25T08:39:59.646431,ETH-USDT,3653.57,3653.58,967.0,0.1
2025-07-25T08:39:59.646437,BTC-USDT,115338.3,115338.4,11091.0,4259.0
2025-07-25T08:39:59.650178,LTC-USDT,111.34,111.36,2.0,30.0
2025-07-25T08:39:59.650191,XRP-USDT,3.0797,3.0798,112.0,11.0
2025-07-25T08:40:00.179566,SOL-USDT,177.61,177.62,620.0,71.0
2025-07-25T08:40:00.179583,ETH-USDT,3653.22,3653.23,1405.0,30920.0
2025-07-25T08:40:00.180645,BTC-USDT,115338.3,115338.4,11091.0,4259.0
2025-07-25T08:40:00.181858,LTC-USDT,111.34,111.36,2.0,2.0
2025-07-25T08:40:00.181878,XRP-USDT,3.0792,3.0793,1.0,88.0
2025-07-25T08:40:00.665059,SOL-USDT,177.56,177.57,35.0,872.0
2025-07-25T08:40:00.665073,ETH-USDT,3651.94,3651.95,3393.0,40216.0
2025-07-25T08:40:00.665081,BTC-USDT,115299.7,115299.8,961.0,23685.0
2025-07-25T08:40:00.665406,LTC-USDT,111.33,111.34,1.0,60.0
2025-07-25T08:40:00.665416,XRP-USDT,3.0792,3.0793,1.0,88.0
2025-07-25T08:40:01.208679,SOL-USDT,177.56,177.57,35.0,872.0
2025-07-25T08:40:01.208688,ETH-USDT,3652.48,3652.49,9547.0,1485.0
2025-07-25T08:40:01.209538,BTC-USDT,115310.9,115311.0,13398.0,1.0
2025-07-25T08:40:01.210874,LTC-USDT,111.33,111.34,1.0,60.0
2025-07-25T08:40:01.210884,XRP-USDT,3.0785,3.0786,79.0,125.0
2025-07-25T08:40:01.651108,SOL-USDT,177.61,177.62,307.0,326.0
2025-07-25T08:40:01.652954,ETH-USDT,3652.48,3652.49,9547.0,1485.0
2025-07-25T08:40:01.652964,BTC-USDT,115310.9,115311.0,13398.0,1.0
2025-07-25T08:40:01.655882,LTC-USDT,111.3,111.32,2.0,65.0
2025-07-25T08:40:01.655893,XRP-USDT,3.0791,3.0793,14.0,98.0
2025-07-25T08:40:02.213052,SOL-USDT,177.59,177.6,102.0,777.0
2025-07-25T08:40:02.213065,ETH-USDT,3651.57,3651.58,6621.0,28830.0
2025-07-25T08:40:02.213073,BTC-USDT,115310.9,115311.0,13398.0,1.0
2025-07-25T08:40:02.217049,LTC-USDT,111.3,111.32,4.0,20.0
2025-07-25T08:40:02.217060,XRP-USDT,3.0791,3.0792,1.0,298.0
2025-07-25T08:40:02.662913,SOL-USDT,177.59,177.6,102.0,777.0
2025-07-25T08:40:02.662930,ETH-USDT,3651.57,3651.58,1482.0,53357.0
2025-07-25T08:40:02.662938,BTC-USDT,115326.0,115326.1,13061.0,213.0
2025-07-25T08:40:02.662946,LTC-USDT,111.3,111.32,85.0,4.0
2025-07-25T08:40:02.662952,XRP-USDT,3.0791,3.0792,1.0,298.0
2025-07-25T08:40:03.173893,SOL-USDT,177.56,177.57,43.0,257.0
2025-07-25T08:40:03.178552,ETH-USDT,3651.57,3651.58,1482.0,53357.0
2025-07-25T08:40:03.178565,BTC-USDT,115326.0,115326.1,13061.0,213.0
2025-07-25T08:40:03.178572,LTC-USDT,111.3,111.32,85.0,4.0
2025-07-25T08:40:03.178580,XRP-USDT,3.0787,3.0788,1.0,74.0
2025-07-25T08:40:03.648640,SOL-USDT,177.56,177.57,142.0,583.0
2025-07-25T08:40:03.648661,ETH-USDT,3651.57,3651.58,988.6,16877.0
2025-07-25T08:40:03.649544,BTC-USDT,115317.1,115317.2,2337.0,10002.0
2025-07-25T08:40:03.650425,LTC-USDT,111.3,111.32,4.0,67.0
2025-07-25T08:40:03.650441,XRP-USDT,3.0787,3.0788,61.0,88.0
2025-07-25T08:40:04.171456,SOL-USDT,177.54,177.55,179.0,547.0
2025-07-25T08:40:04.171470,ETH-USDT,3651.57,3651.58,988.6,16877.0
2025-07-25T08:40:04.171478,BTC-USDT,115317.1,115317.2,6814.0,16546.0
2025-07-25T08:40:04.173835,LTC-USDT,111.3,111.32,5.0,67.0
2025-07-25T08:40:04.173858,XRP-USDT,3.0786,3.0787,15.0,317.0
2025-07-25T08:40:04.653126,SOL-USDT,177.54,177.55,179.0,547.0
2025-07-25T08:40:04.653138,ETH-USDT,3651.93,3651.94,6210.0,166.0
2025-07-25T08:40:04.653146,BTC-USDT,115317.1,115317.2,6814.0,16546.0
2025-07-25T08:40:04.655183,LTC-USDT,111.3,111.32,5.0,67.0
2025-07-25T08:40:04.655193,XRP-USDT,3.0786,3.0787,15.0,317.0
2025-07-25T08:40:05.215252,SOL-USDT,177.56,177.57,947.0,20.0
2025-07-25T08:40:05.215274,ETH-USDT,3651.93,3651.94,6210.0,166.0
2025-07-25T08:40:05.215285,BTC-USDT,115317.1,115317.2,6814.0,16546.0
2025-07-25T08:40:05.215295,LTC-USDT,111.3,111.32,70.0,32.0
2025-07-25T08:40:05.215305,XRP-USDT,3.0786,3.0787,15.0,317.0
2025-07-25T08:40:05.668926,SOL-USDT,177.56,177.57,823.0,298.0
2025-07-25T08:40:05.669908,ETH-USDT,3651.94,3651.95,23121.0,37977.0
2025-07-25T08:40:05.669919,BTC-USDT,115317.1,115317.2,8775.0,3160.0
2025-07-25T08:40:05.673353,LTC-USDT,111.3,111.32,85.0,2.0
2025-07-25T08:40:05.673745,XRP-USDT,3.0786,3.0787,66.0,36.0
2025-07-25T08:40:06.179207,SOL-USDT,177.57,177.58,54.0,920.0
2025-07-25T08:40:06.179217,ETH-USDT,3651.94,3651.95,23121.0,37977.0
2025-07-25T08:40:06.179223,BTC-USDT,115317.1,115317.2,6708.0,2070.0
2025-07-25T08:40:06.181612,LTC-USDT,111.3,111.33,127.0,4.0
2025-07-25T08:40:06.181624,XRP-USDT,3.0786,3.0787,66.0,36.0
2025-07-25T08:40:06.667352,SOL-USDT,177.57,177.58,54.0,920.0
2025-07-25T08:40:06.667370,ETH-USDT,3651.94,3651.95,23121.0,37977.0
2025-07-25T08:40:06.667378,BTC-USDT,115317.1,115317.2,6708.0,2070.0
2025-07-25T08:40:06.667385,LTC-USDT,111.3,111.33,127.0,4.0
2025-07-25T08:40:06.667393,XRP-USDT,3.0786,3.0787,23.68,81.0
2025-07-25T08:40:07.208464,SOL-USDT,177.57,177.58,34.29,920.0
2025-07-25T08:40:07.208481,ETH-USDT,3651.94,3651.95,14639.0,47030.0
2025-07-25T08:40:07.208488,BTC-USDT,115317.7,115317.8,9009.0,1532.0
2025-07-25T08:40:07.209816,LTC-USDT,111.3,111.33,131.0,2.0
2025-07-25T08:40:07.209830,XRP-USDT,3.0786,3.0787,25.68,74.0
2025-07-25T08:40:07.653386,SOL-USDT,177.57,177.58,48.0,533.0
2025-07-25T08:40:07.654065,ETH-USDT,3651.94,3651.95,6852.0,40115.0
2025-07-25T08:40:07.654080,BTC-USDT,115317.7,115317.8,13592.0,5721.0
2025-07-25T08:40:07.662426,LTC-USDT,111.31,111.33,116.0,2.0
2025-07-25T08:40:07.662438,XRP-USDT,3.0786,3.0787,25.68,74.0
2025-07-25T08:40:08.231319,SOL-USDT,177.57,177.58,48.0,533.0
2025-07-25T08:40:08.231333,ETH-USDT,3651.94,3651.95,6852.0,40115.0
2025-07-25T08:40:08.231341,BTC-USDT,115317.7,115317.8,16658.0,4722.0
2025-07-25T08:40:08.234912,LTC-USDT,111.32,111.33,210.0,1.0
2025-07-25T08:40:08.234926,XRP-USDT,3.0786,3.0787,25.68,74.0
2025-07-25T08:40:08.657964,SOL-USDT,177.56,177.57,45.0,961.0
2025-07-25T08:40:08.657980,ETH-USDT,3651.94,3651.95,6852.0,40115.0
2025-07-25T08:40:08.657991,BTC-USDT,115317.7,115317.8,16658.0,4722.0
2025-07-25T08:40:08.657999,LTC-USDT,111.32,111.33,210.0,1.0
2025-07-25T08:40:08.658009,XRP-USDT,3.0786,3.0787,11.68,155.0
2025-07-25T08:40:09.162327,SOL-USDT,177.56,177.57,45.0,961.0
2025-07-25T08:40:09.162341,ETH-USDT,3651.94,3651.95,7616.0,31428.0
2025-07-25T08:40:09.168525,BTC-USDT,115322.3,115322.4,13516.0,1457.0
2025-07-25T08:40:09.168539,LTC-USDT,111.34,111.35,211.0,1.0
2025-07-25T08:40:09.168547,XRP-USDT,3.0786,3.0787,11.68,155.0
2025-07-25T08:40:09.664654,SOL-USDT,177.56,177.57,488.0,27.0
2025-07-25T08:40:09.664669,ETH-USDT,3651.94,3651.95,15623.0,29028.0
2025-07-25T08:40:09.668131,BTC-USDT,115322.3,115322.4,10699.0,3323.0
2025-07-25T08:40:09.668144,LTC-USDT,111.33,111.36,224.0,5.0
2025-07-25T08:40:09.668151,XRP-USDT,3.0786,3.0787,76.68,89.0
2025-07-25T08:40:10.167728,SOL-USDT,177.56,177.57,488.0,27.0
2025-07-25T08:40:10.167744,ETH-USDT,3651.94,3651.95,15623.0,29028.0
2025-07-25T08:40:10.167753,BTC-USDT,115322.3,115322.4,10699.0,3323.0
2025-07-25T08:40:10.168958,LTC-USDT,111.33,111.36,224.0,5.0
2025-07-25T08:40:10.168969,XRP-USDT,3.0786,3.0787,76.68,89.0
2025-07-25T08:40:10.658574,SOL-USDT,177.56,177.57,43.0,355.0
2025-07-25T08:40:10.658591,ETH-USDT,3651.94,3651.95,15623.0,29028.0
2025-07-25T08:40:10.658602,BTC-USDT,115322.3,115322.4,5402.0,6270.0
2025-07-25T08:40:10.664736,LTC-USDT,111.33,111.36,227.0,5.0
2025-07-25T08:40:10.665192,XRP-USDT,3.0786,3.0787,76.68,89.0
2025-07-25T08:40:11.194451,SOL-USDT,177.56,177.57,302.0,266.0
2025-07-25T08:40:11.194469,ETH-USDT,3651.94,3651.95,12436.0,45547.0
2025-07-25T08:40:11.194476,BTC-USDT,115322.3,115322.4,4486.0,4905.0
2025-07-25T08:40:11.194483,LTC-USDT,111.34,111.36,100.0,5.0
2025-07-25T08:40:11.194490,XRP-USDT,3.0786,3.0787,13.68,67.0
2025-07-25T08:40:11.649443,SOL-USDT,177.56,177.57,302.0,266.0
2025-07-25T08:40:11.649461,ETH-USDT,3651.94,3651.95,3998.0,38946.0
2025-07-25T08:40:11.651026,BTC-USDT,115306.7,115306.8,5696.0,5394.7
2025-07-25T08:40:11.652749,LTC-USDT,111.34,111.37,51.0,17.0
2025-07-25T08:40:11.652766,XRP-USDT,3.0786,3.0787,146.68,53.0
2025-07-25T08:40:12.154297,SOL-USDT,177.56,177.57,302.0,266.0
2025-07-25T08:40:12.154308,ETH-USDT,3651.94,3651.95,3998.0,38946.0
2025-07-25T08:40:12.155118,BTC-USDT,115306.7,115306.8,5696.0,5394.7
2025-07-25T08:40:12.156962,LTC-USDT,111.34,111.37,51.0,17.0
2025-07-25T08:40:12.156973,XRP-USDT,3.0786,3.0787,146.68,53.0
2025-07-25T08:40:12.647121,SOL-USDT,177.53,177.54,38.0,410.0
2025-07-25T08:40:12.647138,ETH-USDT,3651.58,3651.59,2410.0,38958.0
2025-07-25T08:40:12.647146,BTC-USDT,115289.9,115290.0,422.0,24517.0
2025-07-25T08:40:12.648753,LTC-USDT,111.32,111.34,24.0,25.0
2025-07-25T08:40:12.648765,XRP-USDT,3.0786,3.0787,2.68,244.0
2025-07-25T08:40:13.228520,SOL-USDT,177.52,177.53,523.0,102.0
2025-07-25T08:40:13.228538,ETH-USDT,3651.17,3651.18,4235.0,38472.0
2025-07-25T08:40:13.228546,BTC-USDT,115289.9,115290.0,7152.0,3346.0
2025-07-25T08:40:13.228553,LTC-USDT,111.32,111.34,28.0,25.0
2025-07-25T08:40:13.228560,XRP-USDT,3.0778,3.0779,87.0,10.0
2025-07-25T08:40:13.649679,SOL-USDT,177.52,177.53,523.0,102.0
2025-07-25T08:40:13.649691,ETH-USDT,3651.17,3651.18,4235.0,38472.0
2025-07-25T08:40:13.649697,BTC-USDT,115289.9,115290.0,7152.0,3346.0
2025-07-25T08:40:13.657186,LTC-USDT,111.32,111.34,28.0,25.0
2025-07-25T08:40:13.657200,XRP-USDT,3.0778,3.0779,87.0,10.0
2025-07-25T08:40:14.186699,SOL-USDT,177.52,177.53,523.0,102.0
2025-07-25T08:40:14.186711,ETH-USDT,3651.17,3651.18,15619.0,6662.0
2025-07-25T08:40:14.186718,BTC-USDT,115289.9,115290.0,7152.0,3346.0
2025-07-25T08:40:14.191507,LTC-USDT,111.32,111.34,24.0,100.0
2025-07-25T08:40:14.191518,XRP-USDT,3.0781,3.0782,86.0,24.0
2025-07-25T08:40:14.658504,SOL-USDT,177.56,177.57,672.0,44.0
2025-07-25T08:40:14.658516,ETH-USDT,3651.56,3651.57,14034.0,2722.0
2025-07-25T08:40:14.658523,BTC-USDT,115289.9,115290.0,5709.0,3991.0
2025-07-25T08:40:14.660379,LTC-USDT,111.32,111.34,27.0,40.0
2025-07-25T08:40:14.660388,XRP-USDT,3.0781,3.0782,24.0,82.0
2025-07-25T08:40:15.200487,SOL-USDT,177.56,177.57,672.0,44.0
2025-07-25T08:40:15.200502,ETH-USDT,3651.56,3651.57,14034.0,2722.0
2025-07-25T08:40:15.203628,BTC-USDT,115289.9,115290.0,5709.0,3991.0
2025-07-25T08:40:15.203642,LTC-USDT,111.32,111.34,27.0,40.0
2025-07-25T08:40:15.203649,XRP-USDT,3.0782,3.0783,119.0,62.0
2025-07-25T08:40:15.647570,SOL-USDT,177.56,177.57,628.0,88.0
2025-07-25T08:40:15.647585,ETH-USDT,3651.94,3651.95,16697.0,29895.0
2025-07-25T08:40:15.647592,BTC-USDT,115289.9,115290.0,9425.0,1881.0
2025-07-25T08:40:15.648367,LTC-USDT,111.33,111.36,41.0,26.0
2025-07-25T08:40:15.648378,XRP-USDT,3.0782,3.0783,119.0,62.0
2025-07-25T08:40:16.170770,SOL-USDT,177.56,177.57,312.0,222.0
2025-07-25T08:40:16.170816,ETH-USDT,3651.94,3651.95,16697.0,29895.0
2025-07-25T08:40:16.170826,BTC-USDT,115289.9,115290.0,3171.0,5690.0
2025-07-25T08:40:16.170836,LTC-USDT,111.33,111.36,41.0,30.0
2025-07-25T08:40:16.170845,XRP-USDT,3.0785,3.0786,122.0,66.0
2025-07-25T08:40:16.650538,SOL-USDT,177.56,177.57,312.0,222.0
2025-07-25T08:40:16.650550,ETH-USDT,3651.94,3651.95,16697.0,29895.0
2025-07-25T08:40:16.650557,BTC-USDT,115289.9,115290.0,3171.0,5690.0
2025-07-25T08:40:16.652271,LTC-USDT,111.33,111.36,41.0,30.0
2025-07-25T08:40:16.652281,XRP-USDT,3.0785,3.0786,55.0,69.0
2025-07-25T08:40:17.234516,SOL-USDT,177.6,177.61,902.0,8.0
2025-07-25T08:40:17.234528,ETH-USDT,3652.65,3652.66,37889.0,344.0
2025-07-25T08:40:17.234537,BTC-USDT,115289.9,115290.0,3171.0,5677.8
2025-07-25T08:40:17.234544,LTC-USDT,111.33,111.36,17.0,42.0
2025-07-25T08:40:17.234551,XRP-USDT,3.0785,3.0786,203.0,18.0
2025-07-25T08:40:17.655411,SOL-USDT,177.6,177.61,1074.0,109.0
2025-07-25T08:40:17.655425,ETH-USDT,3652.65,3652.66,2978.0,9091.0
2025-07-25T08:40:17.655433,BTC-USDT,115289.9,115290.0,7394.0,2232.0
2025-07-25T08:40:17.657526,LTC-USDT,111.33,111.35,3.0,7.0
2025-07-25T08:40:17.657538,XRP-USDT,3.0785,3.0786,203.0,18.0
2025-07-25T08:40:18.181973,SOL-USDT,177.6,177.61,1074.0,109.0
2025-07-25T08:40:18.181988,ETH-USDT,3653.46,3653.47,45136.0,10012.0
2025-07-25T08:40:18.181997,BTC-USDT,115289.9,115290.0,8087.0,252.0
2025-07-25T08:40:18.184328,LTC-USDT,111.33,111.35,3.0,7.0
2025-07-25T08:40:18.184338,XRP-USDT,3.0785,3.0786,203.0,18.0
2025-07-25T08:40:18.646556,SOL-USDT,177.62,177.63,309.0,3.0
2025-07-25T08:40:18.646571,ETH-USDT,3653.46,3653.47,45136.0,10012.0
2025-07-25T08:40:18.646579,BTC-USDT,115289.9,115290.0,8087.0,252.0
2025-07-25T08:40:18.649404,LTC-USDT,111.33,111.35,231.0,1.0
2025-07-25T08:40:18.649423,XRP-USDT,3.0787,3.0788,223.0,20.0
2025-07-25T08:40:19.159097,SOL-USDT,177.63,177.64,198.0,248.0
2025-07-25T08:40:19.159109,ETH-USDT,3653.57,3653.58,1030.0,0.1
2025-07-25T08:40:19.159897,BTC-USDT,115289.9,115290.0,8947.0,223.0
2025-07-25T08:40:19.161990,LTC-USDT,111.36,111.37,147.0,4.0
2025-07-25T08:40:19.162001,XRP-USDT,3.0793,3.0794,75.0,32.0
2025-07-25T08:40:19.659411,SOL-USDT,177.63,177.64,198.0,248.0
2025-07-25T08:40:19.659423,ETH-USDT,3653.57,3653.58,820.0,44.1
2025-07-25T08:40:19.659430,BTC-USDT,115289.9,115290.0,8947.0,223.0
2025-07-25T08:40:19.661344,LTC-USDT,111.35,111.37,25.0,4.0
2025-07-25T08:40:19.661353,XRP-USDT,3.0789,3.079,55.0,29.0
2025-07-25T08:40:20.168580,SOL-USDT,177.6,177.61,37.0,1263.0
