timestamp,symbol,bid,ask,bid_vol,ask_vol
2025-07-25T08:16:28.594538,1INCH-USDT,0.2727,0.2728,3965.0,2.0
2025-07-25T08:16:28.594597,ACE-USDT,0.5612,0.5614,27.0,2.0
2025-07-25T08:16:28.594628,AAVE-USDT,286.86,286.88,8.0,209.0
2025-07-25T08:16:28.594668,A-USDT,0.55861,0.5587,191.0,448.0
2025-07-25T08:16:28.594702,AERO-USDT,0.8756,0.8758,1591.0,11.0
2025-07-25T08:16:28.594728,1INCH-USDT,0.2727,0.2728,3969.0,2.0
2025-07-25T08:16:28.594751,ACE-USDT,0.5612,0.5614,5.0,1.0
2025-07-25T08:16:28.594773,AAVE-USDT,286.86,286.88,12.0,92.0
2025-07-25T08:16:28.596391,A-USDT,0.55861,0.5587,191.0,448.0
2025-07-25T08:16:28.596430,ACH-USDT,0.02159,0.02161,4565.0,9.0
2025-07-25T08:16:28.596460,AERGO-USDT,0.13066,0.13069,79.0,673.0
2025-07-25T08:16:28.596494,ADA-USDT,0.7971,0.7973,467.0,447.0
2025-07-25T08:16:28.596527,ACT-USDT,0.04398,0.04399,504.0,5.0
2025-07-25T08:16:28.596559,AI16Z-USDT,0.1462,0.1464,37770.0,18592.0
2025-07-25T08:16:28.596587,AGLD-USDT,0.7676,0.7679,747.0,8.0
2025-07-25T08:16:28.596619,AERO-USDT,0.8756,0.8758,1591.0,11.0
2025-07-25T08:16:28.596650,AGT-USDT,0.005601,0.005605,5.0,1337.0
2025-07-25T08:16:28.596680,1INCH-USDT,0.2727,0.2728,4379.0,2.0
2025-07-25T08:16:28.596705,AEVO-USDT,0.10434,0.1044,1626.0,780.0
2025-07-25T08:16:28.596737,ACE-USDT,0.561,0.5614,53.0,1.0
2025-07-25T08:16:28.596768,AAVE-USDT,286.86,286.88,12.0,90.0
2025-07-25T08:16:28.596810,A-USDT,0.55861,0.5587,3.0,448.0
2025-07-25T08:16:28.596832,ACH-USDT,0.02159,0.02161,4197.0,6669.0
2025-07-25T08:16:28.596851,AI-USDT,0.13082,0.13084,108.0,2.0
2025-07-25T08:16:28.596873,AERGO-USDT,0.13066,0.13069,78.0,673.0
2025-07-25T08:16:28.596901,ADA-USDT,0.7971,0.7973,472.0,445.0
2025-07-25T08:16:28.596932,ACT-USDT,0.04398,0.04399,503.0,5.0
2025-07-25T08:16:28.596961,ALGO-USDT,0.2573,0.2574,1072.0,3.0
2025-07-25T08:16:28.596995,AI16Z-USDT,0.1462,0.1464,37770.0,18592.0
2025-07-25T08:16:28.597021,AGLD-USDT,0.7676,0.7679,750.0,8.0
2025-07-25T08:16:28.597046,AERO-USDT,0.8756,0.8758,1499.0,14.0
2025-07-25T08:16:28.597069,ALCH-USDT,0.13759,0.13764,56.0,86.0
2025-07-25T08:16:28.597095,AGT-USDT,0.005601,0.005605,5.0,1337.0
2025-07-25T08:16:28.597125,1INCH-USDT,0.2727,0.2728,4380.0,2.0
2025-07-25T08:16:28.597155,AEVO-USDT,0.10433,0.1044,493.0,780.0
2025-07-25T08:16:28.597190,ACE-USDT,0.561,0.5614,52.0,1.0
2025-07-25T08:16:28.597219,AIN-USDT,0.15324,0.15328,37.0,13.0
2025-07-25T08:16:28.597249,AAVE-USDT,286.86,286.88,12.0,90.0
2025-07-25T08:16:28.597275,A-USDT,0.55861,0.5587,3.0,448.0
2025-07-25T08:16:28.597304,ACH-USDT,0.02159,0.02161,4197.0,6669.0
2025-07-25T08:16:28.597334,AIXBT-USDT,0.13939,0.13941,3.0,52.0
2025-07-25T08:16:28.597366,AI-USDT,0.13082,0.13084,108.0,2.0
2025-07-25T08:16:28.597388,ALT-USDT,0.03339,0.03341,16378.0,70338.0
2025-07-25T08:16:28.597409,AERGO-USDT,0.13066,0.13069,78.0,673.0
2025-07-25T08:16:28.597428,ADA-USDT,0.7971,0.7973,472.0,544.0
2025-07-25T08:16:28.597446,ACT-USDT,0.04398,0.04399,503.0,5.0
2025-07-25T08:16:29.077541,ALGO-USDT,0.2573,0.2574,1071.0,3.0
2025-07-25T08:16:29.077580,AI16Z-USDT,0.1462,0.1464,37768.0,18592.0
2025-07-25T08:16:29.077608,AGLD-USDT,0.7676,0.7679,750.0,8.0
2025-07-25T08:16:29.077634,AERO-USDT,0.8752,0.8754,2.0,124.0
2025-07-25T08:16:29.077657,ALCH-USDT,0.13761,0.13764,9.0,36.0
2025-07-25T08:16:29.077679,AGT-USDT,0.005601,0.005605,224.0,786.0
2025-07-25T08:16:29.077711,1INCH-USDT,0.2727,0.2728,3967.0,2.0
2025-07-25T08:16:29.077744,AEVO-USDT,0.10433,0.1044,493.0,780.0
2025-07-25T08:16:29.077776,ACE-USDT,0.561,0.5614,55.0,1.0
2025-07-25T08:16:29.077827,ANIME-USDT,0.01859,0.01861,17819.0,67541.0
2025-07-25T08:16:29.089617,AIN-USDT,0.15324,0.15328,47.0,16.0
2025-07-25T08:16:29.089658,AAVE-USDT,286.86,286.88,12.0,221.0
2025-07-25T08:16:29.089686,A-USDT,0.55861,0.55867,183.0,138.0
2025-07-25T08:16:29.089712,ACH-USDT,0.02159,0.02161,4197.0,6669.0
2025-07-25T08:16:29.089743,AIXBT-USDT,0.13938,0.13941,135.0,52.0
2025-07-25T08:16:29.089776,AI-USDT,0.13082,0.13084,107.0,2.0
2025-07-25T08:16:29.089827,ALT-USDT,0.03339,0.03341,16378.0,70338.0
2025-07-25T08:16:29.089858,AERGO-USDT,0.13066,0.13069,78.0,673.0
2025-07-25T08:16:29.089883,ADA-USDT,0.7971,0.7973,471.0,546.0
2025-07-25T08:16:29.089908,ACT-USDT,0.04398,0.04399,503.0,5.0
2025-07-25T08:16:29.542088,ALGO-USDT,0.2573,0.2574,1071.0,3.0
2025-07-25T08:16:29.544292,AI16Z-USDT,0.1462,0.1464,37768.0,18592.0
2025-07-25T08:16:29.548873,AGLD-USDT,0.7676,0.7678,560.0,11.0
2025-07-25T08:16:29.548915,AERO-USDT,0.8752,0.8755,790.0,124.0
2025-07-25T08:16:29.550967,ALCH-USDT,0.13761,0.13764,9.0,36.0
2025-07-25T08:16:29.551294,AGT-USDT,0.005601,0.005605,224.0,786.0
2025-07-25T08:16:29.551340,1INCH-USDT,0.2727,0.2728,3967.0,2.0
2025-07-25T08:16:29.552614,AEVO-USDT,0.10434,0.1044,488.0,2.0
2025-07-25T08:16:29.553082,ACE-USDT,0.561,0.5614,52.0,1.0
2025-07-25T08:16:29.554009,ANIME-USDT,0.01859,0.01861,17818.0,67542.0
2025-07-25T08:16:29.564343,AIN-USDT,0.15324,0.15328,43.0,23.0
2025-07-25T08:16:29.564371,AAVE-USDT,286.86,286.88,12.0,209.0
2025-07-25T08:16:29.564403,A-USDT,0.55861,0.55867,183.0,138.0
2025-07-25T08:16:29.564434,ACH-USDT,0.02159,0.02161,4237.0,5.0
2025-07-25T08:16:29.564465,AIXBT-USDT,0.13938,0.13942,146.0,486.0
2025-07-25T08:16:29.566565,AI-USDT,0.13082,0.13084,107.0,2.0
2025-07-25T08:16:29.566605,ALT-USDT,0.03339,0.03341,16381.0,70337.0
2025-07-25T08:16:29.566630,AERGO-USDT,0.13066,0.13069,78.0,673.0
2025-07-25T08:16:29.566649,ADA-USDT,0.7971,0.7973,471.0,546.0
2025-07-25T08:16:29.566667,ACT-USDT,0.04398,0.04399,584.0,5.0
2025-07-25T08:16:30.047635,ALGO-USDT,0.2572,0.2574,1634.0,3.0
2025-07-25T08:16:30.049816,AI16Z-USDT,0.1462,0.1464,37768.0,18592.0
2025-07-25T08:16:30.053296,AGLD-USDT,0.7676,0.7678,556.0,11.0
2025-07-25T08:16:30.053930,AERO-USDT,0.8753,0.8756,1096.0,60.0
2025-07-25T08:16:30.055236,ALCH-USDT,0.13761,0.13764,9.0,36.0
2025-07-25T08:16:30.056611,AGT-USDT,0.0056,0.005603,4.0,970.0
2025-07-25T08:16:30.056810,1INCH-USDT,0.2727,0.2728,4380.0,2.0
2025-07-25T08:16:30.057888,AEVO-USDT,0.10435,0.1044,726.0,2.0
2025-07-25T08:16:30.059741,ACE-USDT,0.561,0.5614,52.0,1.0
2025-07-25T08:16:30.059795,ANIME-USDT,0.01859,0.01861,17818.0,67542.0
2025-07-25T08:16:30.061469,AIN-USDT,0.15324,0.15327,5.0,237.0
2025-07-25T08:16:30.062952,AAVE-USDT,286.86,286.88,12.0,209.0
2025-07-25T08:16:30.065038,A-USDT,0.55861,0.55867,183.0,11.0
2025-07-25T08:16:30.069494,ACH-USDT,0.02159,0.02161,4237.0,5.0
2025-07-25T08:16:30.077429,AIXBT-USDT,0.13938,0.13942,146.0,486.0
2025-07-25T08:16:30.077482,AI-USDT,0.13083,0.13084,109.0,2.0
2025-07-25T08:16:30.077515,ALT-USDT,0.03339,0.03341,6.0,103830.0
2025-07-25T08:16:30.077546,AERGO-USDT,0.13066,0.13069,78.0,673.0
2025-07-25T08:16:30.077578,ADA-USDT,0.7973,0.7974,1321.0,460.0
2025-07-25T08:16:30.077612,ACT-USDT,0.04398,0.04399,584.0,5.0
2025-07-25T08:16:30.525973,ALGO-USDT,0.2574,0.2575,797.0,5.0
2025-07-25T08:16:30.526253,AI16Z-USDT,0.1462,0.1464,48321.0,17887.0
2025-07-25T08:16:30.528752,AGLD-USDT,0.768,0.7686,179.0,232.0
2025-07-25T08:16:30.528808,AERO-USDT,0.8754,0.8757,939.0,69.0
2025-07-25T08:16:30.529707,ALCH-USDT,0.13761,0.13764,9.0,36.0
2025-07-25T08:16:30.530766,AGT-USDT,0.0056,0.005603,4.0,970.0
2025-07-25T08:16:30.530830,1INCH-USDT,0.2727,0.2728,4391.0,2.0
2025-07-25T08:16:30.531849,AEVO-USDT,0.10439,0.10441,1125.0,3.0
2025-07-25T08:16:30.532248,ACE-USDT,0.5612,0.5614,45.0,1.0
2025-07-25T08:16:30.532286,ANIME-USDT,0.01859,0.01861,28818.0,67555.0
2025-07-25T08:16:30.534130,AIN-USDT,0.15324,0.15327,5.0,16.0
2025-07-25T08:16:30.535488,AAVE-USDT,286.86,286.88,12.0,209.0
2025-07-25T08:16:30.536847,A-USDT,0.55861,0.55867,183.0,11.0
2025-07-25T08:16:30.539234,ACH-USDT,0.02159,0.02161,4453.0,5221.0
2025-07-25T08:16:30.539272,AIXBT-USDT,0.13945,0.13946,272.0,894.0
2025-07-25T08:16:30.540992,AI-USDT,0.13083,0.13087,3.0,1201.0
2025-07-25T08:16:30.541030,ALT-USDT,0.03339,0.0334,56899.0,4.0
2025-07-25T08:16:30.542323,AERGO-USDT,0.13066,0.13069,78.0,672.0
2025-07-25T08:16:30.542368,ADA-USDT,0.7974,0.7975,1160.0,3.0
2025-07-25T08:16:30.542402,ACT-USDT,0.04398,0.04399,584.0,5.0
2025-07-25T08:16:31.047834,ALGO-USDT,0.2574,0.2575,800.0,5.0
2025-07-25T08:16:31.049779,AI16Z-USDT,0.1462,0.1464,48321.0,17887.0
2025-07-25T08:16:31.055826,AGLD-USDT,0.768,0.7686,17.0,3.0
2025-07-25T08:16:31.056598,AERO-USDT,0.8756,0.8758,152.0,23.0
2025-07-25T08:16:31.058511,ALCH-USDT,0.13761,0.13764,9.0,36.0
2025-07-25T08:16:31.063590,AGT-USDT,0.005599,0.005603,139.0,3.0
2025-07-25T08:16:31.063634,1INCH-USDT,0.2728,0.273,3586.0,7202.0
2025-07-25T08:16:31.063660,AEVO-USDT,0.10442,0.10446,1646.0,301.0
2025-07-25T08:16:31.063989,ACE-USDT,0.5612,0.5614,1.0,1.0
2025-07-25T08:16:31.064725,ANIME-USDT,0.01859,0.01861,28818.0,67555.0
2025-07-25T08:16:31.067023,AIN-USDT,0.15324,0.15328,42.0,7.0
2025-07-25T08:16:31.069486,AAVE-USDT,286.89,286.91,182.0,1.0
2025-07-25T08:16:31.072537,A-USDT,0.55868,0.55872,178.0,55.0
2025-07-25T08:16:31.077426,ACH-USDT,0.0216,0.02161,3048.0,5.0
2025-07-25T08:16:31.078087,AIXBT-USDT,0.13948,0.13949,159.0,769.0
2025-07-25T08:16:31.082068,AI-USDT,0.13089,0.13094,106.0,2548.0
2025-07-25T08:16:31.082469,ALT-USDT,0.0334,0.03341,45527.0,4.0
2025-07-25T08:16:31.087234,AERGO-USDT,0.13067,0.13069,2912.0,4.0
2025-07-25T08:16:31.087284,ADA-USDT,0.7974,0.7975,1070.0,3.0
2025-07-25T08:16:31.087322,ACT-USDT,0.04403,0.04404,950.0,5.0
2025-07-25T08:16:31.537083,ALGO-USDT,0.2574,0.2575,800.0,5.0
2025-07-25T08:16:31.539019,AI16Z-USDT,0.1463,0.1464,21487.0,3.0
2025-07-25T08:16:31.542180,AGLD-USDT,0.768,0.7686,15.0,3.0
2025-07-25T08:16:31.542209,AERO-USDT,0.8756,0.8758,879.0,4.0
2025-07-25T08:16:31.542926,ALCH-USDT,0.13761,0.13764,9.0,36.0
2025-07-25T08:16:31.544101,AGT-USDT,0.005599,0.005603,139.0,3.0
2025-07-25T08:16:31.544141,1INCH-USDT,0.2728,0.273,3173.0,8320.0
2025-07-25T08:16:31.545351,AEVO-USDT,0.10442,0.10446,1646.0,301.0
2025-07-25T08:16:31.545390,ACE-USDT,0.5611,0.5614,179.0,1.0
2025-07-25T08:16:31.546296,ANIME-USDT,0.0186,0.01861,15610.0,66406.0
2025-07-25T08:16:31.547547,AIN-USDT,0.15324,0.15328,5.0,23.0
2025-07-25T08:16:31.549695,AAVE-USDT,286.94,286.95,31.0,71.0
2025-07-25T08:16:31.550447,A-USDT,0.55868,0.55872,178.0,55.0
2025-07-25T08:16:31.552827,ACH-USDT,0.0216,0.02161,2905.0,5.0
2025-07-25T08:16:31.553045,AIXBT-USDT,0.13948,0.13949,159.0,769.0
2025-07-25T08:16:31.555428,AI-USDT,0.13092,0.13094,568.0,2548.0
2025-07-25T08:16:31.555729,ALT-USDT,0.0334,0.03341,45527.0,4.0
2025-07-25T08:16:31.556646,AERGO-USDT,0.13068,0.13069,2837.0,4.0
2025-07-25T08:16:31.556693,ADA-USDT,0.7975,0.7976,1071.0,210.0
2025-07-25T08:16:31.556749,ACT-USDT,0.04403,0.04404,952.0,5.0
2025-07-25T08:16:32.067686,ALGO-USDT,0.2574,0.2576,3.0,647.0
2025-07-25T08:16:32.068732,AI16Z-USDT,0.1463,0.1464,21492.0,3.0
2025-07-25T08:16:32.072540,AGLD-USDT,0.768,0.7686,15.0,3.0
2025-07-25T08:16:32.072600,AERO-USDT,0.8756,0.8758,879.0,4.0
2025-07-25T08:16:32.072924,ALCH-USDT,0.13762,0.13764,84.0,28.0
2025-07-25T08:16:32.073553,AGT-USDT,0.0056,0.005603,489.0,3.0
2025-07-25T08:16:32.074633,1INCH-USDT,0.2728,0.273,3173.0,8320.0
2025-07-25T08:16:32.075618,AEVO-USDT,0.10443,0.10446,925.0,305.0
2025-07-25T08:16:32.075660,ACE-USDT,0.5611,0.5614,58.0,1.0
2025-07-25T08:16:32.075684,ANIME-USDT,0.0186,0.01861,21216.0,66406.0
2025-07-25T08:16:32.077274,AIN-USDT,0.15324,0.15327,5.0,16.0
2025-07-25T08:16:32.078411,AAVE-USDT,286.94,286.95,31.0,54.0
2025-07-25T08:16:32.079639,A-USDT,0.55879,0.5588,331.0,225.0
2025-07-25T08:16:32.081508,ACH-USDT,0.0216,0.02161,2905.0,5.0
2025-07-25T08:16:32.081953,AIXBT-USDT,0.13949,0.1395,163.0,500.0
2025-07-25T08:16:32.084051,AI-USDT,0.13092,0.13094,568.0,2548.0
2025-07-25T08:16:32.084341,ALT-USDT,0.03339,0.03341,5353.0,4.0
2025-07-25T08:16:32.085378,AERGO-USDT,0.13069,0.13075,2837.0,132.0
2025-07-25T08:16:32.085415,ADA-USDT,0.7975,0.7976,1071.0,210.0
2025-07-25T08:16:32.085443,ACT-USDT,0.04403,0.04406,952.0,727.0
2025-07-25T08:16:32.545170,ALGO-USDT,0.2573,0.2576,3.0,588.0
2025-07-25T08:16:32.545216,AI16Z-USDT,0.1463,0.1464,21492.0,3.0
2025-07-25T08:16:32.545760,AGLD-USDT,0.7683,0.7686,2.0,3.0
2025-07-25T08:16:32.545821,AERO-USDT,0.8756,0.8758,274.0,4.0
2025-07-25T08:16:32.552013,ALCH-USDT,0.13762,0.13764,84.0,28.0
2025-07-25T08:16:32.552083,AGT-USDT,0.0056,0.005603,489.0,3.0
2025-07-25T08:16:32.552132,1INCH-USDT,0.2728,0.273,3172.0,8320.0
2025-07-25T08:16:32.552173,AEVO-USDT,0.10443,0.10446,2.0,2.0
2025-07-25T08:16:32.552215,ACE-USDT,0.5611,0.5614,58.0,1.0
2025-07-25T08:16:32.552261,ANIME-USDT,0.0186,0.01861,21216.0,66406.0
2025-07-25T08:16:32.552298,AIN-USDT,0.15321,0.15322,99.0,20.0
2025-07-25T08:16:32.553499,AAVE-USDT,286.94,286.95,31.0,54.0
2025-07-25T08:16:32.555593,A-USDT,0.55879,0.5588,331.0,225.0
2025-07-25T08:16:32.558390,ACH-USDT,0.0216,0.02161,2907.0,5.0
2025-07-25T08:16:32.558459,AIXBT-USDT,0.13949,0.1395,163.0,500.0
2025-07-25T08:16:32.558996,AI-USDT,0.13092,0.13094,571.0,2548.0
2025-07-25T08:16:32.559349,ALT-USDT,0.03339,0.03341,56378.0,102623.0
2025-07-25T08:16:32.559443,AERGO-USDT,0.13069,0.13074,2882.0,127.0
2025-07-25T08:16:32.559517,ADA-USDT,0.7975,0.7976,429.0,210.0
2025-07-25T08:16:32.559578,ACT-USDT,0.04403,0.04406,952.0,727.0
2025-07-25T08:16:33.056192,ALGO-USDT,0.2574,0.2576,5.0,1052.0
2025-07-25T08:16:33.058454,AI16Z-USDT,0.1463,0.1464,21811.0,3.0
2025-07-25T08:16:33.062586,AGLD-USDT,0.7683,0.7686,2.0,3.0
2025-07-25T08:16:33.062626,AERO-USDT,0.8756,0.8758,52.0,916.0
2025-07-25T08:16:33.066301,ALCH-USDT,0.13762,0.13764,84.0,28.0
2025-07-25T08:16:33.066337,AGT-USDT,0.0056,0.005603,489.0,3.0
2025-07-25T08:16:33.066368,1INCH-USDT,0.2728,0.273,3.0,8158.0
2025-07-25T08:16:33.075074,AEVO-USDT,0.10439,0.10442,1141.0,170.0
2025-07-25T08:16:33.075113,ACE-USDT,0.5611,0.5614,22.0,1.0
2025-07-25T08:16:33.075142,ANIME-USDT,0.0186,0.01861,21219.0,66404.0
2025-07-25T08:16:33.075168,AIN-USDT,0.15314,0.15321,132.0,75.0
2025-07-25T08:16:33.075199,AAVE-USDT,286.89,286.91,4.0,173.0
2025-07-25T08:16:33.075230,A-USDT,0.55879,0.5588,331.0,225.0
2025-07-25T08:16:33.078201,ACH-USDT,0.0216,0.02161,3701.0,5.0
2025-07-25T08:16:33.078549,AIXBT-USDT,0.13949,0.1395,5.0,524.0
2025-07-25T08:16:33.080673,AI-USDT,0.13092,0.13095,9.0,6.0
2025-07-25T08:16:33.080909,ALT-USDT,0.03339,0.0334,6.0,53675.0
2025-07-25T08:16:33.082622,AERGO-USDT,0.13069,0.13074,2882.0,127.0
2025-07-25T08:16:33.083384,ADA-USDT,0.7972,0.7975,289.0,1125.0
2025-07-25T08:16:33.083675,ACT-USDT,0.04403,0.04406,954.0,1035.0
2025-07-25T08:16:33.536900,ALGO-USDT,0.2574,0.2576,5.0,1052.0
2025-07-25T08:16:33.537016,AI16Z-USDT,0.1463,0.1464,3.0,49888.0
2025-07-25T08:16:33.537675,AGLD-USDT,0.7683,0.7686,2.0,68.0
2025-07-25T08:16:33.537768,AERO-USDT,0.8753,0.8755,10.0,881.0
2025-07-25T08:16:33.538812,ALCH-USDT,0.13762,0.13764,84.0,28.0
2025-07-25T08:16:33.539994,AGT-USDT,0.005603,0.005605,593.0,677.0
2025-07-25T08:16:33.541033,1INCH-USDT,0.2728,0.273,3536.0,8726.0
2025-07-25T08:16:33.541744,AEVO-USDT,0.10435,0.10442,1859.0,3.0
2025-07-25T08:16:33.544221,ACE-USDT,0.5611,0.5614,4.0,1.0
2025-07-25T08:16:33.544429,ANIME-USDT,0.0186,0.01861,21219.0,66404.0
2025-07-25T08:16:33.545186,AIN-USDT,0.15313,0.15319,137.0,17.0
2025-07-25T08:16:33.547827,AAVE-USDT,286.81,286.85,493.0,204.0
2025-07-25T08:16:33.551149,A-USDT,0.55878,0.5588,2.0,225.0
2025-07-25T08:16:33.552457,ACH-USDT,0.0216,0.02161,2109.0,5.0
2025-07-25T08:16:33.553318,AIXBT-USDT,0.13942,0.13945,220.0,401.0
2025-07-25T08:16:33.553415,AI-USDT,0.13088,0.1309,345.0,608.0
2025-07-25T08:16:33.553457,ALT-USDT,0.03339,0.0334,6.0,53675.0
2025-07-25T08:16:33.554891,AERGO-USDT,0.13069,0.13074,45.0,2837.0
2025-07-25T08:16:33.554940,ADA-USDT,0.7972,0.7975,289.0,1125.0
2025-07-25T08:16:33.554974,ACT-USDT,0.04403,0.04405,4.0,674.0
2025-07-25T08:16:34.039937,ALGO-USDT,0.2574,0.2575,5.0,503.0
2025-07-25T08:16:34.041653,AI16Z-USDT,0.1463,0.1464,3.0,49888.0
2025-07-25T08:16:34.047849,AGLD-USDT,0.7683,0.7686,2.0,68.0
2025-07-25T08:16:34.047907,AERO-USDT,0.8753,0.8755,10.0,881.0
2025-07-25T08:16:34.047935,ALCH-USDT,0.13762,0.13764,84.0,28.0
2025-07-25T08:16:34.047971,AGT-USDT,0.005603,0.005605,593.0,677.0
2025-07-25T08:16:34.048003,1INCH-USDT,0.2728,0.273,3536.0,8726.0
2025-07-25T08:16:34.048285,AEVO-USDT,0.10435,0.10442,1859.0,3.0
2025-07-25T08:16:34.048949,ACE-USDT,0.5606,0.561,60.0,89.0
2025-07-25T08:16:34.048987,ANIME-USDT,0.01859,0.01861,10051.0,85378.0
2025-07-25T08:16:34.050882,AIN-USDT,0.15313,0.15319,136.0,19.0
2025-07-25T08:16:34.053422,AAVE-USDT,286.81,286.85,493.0,204.0
2025-07-25T08:16:34.054578,A-USDT,0.55878,0.5588,2.0,225.0
2025-07-25T08:16:34.069683,ACH-USDT,0.0216,0.02161,2109.0,5.0
2025-07-25T08:16:34.069737,AIXBT-USDT,0.13942,0.13945,220.0,401.0
2025-07-25T08:16:34.069816,AI-USDT,0.13081,0.13084,8866.0,312.0
2025-07-25T08:16:34.069854,ALT-USDT,0.03338,0.0334,5.0,55358.0
2025-07-25T08:16:34.069886,AERGO-USDT,0.13058,0.13061,23272.0,376.0
2025-07-25T08:16:34.069917,ADA-USDT,0.7971,0.7974,93.0,558.0
2025-07-25T08:16:34.069946,ACT-USDT,0.04403,0.04404,4.0,1094.0
2025-07-25T08:16:34.544742,ALGO-USDT,0.2572,0.2574,7.0,857.0
2025-07-25T08:16:34.544802,AI16Z-USDT,0.1462,0.1463,3.0,23979.0
2025-07-25T08:16:34.553331,AGLD-USDT,0.768,0.7683,1.0,79.0
2025-07-25T08:16:34.553373,AERO-USDT,0.8753,0.8755,13.0,729.0
2025-07-25T08:16:34.553402,ALCH-USDT,0.13762,0.13763,76.0,36.0
2025-07-25T08:16:34.553428,AGT-USDT,0.005603,0.005605,1.0,784.0
2025-07-25T08:16:34.553453,1INCH-USDT,0.2727,0.2729,9.0,1522.0
2025-07-25T08:16:34.553478,AEVO-USDT,0.10435,0.10442,1133.0,492.0
2025-07-25T08:16:34.553504,ACE-USDT,0.5606,0.561,60.0,89.0
2025-07-25T08:16:34.553531,ANIME-USDT,0.01859,0.0186,1.0,17556.0
2025-07-25T08:16:34.554981,AIN-USDT,0.15313,0.15319,122.0,33.0
2025-07-25T08:16:34.555907,AAVE-USDT,286.74,286.75,122.0,225.0
2025-07-25T08:16:34.557428,A-USDT,0.55859,0.55861,12.0,193.0
2025-07-25T08:16:34.559668,ACH-USDT,0.0216,0.02161,37.0,5.0
2025-07-25T08:16:34.560492,AIXBT-USDT,0.13931,0.13934,1211.0,46.0
2025-07-25T08:16:34.563109,AI-USDT,0.13081,0.13084,8866.0,312.0
2025-07-25T08:16:34.563145,ALT-USDT,0.03337,0.03339,111844.0,54939.0
2025-07-25T08:16:34.563887,AERGO-USDT,0.13058,0.13061,23272.0,376.0
2025-07-25T08:16:34.564199,ADA-USDT,0.797,0.7972,8.0,874.0
2025-07-25T08:16:34.564231,ACT-USDT,0.04401,0.04404,2.0,1116.0
2025-07-25T08:16:35.054459,ALGO-USDT,0.2572,0.2574,7.0,857.0
2025-07-25T08:16:35.057623,AI16Z-USDT,0.1462,0.1463,3.0,23979.0
2025-07-25T08:16:35.062509,AGLD-USDT,0.768,0.7683,1.0,79.0
2025-07-25T08:16:35.063657,AERO-USDT,0.8753,0.8755,13.0,729.0
2025-07-25T08:16:35.065982,ALCH-USDT,0.13762,0.13763,76.0,36.0
2025-07-25T08:16:35.067272,AGT-USDT,0.005603,0.005605,1.0,784.0
2025-07-25T08:16:35.067313,1INCH-USDT,0.2727,0.2729,1727.0,2072.0
2025-07-25T08:16:35.082563,AEVO-USDT,0.10435,0.1044,1133.0,488.0
2025-07-25T08:16:35.082616,ACE-USDT,0.5606,0.561,61.0,129.0
2025-07-25T08:16:35.082653,ANIME-USDT,0.01859,0.0186,1.0,17556.0
2025-07-25T08:16:35.082686,AIN-USDT,0.15313,0.15318,34.0,3.0
2025-07-25T08:16:35.082729,AAVE-USDT,286.77,286.82,257.0,86.0
2025-07-25T08:16:35.082773,A-USDT,0.55859,0.55861,12.0,193.0
2025-07-25T08:16:35.082866,ACH-USDT,0.0216,0.02161,34.0,5.0
2025-07-25T08:16:35.084111,AIXBT-USDT,0.13931,0.13934,1211.0,46.0
2025-07-25T08:16:35.086515,AI-USDT,0.13081,0.13084,8866.0,2.0
2025-07-25T08:16:35.086672,ALT-USDT,0.03337,0.03339,111844.0,54939.0
2025-07-25T08:16:35.088334,AERGO-USDT,0.13058,0.13061,23272.0,376.0
2025-07-25T08:16:35.088372,ADA-USDT,0.797,0.7972,8.0,874.0
2025-07-25T08:16:35.088615,ACT-USDT,0.04401,0.04404,2.0,1116.0
2025-07-25T08:16:35.527015,ALGO-USDT,0.2572,0.2574,7.0,857.0
2025-07-25T08:16:35.527243,AI16Z-USDT,0.1462,0.1464,3.0,37.0
2025-07-25T08:16:35.531119,AGLD-USDT,0.768,0.7683,1.0,2.0
2025-07-25T08:16:35.531161,AERO-USDT,0.8753,0.8755,13.0,124.0
2025-07-25T08:16:35.532230,ALCH-USDT,0.13761,0.13764,52.0,114.0
2025-07-25T08:16:35.533609,AGT-USDT,0.005603,0.005605,1.0,784.0
2025-07-25T08:16:35.533979,1INCH-USDT,0.2727,0.273,1727.0,8121.0
2025-07-25T08:16:35.534409,AEVO-USDT,0.10437,0.10442,732.0,4.0
2025-07-25T08:16:35.534832,ACE-USDT,0.5607,0.561,151.0,2.0
2025-07-25T08:16:35.535724,ANIME-USDT,0.01859,0.0186,1.0,20724.0
2025-07-25T08:16:35.540774,AIN-USDT,0.15314,0.15317,17.0,3.0
2025-07-25T08:16:35.540858,AAVE-USDT,286.77,286.82,257.0,86.0
2025-07-25T08:16:35.540931,A-USDT,0.55859,0.55861,12.0,193.0
2025-07-25T08:16:35.543512,ACH-USDT,0.0216,0.02161,34.0,5.0
2025-07-25T08:16:35.544641,AIXBT-USDT,0.13935,0.13938,205.0,2.0
2025-07-25T08:16:35.545498,AI-USDT,0.13081,0.13084,8866.0,2.0
2025-07-25T08:16:35.545538,ALT-USDT,0.03338,0.03339,19926.0,5.0
2025-07-25T08:16:35.546213,AERGO-USDT,0.13061,0.13064,2807.0,2.0
2025-07-25T08:16:35.546249,ADA-USDT,0.7971,0.7972,895.0,3.0
2025-07-25T08:16:35.546277,ACT-USDT,0.04401,0.04402,2.0,118.0
2025-07-25T08:16:36.053909,ALGO-USDT,0.2572,0.2574,489.0,333.0
2025-07-25T08:16:36.057019,AI16Z-USDT,0.1463,0.1464,21830.0,8.0
2025-07-25T08:16:36.059135,AGLD-USDT,0.768,0.7683,1.0,2.0
2025-07-25T08:16:36.059174,AERO-USDT,0.8753,0.8756,4.0,124.0
2025-07-25T08:16:36.060387,ALCH-USDT,0.13759,0.13764,74.0,129.0
2025-07-25T08:16:36.060424,AGT-USDT,0.0056,0.005601,358.0,5.0
2025-07-25T08:16:36.060453,1INCH-USDT,0.2727,0.273,5542.0,10982.0
2025-07-25T08:16:36.061890,AEVO-USDT,0.10437,0.10442,732.0,4.0
2025-07-25T08:16:36.061926,ACE-USDT,0.5607,0.5614,169.0,437.0
2025-07-25T08:16:36.061955,ANIME-USDT,0.01858,0.0186,25026.0,4047.0
2025-07-25T08:16:36.064545,AIN-USDT,0.15314,0.15317,358.0,3.0
2025-07-25T08:16:36.065847,AAVE-USDT,286.81,286.84,73.0,13.0
2025-07-25T08:16:36.067740,A-USDT,0.55853,0.55856,23.0,143.0
2025-07-25T08:16:36.069549,ACH-USDT,0.0216,0.02161,36.0,5.0
2025-07-25T08:16:36.069590,AIXBT-USDT,0.13943,0.13944,5.0,3.0
2025-07-25T08:16:36.071011,AI-USDT,0.13084,0.13089,689.0,320.0
2025-07-25T08:16:36.071721,ALT-USDT,0.03339,0.0334,53086.0,131419.0
2025-07-25T08:16:36.072976,AERGO-USDT,0.13061,0.13064,2807.0,2.0
2025-07-25T08:16:36.073017,ADA-USDT,0.7972,0.7973,1090.0,2.0
2025-07-25T08:16:36.073041,ACT-USDT,0.04402,0.04404,50.0,4.0
2025-07-25T08:16:36.538118,ALGO-USDT,0.2572,0.2574,489.0,333.0
2025-07-25T08:16:36.540198,AI16Z-USDT,0.1463,0.1464,21830.0,8.0
2025-07-25T08:16:36.542366,AGLD-USDT,0.768,0.7684,1.0,4.0
2025-07-25T08:16:36.542402,AERO-USDT,0.8753,0.8756,1081.0,253.0
2025-07-25T08:16:36.543570,ALCH-USDT,0.13759,0.13764,74.0,129.0
2025-07-25T08:16:36.544331,AGT-USDT,0.0056,0.005601,358.0,5.0
2025-07-25T08:16:36.544372,1INCH-USDT,0.2727,0.273,5542.0,10982.0
2025-07-25T08:16:36.545064,AEVO-USDT,0.10439,0.10442,726.0,4.0
2025-07-25T08:16:36.545104,ACE-USDT,0.5607,0.5614,169.0,437.0
2025-07-25T08:16:36.546602,ANIME-USDT,0.01858,0.0186,25026.0,4047.0
2025-07-25T08:16:36.547965,AIN-USDT,0.15314,0.15317,358.0,6.0
2025-07-25T08:16:36.548839,AAVE-USDT,286.93,286.96,102.0,90.0
2025-07-25T08:16:36.551484,A-USDT,0.55853,0.55856,23.0,143.0
2025-07-25T08:16:36.554032,ACH-USDT,0.0216,0.02161,195.0,5.0
2025-07-25T08:16:36.554069,AIXBT-USDT,0.13943,0.13944,5.0,3.0
2025-07-25T08:16:36.554098,AI-USDT,0.13084,0.13089,689.0,320.0
2025-07-25T08:16:36.557909,ALT-USDT,0.03339,0.0334,53086.0,131419.0
2025-07-25T08:16:36.557963,AERGO-USDT,0.13061,0.13066,2811.0,2.0
2025-07-25T08:16:36.557999,ADA-USDT,0.7972,0.7973,1090.0,2.0
2025-07-25T08:16:36.558033,ACT-USDT,0.04402,0.04404,85.0,4.0
2025-07-25T08:16:37.053298,ALGO-USDT,0.2573,0.2574,2512.0,1.0
2025-07-25T08:16:37.054006,AI16Z-USDT,0.1464,0.1466,28556.0,121986.0
2025-07-25T08:16:37.060119,AGLD-USDT,0.768,0.7684,17.0,4.0
2025-07-25T08:16:37.060172,AERO-USDT,0.8753,0.8756,1081.0,253.0
2025-07-25T08:16:37.060206,ALCH-USDT,0.13759,0.13764,74.0,129.0
2025-07-25T08:16:37.060236,AGT-USDT,0.005599,0.005604,262.0,475.0
2025-07-25T08:16:37.060305,1INCH-USDT,0.2727,0.273,6542.0,7241.0
2025-07-25T08:16:37.060718,AEVO-USDT,0.10441,0.10446,942.0,4.0
2025-07-25T08:16:37.060848,ACE-USDT,0.5608,0.5614,196.0,619.0
2025-07-25T08:16:37.060934,ANIME-USDT,0.01859,0.01861,20549.0,66849.0
2025-07-25T08:16:37.063536,AIN-USDT,0.1532,0.15323,16.0,15.0
2025-07-25T08:16:37.065067,AAVE-USDT,286.93,286.96,102.0,90.0
2025-07-25T08:16:37.070560,A-USDT,0.55854,0.55865,19.0,15.0
2025-07-25T08:16:37.071919,ACH-USDT,0.0216,0.02161,195.0,5.0
2025-07-25T08:16:37.071948,AIXBT-USDT,0.13951,0.13953,148.0,567.0
2025-07-25T08:16:37.071969,AI-USDT,0.13087,0.13089,106.0,243.0
2025-07-25T08:16:37.071987,ALT-USDT,0.0334,0.03341,56989.0,9.0
2025-07-25T08:16:37.072567,AERGO-USDT,0.13066,0.13072,3108.0,2807.0
2025-07-25T08:16:37.072599,ADA-USDT,0.7973,0.7976,430.0,505.0
2025-07-25T08:16:37.072618,ACT-USDT,0.04404,0.04406,668.0,585.0
2025-07-25T08:16:37.536520,ALGO-USDT,0.2574,0.2575,597.0,1333.0
2025-07-25T08:16:37.536559,AI16Z-USDT,0.1464,0.1466,28556.0,121986.0
2025-07-25T08:16:37.539138,AGLD-USDT,0.7683,0.7684,87.0,4.0
2025-07-25T08:16:37.539177,AERO-USDT,0.8756,0.8757,152.0,2.0
2025-07-25T08:16:37.539876,ALCH-USDT,0.13759,0.13764,74.0,129.0
2025-07-25T08:16:37.544210,AGT-USDT,0.005599,0.005604,262.0,475.0
2025-07-25T08:16:37.544278,1INCH-USDT,0.2728,0.273,8373.0,7240.0
2025-07-25T08:16:37.544317,AEVO-USDT,0.10445,0.10449,1461.0,5663.0
2025-07-25T08:16:37.544349,ACE-USDT,0.561,0.5614,413.0,6.0
2025-07-25T08:16:37.544393,ANIME-USDT,0.01859,0.01861,20549.0,66849.0
2025-07-25T08:16:37.546372,AIN-USDT,0.15319,0.15323,4.0,20.0
2025-07-25T08:16:37.549724,AAVE-USDT,286.95,286.96,61.0,90.0
2025-07-25T08:16:37.551018,A-USDT,0.55854,0.55865,19.0,15.0
2025-07-25T08:16:37.554575,ACH-USDT,0.0216,0.02161,197.0,5.0
2025-07-25T08:16:37.554980,AIXBT-USDT,0.13958,0.13962,205.0,86.0
2025-07-25T08:16:37.561249,AI-USDT,0.13093,0.13095,109.0,1.0
2025-07-25T08:16:37.561288,ALT-USDT,0.0334,0.03341,39051.0,9.0
2025-07-25T08:16:37.561317,AERGO-USDT,0.13067,0.13072,3108.0,5.0
2025-07-25T08:16:37.561345,ADA-USDT,0.7975,0.7976,489.0,3.0
2025-07-25T08:16:37.561376,ACT-USDT,0.04405,0.04406,948.0,585.0
2025-07-25T08:16:38.052158,ALGO-USDT,0.2574,0.2575,599.0,1333.0
2025-07-25T08:16:38.055544,AI16Z-USDT,0.1464,0.1466,16924.0,17787.0
2025-07-25T08:16:38.061359,AGLD-USDT,0.7683,0.7684,87.0,4.0
2025-07-25T08:16:38.062343,AERO-USDT,0.8756,0.8757,152.0,2.0
2025-07-25T08:16:38.062373,ALCH-USDT,0.13763,0.13764,115.0,69.0
2025-07-25T08:16:38.062751,AGT-USDT,0.005599,0.005604,262.0,475.0
2025-07-25T08:16:38.064277,1INCH-USDT,0.2728,0.273,8373.0,7240.0
2025-07-25T08:16:38.073208,AEVO-USDT,0.10445,0.10449,1461.0,5663.0
2025-07-25T08:16:38.073252,ACE-USDT,0.561,0.5614,429.0,1.0
2025-07-25T08:16:38.073283,ANIME-USDT,0.0186,0.01861,66894.0,66409.0
2025-07-25T08:16:38.073309,AIN-USDT,0.15319,0.15323,258.0,5.0
2025-07-25T08:16:38.073336,AAVE-USDT,287.0,287.03,349.0,80.0
2025-07-25T08:16:38.073361,A-USDT,0.55854,0.55865,19.0,15.0
2025-07-25T08:16:38.081316,ACH-USDT,0.02161,0.02162,4097.0,3.0
2025-07-25T08:16:38.081367,AIXBT-USDT,0.13958,0.13962,205.0,86.0
2025-07-25T08:16:38.081403,AI-USDT,0.13092,0.13095,107.0,58.0
2025-07-25T08:16:38.081436,ALT-USDT,0.0334,0.03341,39051.0,4.0
2025-07-25T08:16:38.081466,AERGO-USDT,0.13067,0.13072,2807.0,5.0
2025-07-25T08:16:38.081495,ADA-USDT,0.7976,0.7978,1.0,212.0
2025-07-25T08:16:38.081526,ACT-USDT,0.04405,0.04406,948.0,585.0
2025-07-25T08:16:38.552589,ALGO-USDT,0.2574,0.2575,841.0,1333.0
2025-07-25T08:16:38.554106,AI16Z-USDT,0.1464,0.1466,26724.0,18939.0
2025-07-25T08:16:38.563272,AGLD-USDT,0.7683,0.7686,11.0,2.0
2025-07-25T08:16:38.563309,AERO-USDT,0.8756,0.8758,946.0,179.0
2025-07-25T08:16:38.563340,ALCH-USDT,0.13763,0.13764,115.0,69.0
2025-07-25T08:16:38.563384,AGT-USDT,0.005599,0.005604,479.0,335.0
2025-07-25T08:16:38.563411,1INCH-USDT,0.2728,0.273,3676.0,7205.0
2025-07-25T08:16:38.565453,AEVO-USDT,0.10448,0.10453,726.0,1908.0
2025-07-25T08:16:38.565491,ACE-USDT,0.561,0.5614,429.0,1.0
2025-07-25T08:16:38.565519,ANIME-USDT,0.0186,0.01862,66900.0,15.0
2025-07-25T08:16:38.566172,AIN-USDT,0.1533,0.15333,14.0,541.0
2025-07-25T08:16:38.568074,AAVE-USDT,287.04,287.06,163.0,186.0
2025-07-25T08:16:38.570072,A-USDT,0.5589,0.55892,193.0,63.0
2025-07-25T08:16:38.573627,ACH-USDT,0.02161,0.02162,4097.0,3.0
2025-07-25T08:16:38.576455,AIXBT-USDT,0.13959,0.13961,210.0,693.0
2025-07-25T08:16:38.576493,AI-USDT,0.13092,0.13095,107.0,58.0
2025-07-25T08:16:38.576522,ALT-USDT,0.0334,0.03341,39051.0,4.0
2025-07-25T08:16:38.584369,AERGO-USDT,0.1307,0.13072,2807.0,5.0
2025-07-25T08:16:38.584414,ADA-USDT,0.7975,0.7978,635.0,212.0
2025-07-25T08:16:38.584483,ACT-USDT,0.04406,0.04408,728.0,3.0
2025-07-25T08:16:39.036476,ALGO-USDT,0.2574,0.2575,841.0,1333.0
2025-07-25T08:16:39.038021,AI16Z-USDT,0.1464,0.1466,26724.0,18939.0
2025-07-25T08:16:39.040701,AGLD-USDT,0.7683,0.7686,73.0,2.0
2025-07-25T08:16:39.040747,AERO-USDT,0.8756,0.8758,946.0,179.0
2025-07-25T08:16:39.042222,ALCH-USDT,0.13763,0.13764,115.0,69.0
2025-07-25T08:16:39.043480,AGT-USDT,0.005599,0.005604,479.0,335.0
2025-07-25T08:16:39.043543,1INCH-USDT,0.2728,0.273,3859.0,7206.0
2025-07-25T08:16:39.045258,AEVO-USDT,0.10448,0.10453,729.0,1908.0
2025-07-25T08:16:39.045319,ACE-USDT,0.561,0.5617,432.0,489.0
2025-07-25T08:16:39.045414,ANIME-USDT,0.0186,0.01862,66900.0,15.0
2025-07-25T08:16:39.046281,AIN-USDT,0.15329,0.15333,17.0,506.0
2025-07-25T08:16:39.047663,AAVE-USDT,287.04,287.06,163.0,186.0
2025-07-25T08:16:39.049006,A-USDT,0.5589,0.55892,193.0,63.0
2025-07-25T08:16:39.054556,ACH-USDT,0.02161,0.02163,4257.0,1804.0
2025-07-25T08:16:39.054962,AIXBT-USDT,0.13959,0.13961,210.0,693.0
2025-07-25T08:16:39.055092,AI-USDT,0.13093,0.13101,227.0,871.0
2025-07-25T08:16:39.055210,ALT-USDT,0.0334,0.03341,51402.0,4.0
2025-07-25T08:16:39.055317,AERGO-USDT,0.1307,0.13072,273.0,5.0
2025-07-25T08:16:39.055456,ADA-USDT,0.7975,0.7978,635.0,212.0
2025-07-25T08:16:39.055557,ACT-USDT,0.04406,0.04409,728.0,4518.0
2025-07-25T08:16:39.551018,ALGO-USDT,0.2575,0.2576,771.0,4.0
2025-07-25T08:16:39.552853,AI16Z-USDT,0.1464,0.1466,27694.0,18962.0
2025-07-25T08:16:39.555488,AGLD-USDT,0.7685,0.7686,89.0,2.0
2025-07-25T08:16:39.555586,AERO-USDT,0.8756,0.8758,1203.0,179.0
2025-07-25T08:16:39.556907,ALCH-USDT,0.13763,0.13764,115.0,69.0
2025-07-25T08:16:39.558152,AGT-USDT,0.005599,0.005602,30.0,370.0
2025-07-25T08:16:39.558226,1INCH-USDT,0.2729,0.273,3858.0,7205.0
2025-07-25T08:16:39.558748,AEVO-USDT,0.10443,0.1045,605.0,1.0
2025-07-25T08:16:39.559609,ACE-USDT,0.561,0.5617,394.0,537.0
2025-07-25T08:16:39.559859,ANIME-USDT,0.0186,0.01861,6.0,4.0
2025-07-25T08:16:39.561144,AIN-USDT,0.15329,0.1533,1.0,16.0
2025-07-25T08:16:39.563774,AAVE-USDT,287.04,287.06,163.0,186.0
2025-07-25T08:16:39.563834,A-USDT,0.55894,0.55895,188.0,126.0
2025-07-25T08:16:39.566095,ACH-USDT,0.02161,0.02163,3889.0,1.0
2025-07-25T08:16:39.566366,AIXBT-USDT,0.13958,0.13963,38.0,280.0
2025-07-25T08:16:39.567932,AI-USDT,0.13094,0.13101,5.0,871.0
2025-07-25T08:16:39.568429,ALT-USDT,0.0334,0.03341,51404.0,4.0
2025-07-25T08:16:39.569408,AERGO-USDT,0.1307,0.13072,273.0,5.0
2025-07-25T08:16:39.569447,ADA-USDT,0.7977,0.7978,520.0,212.0
2025-07-25T08:16:39.569476,ACT-USDT,0.04406,0.04409,1703.0,4031.0
2025-07-25T08:16:40.050069,ALGO-USDT,0.2575,0.2577,1852.0,457.0
2025-07-25T08:16:40.051192,AI16Z-USDT,0.1464,0.1466,16925.0,19900.0
2025-07-25T08:16:40.054572,AGLD-USDT,0.7685,0.7686,89.0,2.0
2025-07-25T08:16:40.054624,AERO-USDT,0.8756,0.8758,1203.0,179.0
2025-07-25T08:16:40.055809,ALCH-USDT,0.13763,0.13764,121.0,48.0
2025-07-25T08:16:40.057241,AGT-USDT,0.005599,0.005602,30.0,370.0
2025-07-25T08:16:40.057283,1INCH-USDT,0.2729,0.273,3328.0,7202.0
2025-07-25T08:16:40.057499,AEVO-USDT,0.10443,0.1045,605.0,1.0
2025-07-25T08:16:40.058208,ACE-USDT,0.561,0.5617,23.0,46.0
2025-07-25T08:16:40.058713,ANIME-USDT,0.0186,0.01861,6.0,4.0
2025-07-25T08:16:40.060868,AIN-USDT,0.15322,0.15327,69.0,14.0
2025-07-25T08:16:40.061541,AAVE-USDT,286.99,287.02,45.0,62.0
2025-07-25T08:16:40.063407,A-USDT,0.55894,0.55895,188.0,126.0
2025-07-25T08:16:40.066346,ACH-USDT,0.02161,0.02163,2737.0,3761.0
2025-07-25T08:16:40.066384,AIXBT-USDT,0.13959,0.13963,244.0,280.0
2025-07-25T08:16:40.067625,AI-USDT,0.13094,0.13101,5.0,1192.0
2025-07-25T08:16:40.067662,ALT-USDT,0.0334,0.03341,48551.0,4.0
2025-07-25T08:16:40.069884,AERGO-USDT,0.1307,0.13072,273.0,5.0
2025-07-25T08:16:40.069921,ADA-USDT,0.7977,0.798,451.0,4.0
2025-07-25T08:16:40.069949,ACT-USDT,0.04406,0.04409,2301.0,4031.0
2025-07-25T08:16:40.534524,ALGO-USDT,0.2575,0.2577,180.0,385.0
2025-07-25T08:16:40.535602,AI16Z-USDT,0.1464,0.1466,16925.0,19900.0
2025-07-25T08:16:40.538670,AGLD-USDT,0.7683,0.7686,14.0,2.0
2025-07-25T08:16:40.538707,AERO-USDT,0.8756,0.8758,1339.0,179.0
2025-07-25T08:16:40.539956,ALCH-USDT,0.13763,0.13764,121.0,48.0
2025-07-25T08:16:40.540859,AGT-USDT,0.005599,0.005602,30.0,370.0
2025-07-25T08:16:40.540894,1INCH-USDT,0.2729,0.273,3328.0,7202.0
2025-07-25T08:16:40.541421,AEVO-USDT,0.10443,0.1045,2.0,60.0
2025-07-25T08:16:40.541468,ACE-USDT,0.561,0.5617,23.0,46.0
2025-07-25T08:16:40.542112,ANIME-USDT,0.0186,0.01862,13808.0,41422.0
2025-07-25T08:16:40.543715,AIN-USDT,0.15318,0.15322,245.0,16.0
2025-07-25T08:16:40.545133,AAVE-USDT,286.99,287.02,45.0,62.0
2025-07-25T08:16:40.546558,A-USDT,0.55894,0.55895,188.0,126.0
2025-07-25T08:16:40.548302,ACH-USDT,0.02161,0.02163,2737.0,3761.0
2025-07-25T08:16:40.548339,AIXBT-USDT,0.13959,0.13963,244.0,280.0
2025-07-25T08:16:40.549746,AI-USDT,0.13094,0.13101,5.0,1192.0
2025-07-25T08:16:40.549800,ALT-USDT,0.0334,0.03341,48551.0,4.0
2025-07-25T08:16:40.550959,AERGO-USDT,0.1307,0.13072,273.0,5.0
2025-07-25T08:16:40.551005,ADA-USDT,0.7977,0.798,453.0,4.0
2025-07-25T08:16:40.551292,ACT-USDT,0.04406,0.04409,975.0,4674.0
2025-07-25T08:16:41.043702,ALGO-USDT,0.2575,0.2577,180.0,385.0
2025-07-25T08:16:41.048282,AI16Z-USDT,0.1464,0.1466,15941.0,19900.0
2025-07-25T08:16:41.052491,AGLD-USDT,0.7683,0.7686,14.0,2.0
2025-07-25T08:16:41.052531,AERO-USDT,0.8756,0.8758,1339.0,179.0
2025-07-25T08:16:41.052557,ALCH-USDT,0.13763,0.13764,121.0,48.0
2025-07-25T08:16:41.053223,AGT-USDT,0.005601,0.005605,69.0,677.0
2025-07-25T08:16:41.053264,1INCH-USDT,0.2729,0.2731,3330.0,82.0
2025-07-25T08:16:41.054547,AEVO-USDT,0.10443,0.10451,2.0,488.0
2025-07-25T08:16:41.055400,ACE-USDT,0.561,0.5617,175.0,548.0
2025-07-25T08:16:41.056015,ANIME-USDT,0.0186,0.01862,11.0,41421.0
2025-07-25T08:16:41.058901,AIN-USDT,0.15319,0.15323,3.0,30.0
2025-07-25T08:16:41.060244,AAVE-USDT,287.02,287.04,51.0,14.0
2025-07-25T08:16:41.062126,A-USDT,0.55897,0.55899,3.0,117.0
2025-07-25T08:16:41.066530,ACH-USDT,0.02161,0.02163,2738.0,3761.0
2025-07-25T08:16:41.066554,AIXBT-USDT,0.13959,0.13962,4.0,392.0
2025-07-25T08:16:41.068738,AI-USDT,0.13094,0.13099,5.0,316.0
2025-07-25T08:16:41.068776,ALT-USDT,0.0334,0.03341,36020.0,4.0
2025-07-25T08:16:41.070609,AERGO-USDT,0.1307,0.13072,273.0,5.0
2025-07-25T08:16:41.070652,ADA-USDT,0.7977,0.798,453.0,4.0
2025-07-25T08:16:41.070677,ACT-USDT,0.04406,0.04409,975.0,4674.0
2025-07-25T08:16:41.548435,ALGO-USDT,0.2575,0.2577,180.0,385.0
2025-07-25T08:16:41.548879,AI16Z-USDT,0.1464,0.1466,15941.0,19900.0
2025-07-25T08:16:41.552114,AGLD-USDT,0.7683,0.7686,14.0,2.0
2025-07-25T08:16:41.552153,AERO-USDT,0.8756,0.8758,250.0,179.0
2025-07-25T08:16:41.553683,ALCH-USDT,0.13763,0.13764,121.0,48.0
2025-07-25T08:16:41.553723,AGT-USDT,0.005601,0.005605,69.0,677.0
2025-07-25T08:16:41.553752,1INCH-USDT,0.2729,0.2731,3717.0,1991.0
2025-07-25T08:16:41.555104,AEVO-USDT,0.10443,0.10451,2.0,491.0
2025-07-25T08:16:41.556149,ACE-USDT,0.561,0.5616,172.0,539.0
2025-07-25T08:16:41.556310,ANIME-USDT,0.0186,0.01862,11.0,41421.0
2025-07-25T08:16:41.556971,AIN-USDT,0.15319,0.15323,3.0,2.0
2025-07-25T08:16:41.558058,AAVE-USDT,287.0,287.01,4.0,180.0
2025-07-25T08:16:41.559835,A-USDT,0.55897,0.55899,3.0,117.0
2025-07-25T08:16:41.561850,ACH-USDT,0.02161,0.02163,163.0,3764.0
2025-07-25T08:16:41.561886,AIXBT-USDT,0.13959,0.13962,4.0,393.0
2025-07-25T08:16:41.563196,AI-USDT,0.13094,0.13098,5.0,924.0
2025-07-25T08:16:41.563549,ALT-USDT,0.0334,0.03341,8244.0,4.0
2025-07-25T08:16:41.564420,AERGO-USDT,0.1307,0.13073,276.0,2811.0
2025-07-25T08:16:41.564895,ADA-USDT,0.7977,0.798,464.0,4.0
2025-07-25T08:16:41.564935,ACT-USDT,0.04406,0.04409,51.0,4364.0
2025-07-25T08:16:42.048979,ALGO-USDT,0.2575,0.2576,8.0,827.0
2025-07-25T08:16:42.051673,AI16Z-USDT,0.1464,0.1466,15941.0,19900.0
2025-07-25T08:16:42.057304,AGLD-USDT,0.7683,0.7686,3.0,2.0
2025-07-25T08:16:42.058040,AERO-USDT,0.8756,0.8758,5.0,262.0
2025-07-25T08:16:42.059839,ALCH-USDT,0.13763,0.13764,121.0,48.0
2025-07-25T08:16:42.061489,AGT-USDT,0.005601,0.005605,86.0,1182.0
2025-07-25T08:16:42.061526,1INCH-USDT,0.2729,0.2731,2837.0,1141.0
2025-07-25T08:16:42.062994,AEVO-USDT,0.10441,0.10449,5.0,630.0
2025-07-25T08:16:42.064237,ACE-USDT,0.561,0.5614,1.0,38.0
2025-07-25T08:16:42.065072,ANIME-USDT,0.0186,0.01862,4362.0,43270.0
2025-07-25T08:16:42.069111,AIN-USDT,0.15318,0.15324,12.0,16.0
2025-07-25T08:16:42.075469,AAVE-USDT,287.0,287.01,4.0,180.0
2025-07-25T08:16:42.075634,A-USDT,0.55897,0.55899,3.0,117.0
2025-07-25T08:16:42.075679,ACH-USDT,0.02161,0.02163,163.0,3764.0
2025-07-25T08:16:42.076348,AIXBT-USDT,0.13959,0.13962,4.0,393.0
2025-07-25T08:16:42.079430,AI-USDT,0.13094,0.13097,5.0,927.0
2025-07-25T08:16:42.079536,ALT-USDT,0.0334,0.03341,2.0,44392.0
2025-07-25T08:16:42.081078,AERGO-USDT,0.1307,0.13073,276.0,2811.0
2025-07-25T08:16:42.081496,ADA-USDT,0.7978,0.798,409.0,343.0
2025-07-25T08:16:42.081537,ACT-USDT,0.04406,0.04408,3.0,978.0
2025-07-25T08:16:42.545363,ALGO-USDT,0.2575,0.2576,8.0,738.0
2025-07-25T08:16:42.547426,AI16Z-USDT,0.1464,0.1466,15378.0,42908.0
2025-07-25T08:16:42.552821,AGLD-USDT,0.7683,0.7686,3.0,2.0
2025-07-25T08:16:42.552873,AERO-USDT,0.8756,0.8758,921.0,179.0
2025-07-25T08:16:42.552907,ALCH-USDT,0.13763,0.13764,121.0,48.0
2025-07-25T08:16:42.552939,AGT-USDT,0.005601,0.005605,86.0,1182.0
2025-07-25T08:16:42.552978,1INCH-USDT,0.2729,0.2731,2837.0,1141.0
2025-07-25T08:16:42.553495,AEVO-USDT,0.10441,0.10449,5.0,630.0
2025-07-25T08:16:42.554257,ACE-USDT,0.561,0.5614,1.0,2.0
2025-07-25T08:16:42.554294,ANIME-USDT,0.01858,0.0186,18339.0,26520.0
2025-07-25T08:16:42.556090,AIN-USDT,0.15318,0.15324,12.0,18.0
2025-07-25T08:16:42.557926,AAVE-USDT,286.99,287.0,1.0,157.0
2025-07-25T08:16:42.559315,A-USDT,0.55897,0.55899,3.0,117.0
2025-07-25T08:16:42.566310,ACH-USDT,0.02161,0.02163,162.0,3761.0
2025-07-25T08:16:42.566352,AIXBT-USDT,0.13959,0.13962,3.0,191.0
2025-07-25T08:16:42.566378,AI-USDT,0.1309,0.131,242.0,1372.0
2025-07-25T08:16:42.566400,ALT-USDT,0.03339,0.03341,11356.0,45582.0
2025-07-25T08:16:42.566422,AERGO-USDT,0.1307,0.13073,345.0,2812.0
2025-07-25T08:16:42.566442,ADA-USDT,0.7978,0.7982,972.0,43.0
2025-07-25T08:16:42.566461,ACT-USDT,0.04407,0.04409,666.0,4027.0
2025-07-25T08:16:43.047913,ALGO-USDT,0.2575,0.2576,8.0,738.0
2025-07-25T08:16:43.054673,AI16Z-USDT,0.1464,0.1466,17219.0,34508.0
2025-07-25T08:16:43.056378,AGLD-USDT,0.7682,0.7686,651.0,2.0
2025-07-25T08:16:43.056417,AERO-USDT,0.8756,0.8758,921.0,179.0
2025-07-25T08:16:43.057582,ALCH-USDT,0.13763,0.13764,3.0,88.0
2025-07-25T08:16:43.059260,AGT-USDT,0.005601,0.005604,2.0,424.0
2025-07-25T08:16:43.059295,1INCH-USDT,0.2729,0.2731,3406.0,80.0
2025-07-25T08:16:43.061019,AEVO-USDT,0.10441,0.10449,2.0,643.0
2025-07-25T08:16:43.061709,ACE-USDT,0.561,0.5614,1.0,2.0
2025-07-25T08:16:43.063614,ANIME-USDT,0.01858,0.0186,18339.0,26520.0
2025-07-25T08:16:43.067239,AIN-USDT,0.15318,0.15324,12.0,19.0
2025-07-25T08:16:43.067280,AAVE-USDT,286.99,287.0,1.0,311.0
2025-07-25T08:16:43.076118,A-USDT,0.55896,0.55899,137.0,117.0
2025-07-25T08:16:43.076157,ACH-USDT,0.02161,0.02163,164.0,1.0
2025-07-25T08:16:43.076185,AIXBT-USDT,0.13958,0.13962,151.0,5.0
2025-07-25T08:16:43.078975,AI-USDT,0.1309,0.131,242.0,1372.0
2025-07-25T08:16:43.079219,ALT-USDT,0.03339,0.03341,11356.0,45582.0
2025-07-25T08:16:43.081909,AERGO-USDT,0.1307,0.13073,345.0,2811.0
2025-07-25T08:16:43.081946,ADA-USDT,0.7978,0.7982,972.0,43.0
2025-07-25T08:16:43.081974,ACT-USDT,0.04409,0.04411,274.0,2.0
2025-07-25T08:16:43.543966,ALGO-USDT,0.2575,0.2576,8.0,738.0
2025-07-25T08:16:43.545300,AI16Z-USDT,0.1464,0.1466,17219.0,34508.0
2025-07-25T08:16:43.548720,AGLD-USDT,0.7683,0.7686,11.0,2.0
2025-07-25T08:16:43.548836,AERO-USDT,0.8756,0.8758,157.0,183.0
2025-07-25T08:16:43.550025,ALCH-USDT,0.13763,0.13764,3.0,88.0
2025-07-25T08:16:43.550722,AGT-USDT,0.005601,0.005604,2.0,424.0
2025-07-25T08:16:43.550918,1INCH-USDT,0.2729,0.2731,3406.0,80.0
2025-07-25T08:16:43.553561,AEVO-USDT,0.10443,0.10451,3544.0,1151.0
2025-07-25T08:16:43.553686,ACE-USDT,0.561,0.5614,1.0,2.0
2025-07-25T08:16:43.553824,ANIME-USDT,0.01858,0.0186,19432.0,18204.0
2025-07-25T08:16:43.555567,AIN-USDT,0.15318,0.15324,9.0,19.0
2025-07-25T08:16:43.557409,AAVE-USDT,286.99,287.0,1.0,311.0
2025-07-25T08:16:43.560722,A-USDT,0.55896,0.55899,137.0,117.0
2025-07-25T08:16:43.560934,ACH-USDT,0.02161,0.02163,164.0,1.0
2025-07-25T08:16:43.561042,AIXBT-USDT,0.13958,0.13962,151.0,5.0
2025-07-25T08:16:43.563837,AI-USDT,0.1309,0.13098,4.0,996.0
2025-07-25T08:16:43.563884,ALT-USDT,0.03339,0.03341,11356.0,45582.0
2025-07-25T08:16:43.569164,AERGO-USDT,0.1307,0.13073,345.0,2811.0
2025-07-25T08:16:43.569204,ADA-USDT,0.7978,0.7982,972.0,43.0
2025-07-25T08:16:43.569257,ACT-USDT,0.04409,0.04411,274.0,2.0
2025-07-25T08:16:44.049534,ALGO-USDT,0.2575,0.2576,8.0,261.0
2025-07-25T08:16:44.049580,AI16Z-USDT,0.1464,0.1466,17243.0,18448.0
2025-07-25T08:16:44.052433,AGLD-USDT,0.7683,0.7686,20.0,2.0
2025-07-25T08:16:44.053138,AERO-USDT,0.8756,0.8758,157.0,183.0
2025-07-25T08:16:44.055763,ALCH-USDT,0.13762,0.13763,4.0,51.0
2025-07-25T08:16:44.055826,AGT-USDT,0.005601,0.005604,2.0,424.0
2025-07-25T08:16:44.055860,1INCH-USDT,0.2729,0.2731,2838.0,80.0
2025-07-25T08:16:44.056955,AEVO-USDT,0.10443,0.10451,3544.0,1156.0
2025-07-25T08:16:44.057828,ACE-USDT,0.561,0.5616,1.0,738.0
2025-07-25T08:16:44.057864,ANIME-USDT,0.01858,0.0186,30225.0,12119.0
2025-07-25T08:16:44.060079,AIN-USDT,0.1532,0.15329,63.0,52.0
2025-07-25T08:16:44.061130,AAVE-USDT,286.97,287.0,57.0,62.0
2025-07-25T08:16:44.063415,A-USDT,0.55896,0.55899,137.0,117.0
2025-07-25T08:16:44.065734,ACH-USDT,0.02161,0.02164,164.0,4132.0
2025-07-25T08:16:44.066075,AIXBT-USDT,0.13958,0.13962,252.0,400.0
2025-07-25T08:16:44.067986,AI-USDT,0.13089,0.13098,245.0,996.0
2025-07-25T08:16:44.068318,ALT-USDT,0.03339,0.03341,58373.0,6683.0
2025-07-25T08:16:44.069657,AERGO-USDT,0.1307,0.13073,345.0,2811.0
2025-07-25T08:16:44.069704,ADA-USDT,0.7978,0.7982,803.0,229.0
2025-07-25T08:16:44.069735,ACT-USDT,0.04409,0.04412,640.0,473.0
2025-07-25T08:16:44.550058,ALGO-USDT,0.2575,0.2576,8.0,265.0
2025-07-25T08:16:44.551276,AI16Z-USDT,0.1464,0.1466,17243.0,18447.0
2025-07-25T08:16:44.553961,AGLD-USDT,0.7683,0.7686,20.0,2.0
2025-07-25T08:16:44.553997,AERO-USDT,0.8756,0.8758,157.0,183.0
2025-07-25T08:16:44.560770,ALCH-USDT,0.13762,0.13763,4.0,51.0
2025-07-25T08:16:44.560830,AGT-USDT,0.005599,0.005604,133.0,406.0
2025-07-25T08:16:44.560861,1INCH-USDT,0.2729,0.2731,2838.0,80.0
2025-07-25T08:16:44.560883,AEVO-USDT,0.10443,0.10451,3544.0,1156.0
2025-07-25T08:16:44.560904,ACE-USDT,0.561,0.5616,1.0,737.0
2025-07-25T08:16:44.560933,ANIME-USDT,0.01858,0.0186,49997.0,3.0
2025-07-25T08:16:44.560965,AIN-USDT,0.15321,0.15329,61.0,178.0
2025-07-25T08:16:44.563593,AAVE-USDT,286.97,287.0,57.0,62.0
2025-07-25T08:16:44.563630,A-USDT,0.55896,0.55899,137.0,116.0
2025-07-25T08:16:44.565049,ACH-USDT,0.02161,0.02164,164.0,3763.0
2025-07-25T08:16:44.565319,AIXBT-USDT,0.13959,0.13963,142.0,590.0
2025-07-25T08:16:44.566733,AI-USDT,0.1309,0.13099,242.0,316.0
2025-07-25T08:16:44.567482,ALT-USDT,0.03339,0.03341,58373.0,6682.0
2025-07-25T08:16:44.568210,AERGO-USDT,0.1307,0.13073,345.0,2811.0
2025-07-25T08:16:44.568369,ADA-USDT,0.7978,0.7982,807.0,232.0
2025-07-25T08:16:44.568415,ACT-USDT,0.04409,0.04412,640.0,473.0
2025-07-25T08:16:45.052739,ALGO-USDT,0.2575,0.2576,4.0,48.0
2025-07-25T08:16:45.053731,AI16Z-USDT,0.1464,0.1466,17243.0,18447.0
2025-07-25T08:16:45.057065,AGLD-USDT,0.7683,0.7686,20.0,2.0
2025-07-25T08:16:45.057102,AERO-USDT,0.8756,0.8758,157.0,183.0
2025-07-25T08:16:45.057941,ALCH-USDT,0.13762,0.13763,4.0,51.0
2025-07-25T08:16:45.058959,AGT-USDT,0.005599,0.005604,133.0,406.0
2025-07-25T08:16:45.058994,1INCH-USDT,0.2729,0.2731,2838.0,80.0
2025-07-25T08:16:45.059648,AEVO-USDT,0.10443,0.10451,792.0,5.0
2025-07-25T08:16:45.060942,ACE-USDT,0.561,0.5616,1.0,737.0
2025-07-25T08:16:45.060984,ANIME-USDT,0.01858,0.0186,49997.0,3.0
2025-07-25T08:16:45.062401,AIN-USDT,0.15321,0.15329,64.0,191.0
2025-07-25T08:16:45.063999,AAVE-USDT,286.98,287.0,48.0,48.0
2025-07-25T08:16:45.065315,A-USDT,0.55896,0.55899,137.0,116.0
2025-07-25T08:16:45.067255,ACH-USDT,0.02161,0.02164,2756.0,2637.0
2025-07-25T08:16:45.067293,AIXBT-USDT,0.13959,0.13963,142.0,590.0
2025-07-25T08:16:45.076870,AI-USDT,0.1309,0.13099,242.0,316.0
2025-07-25T08:16:45.076908,ALT-USDT,0.03339,0.03341,58373.0,6682.0
2025-07-25T08:16:45.076941,AERGO-USDT,0.1307,0.13073,345.0,2811.0
2025-07-25T08:16:45.076986,ADA-USDT,0.798,0.7982,668.0,4.0
2025-07-25T08:16:45.077028,ACT-USDT,0.04409,0.04412,640.0,473.0
2025-07-25T08:16:45.549585,ALGO-USDT,0.2575,0.2576,4.0,48.0
2025-07-25T08:16:45.549623,AI16Z-USDT,0.1464,0.1466,17243.0,18973.0
2025-07-25T08:16:45.561155,AGLD-USDT,0.7684,0.7686,17.0,2.0
2025-07-25T08:16:45.561193,AERO-USDT,0.8756,0.8758,157.0,183.0
2025-07-25T08:16:45.561222,ALCH-USDT,0.13762,0.13763,4.0,51.0
2025-07-25T08:16:45.561255,AGT-USDT,0.005593,0.005599,155.0,380.0
2025-07-25T08:16:45.561288,1INCH-USDT,0.2729,0.2731,2860.0,80.0
2025-07-25T08:16:45.561315,AEVO-USDT,0.10443,0.10451,5.0,492.0
2025-07-25T08:16:45.561362,ACE-USDT,0.561,0.5616,1.0,699.0
2025-07-25T08:16:45.561402,ANIME-USDT,0.01858,0.0186,49997.0,7.0
2025-07-25T08:16:45.561435,AIN-USDT,0.15321,0.15325,3.0,51.0
2025-07-25T08:16:45.561745,AAVE-USDT,286.98,287.0,48.0,48.0
2025-07-25T08:16:45.563476,A-USDT,0.55896,0.55899,137.0,116.0
2025-07-25T08:16:45.565246,ACH-USDT,0.02161,0.02164,2756.0,2637.0
2025-07-25T08:16:45.565288,AIXBT-USDT,0.13961,0.13963,118.0,280.0
2025-07-25T08:16:45.567500,AI-USDT,0.1309,0.13099,247.0,316.0
2025-07-25T08:16:45.570547,ALT-USDT,0.03339,0.03341,58371.0,6689.0
2025-07-25T08:16:45.570586,AERGO-USDT,0.1307,0.13073,345.0,2811.0
2025-07-25T08:16:45.570616,ADA-USDT,0.798,0.7982,668.0,4.0
2025-07-25T08:16:45.570640,ACT-USDT,0.04409,0.04412,357.0,333.0
2025-07-25T08:16:46.057228,ALGO-USDT,0.2575,0.2576,4.0,46.0
2025-07-25T08:16:46.059054,AI16Z-USDT,0.1464,0.1466,17280.0,18868.0
2025-07-25T08:16:46.067657,AGLD-USDT,0.7683,0.7686,15.0,2.0
2025-07-25T08:16:46.067697,AERO-USDT,0.8756,0.8758,157.0,183.0
2025-07-25T08:16:46.067727,ALCH-USDT,0.13762,0.13763,12.0,109.0
2025-07-25T08:16:46.067763,AGT-USDT,0.005593,0.005599,155.0,380.0
2025-07-25T08:16:46.067812,1INCH-USDT,0.2729,0.2731,2707.0,964.0
2025-07-25T08:16:46.069861,AEVO-USDT,0.10443,0.10451,5.0,492.0
2025-07-25T08:16:46.069898,ACE-USDT,0.561,0.5615,1.0,50.0
2025-07-25T08:16:46.069928,ANIME-USDT,0.01858,0.0186,63539.0,7.0
2025-07-25T08:16:46.071407,AIN-USDT,0.15321,0.15324,3.0,18.0
2025-07-25T08:16:46.073075,AAVE-USDT,286.98,287.0,3.0,193.0
2025-07-25T08:16:46.075268,A-USDT,0.55896,0.55899,137.0,116.0
2025-07-25T08:16:46.078216,ACH-USDT,0.02161,0.02164,2756.0,2637.0
2025-07-25T08:16:46.079071,AIXBT-USDT,0.13961,0.13963,390.0,280.0
2025-07-25T08:16:46.081474,AI-USDT,0.1309,0.13099,247.0,321.0
2025-07-25T08:16:46.083692,ALT-USDT,0.03339,0.03341,65538.0,6689.0
2025-07-25T08:16:46.083743,AERGO-USDT,0.1307,0.13073,344.0,2811.0
2025-07-25T08:16:46.083809,ADA-USDT,0.7982,0.7983,866.0,152.0
2025-07-25T08:16:46.083846,ACT-USDT,0.0441,0.04412,353.0,4.0
2025-07-25T08:16:46.546889,ALGO-USDT,0.2575,0.2576,4.0,45.0
2025-07-25T08:16:46.548293,AI16Z-USDT,0.1464,0.1466,17280.0,18868.0
2025-07-25T08:16:46.551220,AGLD-USDT,0.7683,0.7686,10.0,2.0
2025-07-25T08:16:46.551258,AERO-USDT,0.8756,0.8758,346.0,181.0
2025-07-25T08:16:46.552727,ALCH-USDT,0.13762,0.13763,12.0,109.0
2025-07-25T08:16:46.553241,AGT-USDT,0.005595,0.005598,507.0,100.0
2025-07-25T08:16:46.553277,1INCH-USDT,0.2729,0.2731,2707.0,964.0
2025-07-25T08:16:46.554576,AEVO-USDT,0.10443,0.10452,794.0,491.0
2025-07-25T08:16:46.555547,ACE-USDT,0.561,0.5615,1.0,53.0
2025-07-25T08:16:46.555648,ANIME-USDT,0.01858,0.0186,63539.0,7.0
2025-07-25T08:16:46.557976,AIN-USDT,0.15319,0.15324,196.0,20.0
2025-07-25T08:16:46.558270,AAVE-USDT,286.98,287.01,48.0,19.0
2025-07-25T08:16:46.560083,A-USDT,0.55896,0.55899,167.0,118.0
2025-07-25T08:16:46.561607,ACH-USDT,0.02161,0.02164,1801.0,3795.0
2025-07-25T08:16:46.562434,AIXBT-USDT,0.13961,0.13963,390.0,280.0
2025-07-25T08:16:46.563875,AI-USDT,0.1309,0.13099,245.0,321.0
2025-07-25T08:16:46.564120,ALT-USDT,0.03339,0.03341,65538.0,6689.0
2025-07-25T08:16:46.565259,AERGO-USDT,0.1307,0.13073,344.0,2811.0
2025-07-25T08:16:46.565734,ADA-USDT,0.7981,0.7983,588.0,152.0
2025-07-25T08:16:46.565766,ACT-USDT,0.0441,0.04412,51.0,4.0
2025-07-25T08:16:47.063230,ALGO-USDT,0.2575,0.2576,4.0,47.0
2025-07-25T08:16:47.063264,AI16Z-USDT,0.1464,0.1466,17280.0,18867.0
2025-07-25T08:16:47.063284,AGLD-USDT,0.7683,0.7686,10.0,2.0
2025-07-25T08:16:47.063301,AERO-USDT,0.8756,0.8758,346.0,181.0
2025-07-25T08:16:47.067838,ALCH-USDT,0.13762,0.13763,12.0,109.0
2025-07-25T08:16:47.067887,AGT-USDT,0.005595,0.005598,507.0,100.0
2025-07-25T08:16:47.067931,1INCH-USDT,0.2729,0.2731,2707.0,964.0
2025-07-25T08:16:47.067973,AEVO-USDT,0.10443,0.10452,794.0,491.0
2025-07-25T08:16:47.068532,ACE-USDT,0.561,0.5615,1.0,49.0
2025-07-25T08:16:47.069036,ANIME-USDT,0.01859,0.0186,59879.0,5.0
2025-07-25T08:16:47.070856,AIN-USDT,0.15319,0.15324,195.0,20.0
2025-07-25T08:16:47.071905,AAVE-USDT,286.98,287.01,48.0,19.0
2025-07-25T08:16:47.072029,A-USDT,0.55896,0.55899,167.0,118.0
2025-07-25T08:16:47.075172,ACH-USDT,0.02161,0.02164,1801.0,3795.0
2025-07-25T08:16:47.076653,AIXBT-USDT,0.13965,0.13968,427.0,3.0
2025-07-25T08:16:47.079604,AI-USDT,0.1309,0.13099,245.0,321.0
2025-07-25T08:16:47.082028,ALT-USDT,0.03339,0.03341,67928.0,6686.0
2025-07-25T08:16:47.082477,AERGO-USDT,0.1307,0.13073,343.0,4.0
2025-07-25T08:16:47.082702,ADA-USDT,0.7981,0.7983,593.0,152.0
2025-07-25T08:16:47.082809,ACT-USDT,0.0441,0.04412,73.0,2.0
2025-07-25T08:16:47.539238,ALGO-USDT,0.2575,0.2576,4.0,47.0
2025-07-25T08:16:47.541115,AI16Z-USDT,0.1464,0.1466,18504.0,19128.0
2025-07-25T08:16:47.543767,AGLD-USDT,0.7683,0.7686,21.0,2.0
2025-07-25T08:16:47.543822,AERO-USDT,0.8756,0.8758,167.0,755.0
2025-07-25T08:16:47.543861,ALCH-USDT,0.13762,0.13763,12.0,109.0
2025-07-25T08:16:47.546186,AGT-USDT,0.005596,0.005599,213.0,125.0
2025-07-25T08:16:47.546316,1INCH-USDT,0.2729,0.2731,2707.0,964.0
2025-07-25T08:16:47.546368,AEVO-USDT,0.10443,0.10452,792.0,489.0
2025-07-25T08:16:47.546410,ACE-USDT,0.561,0.5615,1.0,49.0
2025-07-25T08:16:47.547066,ANIME-USDT,0.01859,0.01861,59883.0,89.0
2025-07-25T08:16:47.548625,AIN-USDT,0.1532,0.15323,192.0,34.0
2025-07-25T08:16:47.549292,AAVE-USDT,286.98,287.01,48.0,19.0
2025-07-25T08:16:47.550663,A-USDT,0.55902,0.55905,162.0,210.0
2025-07-25T08:16:47.552869,ACH-USDT,0.02161,0.02164,1804.0,3795.0
2025-07-25T08:16:47.553234,AIXBT-USDT,0.13967,0.13968,436.0,3.0
2025-07-25T08:16:47.556576,AI-USDT,0.1309,0.13099,245.0,321.0
2025-07-25T08:16:47.556620,ALT-USDT,0.03339,0.03341,67928.0,6686.0
2025-07-25T08:16:47.556655,AERGO-USDT,0.1307,0.13073,343.0,4.0
2025-07-25T08:16:47.559085,ADA-USDT,0.7982,0.7983,726.0,152.0
2025-07-25T08:16:47.559130,ACT-USDT,0.0441,0.04412,73.0,2.0
2025-07-25T08:16:48.036153,ALGO-USDT,0.2575,0.2576,4.0,47.0
2025-07-25T08:16:48.038266,AI16Z-USDT,0.1464,0.1466,18504.0,19128.0
2025-07-25T08:16:48.042726,AGLD-USDT,0.7685,0.7686,21.0,2.0
2025-07-25T08:16:48.042811,AERO-USDT,0.8756,0.8758,167.0,755.0
2025-07-25T08:16:48.046600,ALCH-USDT,0.13762,0.13763,12.0,109.0
2025-07-25T08:16:48.046640,AGT-USDT,0.005596,0.005599,213.0,125.0
2025-07-25T08:16:48.046668,1INCH-USDT,0.2729,0.2731,3275.0,84.0
2025-07-25T08:16:48.046698,AEVO-USDT,0.10445,0.10452,1275.0,2.0
2025-07-25T08:16:48.046725,ACE-USDT,0.561,0.5615,1.0,461.0
2025-07-25T08:16:48.046747,ANIME-USDT,0.01859,0.01861,59883.0,89.0
2025-07-25T08:16:48.049441,AIN-USDT,0.15324,0.1533,16.0,55.0
2025-07-25T08:16:48.051335,AAVE-USDT,286.97,287.0,51.0,30.0
2025-07-25T08:16:48.053349,A-USDT,0.55902,0.55905,162.0,210.0
2025-07-25T08:16:48.056422,ACH-USDT,0.02161,0.02164,2972.0,2149.0
2025-07-25T08:16:48.056759,AIXBT-USDT,0.13969,0.13973,201.0,1076.0
2025-07-25T08:16:48.059818,AI-USDT,0.1309,0.13098,247.0,362.0
2025-07-25T08:16:48.060326,ALT-USDT,0.03339,0.03341,67925.0,6.0
2025-07-25T08:16:48.063187,AERGO-USDT,0.1307,0.13073,343.0,4.0
2025-07-25T08:16:48.063311,ADA-USDT,0.7982,0.7983,726.0,152.0
2025-07-25T08:16:48.063438,ACT-USDT,0.0441,0.04412,203.0,2.0
2025-07-25T08:16:48.530107,ALGO-USDT,0.2575,0.2576,4.0,47.0
2025-07-25T08:16:48.530482,AI16Z-USDT,0.1465,0.1466,40205.0,8.0
2025-07-25T08:16:48.534944,AGLD-USDT,0.7685,0.7686,15.0,2.0
2025-07-25T08:16:48.535026,AERO-USDT,0.8756,0.8758,1568.0,2.0
2025-07-25T08:16:48.536126,ALCH-USDT,0.13762,0.13763,12.0,109.0
2025-07-25T08:16:48.537843,AGT-USDT,0.005592,0.005598,93.0,11.0
2025-07-25T08:16:48.537886,1INCH-USDT,0.2729,0.2731,3275.0,81.0
2025-07-25T08:16:48.538991,AEVO-USDT,0.10447,0.10452,1458.0,2.0
2025-07-25T08:16:48.539696,ACE-USDT,0.561,0.5615,1.0,461.0
2025-07-25T08:16:48.539737,ANIME-USDT,0.01859,0.01861,17299.0,13853.0
2025-07-25T08:16:48.545626,AIN-USDT,0.15321,0.15329,18.0,55.0
2025-07-25T08:16:48.545664,AAVE-USDT,286.97,287.0,51.0,17.0
2025-07-25T08:16:48.546249,A-USDT,0.55906,0.55908,81.0,305.0
2025-07-25T08:16:48.550376,ACH-USDT,0.02161,0.02164,2972.0,2149.0
2025-07-25T08:16:48.550417,AIXBT-USDT,0.13969,0.13973,201.0,1076.0
2025-07-25T08:16:48.552158,AI-USDT,0.1309,0.13098,247.0,362.0
2025-07-25T08:16:48.552679,ALT-USDT,0.0334,0.03341,63948.0,4.0
2025-07-25T08:16:48.553971,AERGO-USDT,0.1307,0.13073,343.0,4.0
2025-07-25T08:16:48.555202,ADA-USDT,0.7983,0.7984,1124.0,4.0
2025-07-25T08:16:48.555243,ACT-USDT,0.0441,0.04412,203.0,2.0
2025-07-25T08:16:49.062365,ALGO-USDT,0.2575,0.2576,4.0,3.0
2025-07-25T08:16:49.070644,AI16Z-USDT,0.1465,0.1466,17192.0,4.0
2025-07-25T08:16:49.070719,AGLD-USDT,0.7685,0.7686,12.0,2.0
2025-07-25T08:16:49.070813,AERO-USDT,0.8756,0.8758,1568.0,2.0
2025-07-25T08:16:49.070872,ALCH-USDT,0.13762,0.13763,12.0,109.0
2025-07-25T08:16:49.070920,AGT-USDT,0.005592,0.005598,93.0,11.0
2025-07-25T08:16:49.071003,1INCH-USDT,0.273,0.2731,3298.0,3.0
2025-07-25T08:16:49.071690,AEVO-USDT,0.10447,0.10453,1458.0,5.0
2025-07-25T08:16:49.071774,ACE-USDT,0.561,0.5615,1.0,465.0
2025-07-25T08:16:49.081644,ANIME-USDT,0.01859,0.01861,16374.0,12.0
2025-07-25T08:16:49.084629,AIN-USDT,0.15321,0.15329,21.0,57.0
2025-07-25T08:16:49.084746,AAVE-USDT,286.97,287.0,51.0,17.0
2025-07-25T08:16:49.085039,A-USDT,0.55906,0.55908,81.0,305.0
2025-07-25T08:16:49.085071,ACH-USDT,0.02161,0.02164,2973.0,2149.0
2025-07-25T08:16:49.085096,AIXBT-USDT,0.13968,0.13973,115.0,1052.0
2025-07-25T08:16:49.085119,AI-USDT,0.1309,0.13098,923.0,46.0
2025-07-25T08:16:49.085140,ALT-USDT,0.0334,0.03341,63951.0,4.0
2025-07-25T08:16:49.086757,AERGO-USDT,0.1307,0.13073,343.0,4.0
2025-07-25T08:16:49.086885,ADA-USDT,0.7985,0.7986,397.0,450.0
2025-07-25T08:16:49.086910,ACT-USDT,0.0441,0.04412,203.0,2.0
2025-07-25T08:16:49.559751,ALGO-USDT,0.2575,0.2576,4.0,3.0
2025-07-25T08:16:49.559804,AI16Z-USDT,0.1465,0.1466,17192.0,4.0
2025-07-25T08:16:49.561413,AGLD-USDT,0.7685,0.7686,12.0,2.0
2025-07-25T08:16:49.561601,AERO-USDT,0.8757,0.8758,1047.0,2.0
2025-07-25T08:16:49.562416,ALCH-USDT,0.13762,0.13763,12.0,109.0
2025-07-25T08:16:49.563404,AGT-USDT,0.005593,0.005595,1300.0,98.0
2025-07-25T08:16:49.563440,1INCH-USDT,0.273,0.2731,3298.0,3.0
2025-07-25T08:16:49.564056,AEVO-USDT,0.10447,0.10453,1458.0,5.0
2025-07-25T08:16:49.564958,ACE-USDT,0.5611,0.5615,380.0,5.0
2025-07-25T08:16:49.564994,ANIME-USDT,0.01859,0.01861,16374.0,12.0
2025-07-25T08:16:49.566671,AIN-USDT,0.15327,0.15329,14.0,2.0
2025-07-25T08:16:49.567930,AAVE-USDT,287.01,287.03,190.0,8.0
2025-07-25T08:16:49.568727,A-USDT,0.55922,0.55923,148.0,35.0
2025-07-25T08:16:49.571468,ACH-USDT,0.02161,0.02163,4077.0,10.0
2025-07-25T08:16:49.571503,AIXBT-USDT,0.13972,0.13973,206.0,892.0
2025-07-25T08:16:49.572882,AI-USDT,0.13095,0.13098,81.0,5.0
2025-07-25T08:16:49.573443,ALT-USDT,0.0334,0.03341,63951.0,4.0
2025-07-25T08:16:49.575130,AERGO-USDT,0.1307,0.13075,343.0,8.0
2025-07-25T08:16:49.575167,ADA-USDT,0.7985,0.7986,397.0,450.0
2025-07-25T08:16:49.575196,ACT-USDT,0.04411,0.04412,980.0,2.0
2025-07-25T08:16:50.049485,ALGO-USDT,0.2575,0.2577,4.0,86.0
2025-07-25T08:16:50.049975,AI16Z-USDT,0.1465,0.1466,60741.0,4.0
2025-07-25T08:16:50.053427,AGLD-USDT,0.7687,0.7691,65.0,41.0
2025-07-25T08:16:50.053464,AERO-USDT,0.8759,0.8763,1150.0,81.0
2025-07-25T08:16:50.054539,ALCH-USDT,0.13765,0.13766,43.0,6.0
2025-07-25T08:16:50.054921,AGT-USDT,0.005593,0.005595,1300.0,98.0
2025-07-25T08:16:50.054960,1INCH-USDT,0.273,0.2731,3298.0,3.0
2025-07-25T08:16:50.056286,AEVO-USDT,0.10449,0.10453,732.0,5.0
2025-07-25T08:16:50.056526,ACE-USDT,0.5611,0.5615,380.0,5.0
2025-07-25T08:16:50.056573,ANIME-USDT,0.0186,0.01861,48300.0,3.0
2025-07-25T08:16:50.058220,AIN-USDT,0.15326,0.15329,16.0,5.0
2025-07-25T08:16:50.059369,AAVE-USDT,287.14,287.15,143.0,90.0
2025-07-25T08:16:50.060539,A-USDT,0.55922,0.55923,148.0,35.0
2025-07-25T08:16:50.062295,ACH-USDT,0.02161,0.02163,4077.0,10.0
2025-07-25T08:16:50.062337,AIXBT-USDT,0.13972,0.13973,206.0,892.0
2025-07-25T08:16:50.064881,AI-USDT,0.13095,0.13098,81.0,5.0
2025-07-25T08:16:50.064923,ALT-USDT,0.03341,0.03343,9527.0,32351.0
2025-07-25T08:16:50.067054,AERGO-USDT,0.1307,0.13075,343.0,8.0
2025-07-25T08:16:50.067093,ADA-USDT,0.7986,0.7988,834.0,75.0
2025-07-25T08:16:50.067123,ACT-USDT,0.04412,0.04414,631.0,5.0
2025-07-25T08:16:50.539226,ALGO-USDT,0.2576,0.2577,1713.0,4.0
2025-07-25T08:16:50.540887,AI16Z-USDT,0.1466,0.1468,4801.0,50202.0
2025-07-25T08:16:50.544110,AGLD-USDT,0.7689,0.7695,93.0,168.0
2025-07-25T08:16:50.544181,AERO-USDT,0.8759,0.8764,990.0,180.0
2025-07-25T08:16:50.544900,ALCH-USDT,0.13765,0.13766,43.0,6.0
2025-07-25T08:16:50.547273,AGT-USDT,0.005593,0.005595,1300.0,98.0
2025-07-25T08:16:50.547311,1INCH-USDT,0.2731,0.2733,2718.0,54.0
2025-07-25T08:16:50.547339,AEVO-USDT,0.10449,0.10453,1.0,4.0
2025-07-25T08:16:50.547365,ACE-USDT,0.5613,0.5615,99.0,5.0
2025-07-25T08:16:50.547755,ANIME-USDT,0.0186,0.01862,48300.0,17.0
2025-07-25T08:16:50.549873,AIN-USDT,0.15334,0.15336,16.0,78.0
2025-07-25T08:16:50.550598,AAVE-USDT,287.14,287.15,143.0,90.0
2025-07-25T08:16:50.552430,A-USDT,0.55922,0.55923,148.0,35.0
2025-07-25T08:16:50.553490,ACH-USDT,0.02161,0.02163,10549.0,10.0
2025-07-25T08:16:50.553527,AIXBT-USDT,0.13975,0.13976,248.0,643.0
2025-07-25T08:16:50.555640,AI-USDT,0.13096,0.13098,1051.0,5.0
2025-07-25T08:16:50.556051,ALT-USDT,0.03342,0.03343,19021.0,4.0
2025-07-25T08:16:50.556931,AERGO-USDT,0.13073,0.13075,2808.0,4.0
2025-07-25T08:16:50.557032,ADA-USDT,0.7988,0.799,341.0,313.0
2025-07-25T08:16:50.557075,ACT-USDT,0.04412,0.04415,1556.0,350.0
2025-07-25T08:16:51.052531,ALGO-USDT,0.2576,0.2577,1713.0,4.0
2025-07-25T08:16:51.052583,AI16Z-USDT,0.1466,0.1468,4801.0,50202.0
2025-07-25T08:16:51.052650,AGLD-USDT,0.7689,0.7695,74.0,1.0
2025-07-25T08:16:51.052699,AERO-USDT,0.8759,0.8764,990.0,180.0
2025-07-25T08:16:51.053069,ALCH-USDT,0.13765,0.13766,43.0,6.0
2025-07-25T08:16:51.054384,AGT-USDT,0.005589,0.005592,817.0,308.0
2025-07-25T08:16:51.054421,1INCH-USDT,0.2731,0.2734,4794.0,4148.0
2025-07-25T08:16:51.055142,AEVO-USDT,0.10449,0.10453,648.0,4.0
2025-07-25T08:16:51.055669,ACE-USDT,0.5613,0.5615,292.0,5.0
2025-07-25T08:16:51.056432,ANIME-USDT,0.0186,0.01862,48300.0,17.0
2025-07-25T08:16:51.058158,AIN-USDT,0.15328,0.15335,16.0,51.0
2025-07-25T08:16:51.059759,AAVE-USDT,287.14,287.15,57.0,90.0
2025-07-25T08:16:51.062211,A-USDT,0.55933,0.55934,384.0,209.0
2025-07-25T08:16:51.063602,ACH-USDT,0.02161,0.02163,10549.0,10.0
2025-07-25T08:16:51.063641,AIXBT-USDT,0.13977,0.13978,206.0,159.0
2025-07-25T08:16:51.065355,AI-USDT,0.13095,0.13098,819.0,5.0
2025-07-25T08:16:51.065895,ALT-USDT,0.03342,0.03343,19021.0,4.0
2025-07-25T08:16:51.067294,AERGO-USDT,0.13075,0.13078,2810.0,130.0
2025-07-25T08:16:51.067582,ADA-USDT,0.7988,0.799,341.0,313.0
2025-07-25T08:16:51.067627,ACT-USDT,0.04412,0.04415,1556.0,347.0
2025-07-25T08:16:51.548682,ALGO-USDT,0.2576,0.2577,1713.0,4.0
2025-07-25T08:16:51.548813,AI16Z-USDT,0.1466,0.1468,50498.0,14414.0
2025-07-25T08:16:51.550508,AGLD-USDT,0.7689,0.7695,74.0,1.0
2025-07-25T08:16:51.550544,AERO-USDT,0.8759,0.8764,956.0,183.0
2025-07-25T08:16:51.554474,ALCH-USDT,0.13765,0.13766,43.0,6.0
2025-07-25T08:16:51.554509,AGT-USDT,0.005589,0.005592,817.0,308.0
2025-07-25T08:16:51.554528,1INCH-USDT,0.2731,0.2734,4794.0,4148.0
2025-07-25T08:16:51.554546,AEVO-USDT,0.10449,0.10453,648.0,4.0
2025-07-25T08:16:51.554564,ACE-USDT,0.5613,0.5617,292.0,5.0
2025-07-25T08:16:51.554581,ANIME-USDT,0.0186,0.01862,17590.0,8289.0
2025-07-25T08:16:51.556519,AIN-USDT,0.15323,0.15326,90.0,53.0
2025-07-25T08:16:51.558337,AAVE-USDT,287.17,287.19,200.0,36.0
2025-07-25T08:16:51.559503,A-USDT,0.55933,0.55934,384.0,209.0
2025-07-25T08:16:51.562197,ACH-USDT,0.02161,0.02163,11469.0,12.0
2025-07-25T08:16:51.562246,AIXBT-USDT,0.13977,0.13978,206.0,159.0
2025-07-25T08:16:51.563530,AI-USDT,0.13096,0.13101,945.0,871.0
2025-07-25T08:16:51.563760,ALT-USDT,0.03342,0.03343,47341.0,4.0
2025-07-25T08:16:51.565280,AERGO-USDT,0.13075,0.13078,2810.0,3.0
2025-07-25T08:16:51.565320,ADA-USDT,0.7987,0.799,372.0,4.0
2025-07-25T08:16:51.565345,ACT-USDT,0.04412,0.04415,943.0,347.0
2025-07-25T08:16:52.047608,ALGO-USDT,0.2575,0.2577,1852.0,4.0
2025-07-25T08:16:52.051551,AI16Z-USDT,0.1466,0.1468,50496.0,14412.0
2025-07-25T08:16:52.051591,AGLD-USDT,0.769,0.7696,99.0,404.0
2025-07-25T08:16:52.051621,AERO-USDT,0.8759,0.8763,756.0,759.0
2025-07-25T08:16:52.052233,ALCH-USDT,0.13765,0.13766,43.0,6.0
2025-07-25T08:16:52.054907,AGT-USDT,0.00559,0.005592,781.0,1.0
2025-07-25T08:16:52.054944,1INCH-USDT,0.2731,0.2734,4794.0,4148.0
2025-07-25T08:16:52.054973,AEVO-USDT,0.1045,0.10453,647.0,4.0
2025-07-25T08:16:52.054998,ACE-USDT,0.5613,0.5617,292.0,5.0
2025-07-25T08:16:52.055020,ANIME-USDT,0.0186,0.01862,32456.0,1732.0
2025-07-25T08:16:52.056409,AIN-USDT,0.15323,0.15328,90.0,57.0
2025-07-25T08:16:52.057933,AAVE-USDT,287.17,287.19,200.0,36.0
2025-07-25T08:16:52.058965,A-USDT,0.55938,0.55941,189.0,99.0
2025-07-25T08:16:52.060873,ACH-USDT,0.02161,0.02163,11469.0,12.0
2025-07-25T08:16:52.060908,AIXBT-USDT,0.13978,0.1398,293.0,83.0
2025-07-25T08:16:52.062089,AI-USDT,0.13096,0.13101,945.0,871.0
2025-07-25T08:16:52.062373,ALT-USDT,0.03342,0.03343,47341.0,4.0
2025-07-25T08:16:52.063932,AERGO-USDT,0.13075,0.13078,2810.0,3.0
2025-07-25T08:16:52.063969,ADA-USDT,0.7987,0.799,372.0,4.0
2025-07-25T08:16:52.063998,ACT-USDT,0.04412,0.04415,943.0,290.0
2025-07-25T08:16:52.551081,ALGO-USDT,0.2576,0.2577,1771.0,4.0
2025-07-25T08:16:52.551881,AI16Z-USDT,0.1466,0.1468,45353.0,70.0
2025-07-25T08:16:52.556663,AGLD-USDT,0.7691,0.7696,88.0,393.0
2025-07-25T08:16:52.556732,AERO-USDT,0.8758,0.8763,857.0,736.0
2025-07-25T08:16:52.556962,ALCH-USDT,0.13765,0.13766,43.0,6.0
2025-07-25T08:16:52.557550,AGT-USDT,0.00559,0.005592,781.0,1.0
2025-07-25T08:16:52.557633,1INCH-USDT,0.2731,0.2734,4631.0,3783.0
2025-07-25T08:16:52.559302,AEVO-USDT,0.10447,0.10454,3248.0,3703.0
2025-07-25T08:16:52.559345,ACE-USDT,0.5613,0.5617,115.0,5.0
2025-07-25T08:16:52.559373,ANIME-USDT,0.0186,0.01862,32456.0,1732.0
2025-07-25T08:16:52.560859,AIN-USDT,0.15322,0.15328,271.0,4.0
2025-07-25T08:16:52.563008,AAVE-USDT,287.14,287.16,5.0,62.0
2025-07-25T08:16:52.565889,A-USDT,0.55938,0.55941,189.0,99.0
2025-07-25T08:16:52.567966,ACH-USDT,0.02161,0.02163,11470.0,12.0
2025-07-25T08:16:52.568089,AIXBT-USDT,0.13979,0.1398,168.0,82.0
2025-07-25T08:16:52.568204,AI-USDT,0.13096,0.13101,4.0,871.0
2025-07-25T08:16:52.568310,ALT-USDT,0.03342,0.03344,47341.0,7075.0
2025-07-25T08:16:52.569593,AERGO-USDT,0.13075,0.13078,2810.0,3.0
2025-07-25T08:16:52.569755,ADA-USDT,0.7989,0.7991,308.0,319.0
2025-07-25T08:16:52.569826,ACT-USDT,0.04412,0.04415,943.0,293.0
2025-07-25T08:16:53.045625,ALGO-USDT,0.2576,0.2577,1771.0,4.0
2025-07-25T08:16:53.046046,AI16Z-USDT,0.1466,0.1468,45353.0,70.0
2025-07-25T08:16:53.049854,AGLD-USDT,0.769,0.7696,4.0,395.0
2025-07-25T08:16:53.049890,AERO-USDT,0.8759,0.8763,909.0,5.0
2025-07-25T08:16:53.050146,ALCH-USDT,0.13765,0.13766,153.0,43.0
2025-07-25T08:16:53.051555,AGT-USDT,0.005593,0.005595,54.0,112.0
2025-07-25T08:16:53.051595,1INCH-USDT,0.2732,0.2734,4627.0,964.0
2025-07-25T08:16:53.052077,AEVO-USDT,0.10448,0.10454,1638.0,3703.0
2025-07-25T08:16:53.052113,ACE-USDT,0.5613,0.5617,21.0,5.0
2025-07-25T08:16:53.052143,ANIME-USDT,0.0186,0.01862,32456.0,1730.0
2025-07-25T08:16:53.057287,AIN-USDT,0.15338,0.15339,16.0,218.0
2025-07-25T08:16:53.057324,AAVE-USDT,287.16,287.19,45.0,29.0
2025-07-25T08:16:53.057354,A-USDT,0.55938,0.55941,189.0,99.0
2025-07-25T08:16:53.058927,ACH-USDT,0.02161,0.02163,9259.0,15.0
2025-07-25T08:16:53.058966,AIXBT-USDT,0.13979,0.1398,168.0,82.0
2025-07-25T08:16:53.060917,AI-USDT,0.13096,0.13101,1706.0,871.0
2025-07-25T08:16:53.060965,ALT-USDT,0.03342,0.03344,47341.0,7075.0
2025-07-25T08:16:53.062320,AERGO-USDT,0.13075,0.13078,2810.0,3.0
2025-07-25T08:16:53.062359,ADA-USDT,0.7989,0.7991,308.0,319.0
2025-07-25T08:16:53.062388,ACT-USDT,0.04412,0.04415,943.0,293.0
2025-07-25T08:16:53.547809,ALGO-USDT,0.2576,0.2577,1848.0,4.0
2025-07-25T08:16:53.547859,AI16Z-USDT,0.1467,0.1468,46199.0,3.0
2025-07-25T08:16:53.549613,AGLD-USDT,0.7689,0.7695,78.0,91.0
2025-07-25T08:16:53.549720,AERO-USDT,0.8759,0.8764,911.0,12.0
2025-07-25T08:16:53.550504,ALCH-USDT,0.13765,0.13766,153.0,43.0
2025-07-25T08:16:53.551543,AGT-USDT,0.005593,0.005595,54.0,112.0
2025-07-25T08:16:53.551582,1INCH-USDT,0.2732,0.2734,4629.0,964.0
2025-07-25T08:16:53.552943,AEVO-USDT,0.10453,0.10454,5.0,3703.0
2025-07-25T08:16:53.552978,ACE-USDT,0.5613,0.5617,21.0,5.0
2025-07-25T08:16:53.553008,ANIME-USDT,0.0186,0.01862,18724.0,4797.0
2025-07-25T08:16:53.554602,AIN-USDT,0.15338,0.15339,16.0,218.0
2025-07-25T08:16:53.555850,AAVE-USDT,287.17,287.19,267.0,2.0
2025-07-25T08:16:53.557831,A-USDT,0.55938,0.55941,189.0,99.0
2025-07-25T08:16:53.559914,ACH-USDT,0.02161,0.02163,9211.0,14.0
2025-07-25T08:16:53.559982,AIXBT-USDT,0.1398,0.13981,3.0,901.0
2025-07-25T08:16:53.560935,AI-USDT,0.13097,0.13101,1387.0,871.0
2025-07-25T08:16:53.561600,ALT-USDT,0.03343,0.03344,53457.0,2.0
2025-07-25T08:16:53.563151,AERGO-USDT,0.13076,0.13078,2771.0,3.0
2025-07-25T08:16:53.563189,ADA-USDT,0.799,0.7991,611.0,1.0
2025-07-25T08:16:53.563230,ACT-USDT,0.04413,0.04415,1225.0,5.0
2025-07-25T08:16:54.069236,ALGO-USDT,0.2577,0.2578,1038.0,3.0
2025-07-25T08:16:54.069286,AI16Z-USDT,0.1467,0.1468,46199.0,3.0
2025-07-25T08:16:54.069325,AGLD-USDT,0.7689,0.7695,78.0,91.0
2025-07-25T08:16:54.069583,AERO-USDT,0.876,0.8764,909.0,12.0
2025-07-25T08:16:54.070136,ALCH-USDT,0.13765,0.13766,153.0,43.0
2025-07-25T08:16:54.071257,AGT-USDT,0.005592,0.005595,151.0,112.0
2025-07-25T08:16:54.071306,1INCH-USDT,0.2732,0.2734,4629.0,964.0
2025-07-25T08:16:54.072253,AEVO-USDT,0.10453,0.10454,5.0,3703.0
2025-07-25T08:16:54.073202,ACE-USDT,0.5613,0.5617,19.0,5.0
2025-07-25T08:16:54.073832,ANIME-USDT,0.0186,0.01862,18724.0,4797.0
2025-07-25T08:16:54.075264,AIN-USDT,0.15336,0.15339,17.0,218.0
2025-07-25T08:16:54.076474,AAVE-USDT,287.17,287.19,270.0,2.0
2025-07-25T08:16:54.078028,A-USDT,0.55938,0.55941,189.0,99.0
2025-07-25T08:16:54.080513,ACH-USDT,0.02161,0.02163,9211.0,14.0
2025-07-25T08:16:54.080553,AIXBT-USDT,0.1398,0.13981,170.0,901.0
2025-07-25T08:16:54.083314,AI-USDT,0.13097,0.13101,1387.0,871.0
2025-07-25T08:16:54.083357,ALT-USDT,0.03343,0.03344,53461.0,2.0
2025-07-25T08:16:54.083382,AERGO-USDT,0.13076,0.13078,2771.0,3.0
2025-07-25T08:16:54.083404,ADA-USDT,0.799,0.7992,612.0,43.0
2025-07-25T08:16:54.083424,ACT-USDT,0.04413,0.04416,1225.0,42.0
2025-07-25T08:16:54.531482,ALGO-USDT,0.2577,0.2579,694.0,114.0
2025-07-25T08:16:54.533244,AI16Z-USDT,0.1467,0.1469,1890.0,47750.0
2025-07-25T08:16:54.537192,AGLD-USDT,0.7691,0.7695,65.0,2.0
2025-07-25T08:16:54.537298,AERO-USDT,0.876,0.8764,1025.0,12.0
2025-07-25T08:16:54.537721,ALCH-USDT,0.13765,0.13766,153.0,43.0
2025-07-25T08:16:54.539014,AGT-USDT,0.005592,0.005595,151.0,112.0
2025-07-25T08:16:54.539128,1INCH-USDT,0.2732,0.2734,2871.0,5.0
2025-07-25T08:16:54.542420,AEVO-USDT,0.10453,0.10454,5.0,3703.0
2025-07-25T08:16:54.542778,ACE-USDT,0.5613,0.5617,19.0,5.0
2025-07-25T08:16:54.542848,ANIME-USDT,0.0186,0.01862,41519.0,436.0
2025-07-25T08:16:54.549393,AIN-USDT,0.15337,0.15339,19.0,218.0
2025-07-25T08:16:54.549449,AAVE-USDT,287.17,287.19,270.0,2.0
2025-07-25T08:16:54.549486,A-USDT,0.55945,0.55946,185.0,248.0
2025-07-25T08:16:54.549519,ACH-USDT,0.02161,0.02163,9187.0,6.0
2025-07-25T08:16:54.549551,AIXBT-USDT,0.1398,0.13981,170.0,901.0
2025-07-25T08:16:54.549586,AI-USDT,0.13097,0.13101,1387.0,871.0
2025-07-25T08:16:54.549616,ALT-USDT,0.03343,0.03345,53463.0,369839.0
2025-07-25T08:16:54.552349,AERGO-USDT,0.13079,0.13087,2771.0,127.0
2025-07-25T08:16:54.552395,ADA-USDT,0.7989,0.7992,331.0,3.0
2025-07-25T08:16:54.552430,ACT-USDT,0.04413,0.04415,971.0,332.0
2025-07-25T08:16:55.055664,ALGO-USDT,0.2577,0.2579,694.0,114.0
2025-07-25T08:16:55.056022,AI16Z-USDT,0.1467,0.1469,15034.0,29840.0
2025-07-25T08:16:55.056059,AGLD-USDT,0.7691,0.7696,65.0,409.0
2025-07-25T08:16:55.056083,AERO-USDT,0.876,0.8764,1025.0,12.0
2025-07-25T08:16:55.056618,ALCH-USDT,0.13765,0.13766,153.0,43.0
2025-07-25T08:16:55.057215,AGT-USDT,0.005592,0.005595,151.0,112.0
2025-07-25T08:16:55.057378,1INCH-USDT,0.2732,0.2734,2.0,1739.0
2025-07-25T08:16:55.057826,AEVO-USDT,0.10452,0.10454,5.0,3703.0
2025-07-25T08:16:55.058389,ACE-USDT,0.5613,0.5617,201.0,5.0
2025-07-25T08:16:55.058426,ANIME-USDT,0.0186,0.01862,53325.0,432.0
2025-07-25T08:16:55.060947,AIN-USDT,0.15337,0.15339,19.0,218.0
2025-07-25T08:16:55.061943,AAVE-USDT,287.17,287.19,184.0,18.0
2025-07-25T08:16:55.063092,A-USDT,0.55945,0.55946,185.0,248.0
2025-07-25T08:16:55.064655,ACH-USDT,0.02163,0.02164,928.0,1.0
2025-07-25T08:16:55.064695,AIXBT-USDT,0.13981,0.13982,2.0,72.0
2025-07-25T08:16:55.066610,AI-USDT,0.13096,0.13101,875.0,871.0
2025-07-25T08:16:55.066973,ALT-USDT,0.03343,0.03345,53463.0,369839.0
2025-07-25T08:16:55.068618,AERGO-USDT,0.13079,0.13087,2771.0,127.0
2025-07-25T08:16:55.068768,ADA-USDT,0.799,0.7992,385.0,327.0
2025-07-25T08:16:55.068899,ACT-USDT,0.04413,0.04415,971.0,332.0
2025-07-25T08:16:55.555755,ALGO-USDT,0.2577,0.2579,694.0,114.0
2025-07-25T08:16:55.556699,AI16Z-USDT,0.1467,0.1469,15035.0,29840.0
2025-07-25T08:16:55.559998,AGLD-USDT,0.7691,0.7695,90.0,180.0
2025-07-25T08:16:55.560037,AERO-USDT,0.876,0.8764,991.0,12.0
2025-07-25T08:16:55.560664,ALCH-USDT,0.13765,0.13766,180.0,33.0
2025-07-25T08:16:55.562393,AGT-USDT,0.005594,0.005599,280.0,110.0
2025-07-25T08:16:55.562429,1INCH-USDT,0.2732,0.2734,3489.0,4.0
2025-07-25T08:16:55.562451,AEVO-USDT,0.10452,0.10454,4.0,3703.0
2025-07-25T08:16:55.562472,ACE-USDT,0.5616,0.5622,170.0,62.0
2025-07-25T08:16:55.563673,ANIME-USDT,0.0186,0.01862,52258.0,401.0
2025-07-25T08:16:55.566335,AIN-USDT,0.15338,0.15339,260.0,218.0
2025-07-25T08:16:55.566378,AAVE-USDT,287.17,287.19,72.0,9.0
2025-07-25T08:16:55.567178,A-USDT,0.55945,0.55946,186.0,227.0
2025-07-25T08:16:55.569843,ACH-USDT,0.02163,0.02164,2202.0,1.0
2025-07-25T08:16:55.569892,AIXBT-USDT,0.13976,0.13981,85.0,67.0
2025-07-25T08:16:55.571213,AI-USDT,0.13097,0.13101,1291.0,871.0
2025-07-25T08:16:55.571252,ALT-USDT,0.03343,0.03345,29428.0,23717.0
2025-07-25T08:16:55.571663,AERGO-USDT,0.1308,0.13087,2771.0,127.0
2025-07-25T08:16:55.571943,ADA-USDT,0.799,0.7992,385.0,327.0
2025-07-25T08:16:55.571979,ACT-USDT,0.04413,0.04416,1101.0,13.0
2025-07-25T08:16:56.047648,ALGO-USDT,0.2577,0.2579,708.0,114.0
2025-07-25T08:16:56.049602,AI16Z-USDT,0.1467,0.1469,15035.0,29840.0
2025-07-25T08:16:56.053542,AGLD-USDT,0.7691,0.7695,90.0,180.0
2025-07-25T08:16:56.053932,AERO-USDT,0.876,0.8764,991.0,12.0
2025-07-25T08:16:56.055716,ALCH-USDT,0.13765,0.13766,180.0,33.0
2025-07-25T08:16:56.056562,AGT-USDT,0.005594,0.005599,280.0,110.0
2025-07-25T08:16:56.057216,1INCH-USDT,0.2732,0.2735,5356.0,1665.0
2025-07-25T08:16:56.057987,AEVO-USDT,0.10452,0.10454,4.0,3703.0
2025-07-25T08:16:56.059405,ACE-USDT,0.5615,0.5622,170.0,63.0
2025-07-25T08:16:56.062468,ANIME-USDT,0.0186,0.01862,52258.0,401.0
2025-07-25T08:16:56.062542,AIN-USDT,0.15338,0.15346,16.0,321.0
2025-07-25T08:16:56.064577,AAVE-USDT,287.17,287.19,72.0,11.0
2025-07-25T08:16:56.066408,A-USDT,0.55945,0.55946,186.0,227.0
2025-07-25T08:16:56.068207,ACH-USDT,0.02163,0.02164,2205.0,1.0
2025-07-25T08:16:56.068247,AIXBT-USDT,0.13976,0.13981,85.0,67.0
2025-07-25T08:16:56.069660,AI-USDT,0.13097,0.13101,1294.0,871.0
2025-07-25T08:16:56.070115,ALT-USDT,0.03343,0.03345,29428.0,29665.0
2025-07-25T08:16:56.071369,AERGO-USDT,0.1308,0.13087,2771.0,127.0
2025-07-25T08:16:56.071409,ADA-USDT,0.799,0.7992,385.0,328.0
2025-07-25T08:16:56.071445,ACT-USDT,0.04413,0.04416,1104.0,13.0
2025-07-25T08:16:56.539050,ALGO-USDT,0.2577,0.2579,766.0,116.0
2025-07-25T08:16:56.540085,AI16Z-USDT,0.1467,0.1469,16868.0,22609.0
2025-07-25T08:16:56.543331,AGLD-USDT,0.7691,0.7695,89.0,15.0
2025-07-25T08:16:56.543369,AERO-USDT,0.876,0.8764,991.0,8.0
2025-07-25T08:16:56.544590,ALCH-USDT,0.13765,0.13766,180.0,33.0
2025-07-25T08:16:56.545545,AGT-USDT,0.005593,0.005598,48.0,559.0
2025-07-25T08:16:56.545581,1INCH-USDT,0.2732,0.2735,5356.0,1665.0
2025-07-25T08:16:56.546721,AEVO-USDT,0.10452,0.10454,6.0,3703.0
2025-07-25T08:16:56.547572,ACE-USDT,0.5615,0.5622,170.0,65.0
2025-07-25T08:16:56.547610,ANIME-USDT,0.0186,0.01862,52254.0,401.0
2025-07-25T08:16:56.549154,AIN-USDT,0.15345,0.15346,80.0,270.0
2025-07-25T08:16:56.550247,AAVE-USDT,287.18,287.19,188.0,4.0
2025-07-25T08:16:56.552075,A-USDT,0.55946,0.55948,188.0,166.0
2025-07-25T08:16:56.554395,ACH-USDT,0.02163,0.02164,2205.0,1.0
2025-07-25T08:16:56.555262,AIXBT-USDT,0.13977,0.1398,85.0,4.0
2025-07-25T08:16:56.556963,AI-USDT,0.13097,0.13101,1294.0,871.0
2025-07-25T08:16:56.557328,ALT-USDT,0.03343,0.03345,26439.0,29665.0
2025-07-25T08:16:56.559012,AERGO-USDT,0.1308,0.13087,2776.0,128.0
2025-07-25T08:16:56.559052,ADA-USDT,0.7989,0.7992,530.0,365.0
2025-07-25T08:16:56.559075,ACT-USDT,0.04413,0.04416,1634.0,13.0
2025-07-25T08:16:57.044757,ALGO-USDT,0.2577,0.2579,766.0,113.0
2025-07-25T08:16:57.044821,AI16Z-USDT,0.1467,0.1469,16800.0,22040.0
2025-07-25T08:16:57.048873,AGLD-USDT,0.7691,0.7695,92.0,15.0
2025-07-25T08:16:57.048894,AERO-USDT,0.876,0.8764,991.0,8.0
2025-07-25T08:16:57.050868,ALCH-USDT,0.13765,0.13766,180.0,33.0
2025-07-25T08:16:57.050926,AGT-USDT,0.005593,0.005598,48.0,559.0
2025-07-25T08:16:57.050980,1INCH-USDT,0.2732,0.2735,5356.0,1666.0
2025-07-25T08:16:57.051880,AEVO-USDT,0.10452,0.10454,6.0,3703.0
2025-07-25T08:16:57.052627,ACE-USDT,0.5615,0.5622,170.0,65.0
2025-07-25T08:16:57.052690,ANIME-USDT,0.0186,0.01862,52254.0,401.0
2025-07-25T08:16:57.056144,AIN-USDT,0.15345,0.15346,80.0,270.0
2025-07-25T08:16:57.056177,AAVE-USDT,287.18,287.19,188.0,4.0
2025-07-25T08:16:57.057647,A-USDT,0.55946,0.55948,188.0,166.0
2025-07-25T08:16:57.060540,ACH-USDT,0.02163,0.02164,2205.0,1.0
2025-07-25T08:16:57.060987,AIXBT-USDT,0.13978,0.13981,19.0,3.0
2025-07-25T08:16:57.064179,AI-USDT,0.13097,0.13101,877.0,871.0
2025-07-25T08:16:57.064292,ALT-USDT,0.03343,0.03345,26439.0,29667.0
2025-07-25T08:16:57.064758,AERGO-USDT,0.1308,0.13087,2776.0,128.0
2025-07-25T08:16:57.064921,ADA-USDT,0.7991,0.7992,770.0,4.0
2025-07-25T08:16:57.065291,ACT-USDT,0.04413,0.04416,1389.0,2.0
2025-07-25T08:16:57.540207,ALGO-USDT,0.2577,0.2579,766.0,113.0
2025-07-25T08:16:57.541088,AI16Z-USDT,0.1467,0.1469,16800.0,22040.0
2025-07-25T08:16:57.545602,AGLD-USDT,0.7691,0.7696,96.0,397.0
2025-07-25T08:16:57.546203,AERO-USDT,0.876,0.8764,1025.0,8.0
2025-07-25T08:16:57.548491,ALCH-USDT,0.13765,0.13766,180.0,33.0
2025-07-25T08:16:57.549649,AGT-USDT,0.005593,0.005596,3.0,185.0
2025-07-25T08:16:57.549687,1INCH-USDT,0.2733,0.2735,5359.0,1666.0
2025-07-25T08:16:57.551222,AEVO-USDT,0.10452,0.10454,1464.0,3703.0
2025-07-25T08:16:57.552097,ACE-USDT,0.5615,0.5622,175.0,65.0
2025-07-25T08:16:57.553521,ANIME-USDT,0.0186,0.01862,51991.0,308.0
2025-07-25T08:16:57.556100,AIN-USDT,0.15345,0.15346,366.0,268.0
2025-07-25T08:16:57.558436,AAVE-USDT,287.2,287.21,239.0,49.0
2025-07-25T08:16:57.560810,A-USDT,0.55946,0.55948,185.0,179.0
2025-07-25T08:16:57.563472,ACH-USDT,0.02163,0.02165,2203.0,2906.0
2025-07-25T08:16:57.564007,AIXBT-USDT,0.13978,0.13981,19.0,3.0
2025-07-25T08:16:57.566477,AI-USDT,0.13098,0.13101,2202.0,871.0
2025-07-25T08:16:57.566529,ALT-USDT,0.03343,0.03345,26439.0,29667.0
2025-07-25T08:16:57.568770,AERGO-USDT,0.13081,0.13087,2771.0,4.0
2025-07-25T08:16:57.568924,ADA-USDT,0.7991,0.7992,770.0,4.0
2025-07-25T08:16:57.569034,ACT-USDT,0.04413,0.04416,679.0,736.0
2025-07-25T08:16:58.051605,ALGO-USDT,0.2577,0.2579,762.0,1.0
2025-07-25T08:16:58.053997,AI16Z-USDT,0.1467,0.1469,36929.0,9081.0
2025-07-25T08:16:58.063981,AGLD-USDT,0.7693,0.7696,88.0,381.0
2025-07-25T08:16:58.064019,AERO-USDT,0.8761,0.8764,1024.0,8.0
2025-07-25T08:16:58.064047,ALCH-USDT,0.13771,0.13775,157.0,14.0
2025-07-25T08:16:58.064072,AGT-USDT,0.005593,0.005596,3.0,185.0
2025-07-25T08:16:58.064104,1INCH-USDT,0.2734,0.2736,1519.0,81.0
2025-07-25T08:16:58.064135,AEVO-USDT,0.10454,0.10456,2376.0,3.0
2025-07-25T08:16:58.064165,ACE-USDT,0.5615,0.5621,200.0,38.0
2025-07-25T08:16:58.064197,ANIME-USDT,0.01861,0.01862,52570.0,6.0
2025-07-25T08:16:58.064227,AIN-USDT,0.15345,0.15346,368.0,268.0
2025-07-25T08:16:58.064253,AAVE-USDT,287.25,287.28,73.0,45.0
2025-07-25T08:16:58.064282,A-USDT,0.55946,0.55948,185.0,179.0
2025-07-25T08:16:58.065220,ACH-USDT,0.02163,0.02165,3427.0,2.0
2025-07-25T08:16:58.065614,AIXBT-USDT,0.1398,0.13982,57.0,72.0
2025-07-25T08:16:58.067090,AI-USDT,0.13105,0.13111,1.0,1036.0
2025-07-25T08:16:58.067319,ALT-USDT,0.03344,0.03345,54564.0,8.0
2025-07-25T08:16:58.068367,AERGO-USDT,0.13084,0.13087,2771.0,4.0
2025-07-25T08:16:58.068408,ADA-USDT,0.7992,0.7993,263.0,445.0
2025-07-25T08:16:58.068437,ACT-USDT,0.04415,0.04416,961.0,2.0
2025-07-25T08:16:58.552580,ALGO-USDT,0.2578,0.258,888.0,1402.0
2025-07-25T08:16:58.553611,AI16Z-USDT,0.1467,0.1469,36929.0,9081.0
2025-07-25T08:16:58.556940,AGLD-USDT,0.7693,0.7696,88.0,380.0
2025-07-25T08:16:58.556985,AERO-USDT,0.8762,0.8764,1028.0,9.0
2025-07-25T08:16:58.558630,ALCH-USDT,0.13771,0.13775,157.0,14.0
2025-07-25T08:16:58.558673,AGT-USDT,0.005593,0.005596,3.0,39.0
2025-07-25T08:16:58.558703,1INCH-USDT,0.2734,0.2736,1519.0,78.0
2025-07-25T08:16:58.559777,AEVO-USDT,0.10454,0.10456,2160.0,1.0
2025-07-25T08:16:58.559840,ACE-USDT,0.5615,0.5621,200.0,42.0
2025-07-25T08:16:58.561299,ANIME-USDT,0.01861,0.01862,52570.0,6.0
2025-07-25T08:16:58.566392,AIN-USDT,0.15345,0.15346,4.0,268.0
2025-07-25T08:16:58.566439,AAVE-USDT,287.26,287.28,53.0,108.0
2025-07-25T08:16:58.566596,A-USDT,0.55966,0.55967,138.0,46.0
2025-07-25T08:16:58.568546,ACH-USDT,0.02163,0.02165,3427.0,2.0
2025-07-25T08:16:58.568605,AIXBT-USDT,0.13979,0.13982,3.0,72.0
2025-07-25T08:16:58.570904,AI-USDT,0.13104,0.13111,242.0,1036.0
2025-07-25T08:16:58.570971,ALT-USDT,0.03345,0.03347,14874.0,51345.0
2025-07-25T08:16:58.572141,AERGO-USDT,0.13085,0.13087,2771.0,4.0
2025-07-25T08:16:58.572198,ADA-USDT,0.7993,0.7995,1067.0,330.0
2025-07-25T08:16:58.572328,ACT-USDT,0.04416,0.04419,674.0,744.0
2025-07-25T08:16:59.043035,ALGO-USDT,0.2578,0.258,888.0,1402.0
2025-07-25T08:16:59.044718,AI16Z-USDT,0.1467,0.1469,36930.0,9081.0
2025-07-25T08:16:59.049236,AGLD-USDT,0.7692,0.7696,88.0,380.0
2025-07-25T08:16:59.049305,AERO-USDT,0.8762,0.8764,1405.0,9.0
2025-07-25T08:16:59.050860,ALCH-USDT,0.13768,0.13773,6.0,10.0
2025-07-25T08:16:59.052230,AGT-USDT,0.005593,0.005596,3.0,39.0
2025-07-25T08:16:59.052275,1INCH-USDT,0.2734,0.2736,2705.0,933.0
2025-07-25T08:16:59.054156,AEVO-USDT,0.10454,0.10456,2160.0,1.0
2025-07-25T08:16:59.054689,ACE-USDT,0.5615,0.5621,196.0,41.0
2025-07-25T08:16:59.054727,ANIME-USDT,0.01861,0.01862,11266.0,6.0
2025-07-25T08:16:59.057111,AIN-USDT,0.15345,0.15347,4.0,9.0
2025-07-25T08:16:59.058814,AAVE-USDT,287.26,287.28,53.0,108.0
2025-07-25T08:16:59.060543,A-USDT,0.55966,0.55967,138.0,46.0
2025-07-25T08:16:59.064014,ACH-USDT,0.02163,0.02166,3427.0,485.0
2025-07-25T08:16:59.064989,AIXBT-USDT,0.13979,0.13982,3.0,72.0
2025-07-25T08:16:59.066528,AI-USDT,0.13101,0.13111,237.0,1036.0
2025-07-25T08:16:59.066859,ALT-USDT,0.03345,0.03347,14874.0,51345.0
2025-07-25T08:16:59.068645,AERGO-USDT,0.13085,0.13087,2771.0,4.0
2025-07-25T08:16:59.068685,ADA-USDT,0.7993,0.7995,1067.0,330.0
2025-07-25T08:16:59.068714,ACT-USDT,0.04416,0.04419,679.0,748.0
2025-07-25T08:16:59.520476,ALGO-USDT,0.2578,0.258,888.0,1398.0
2025-07-25T08:16:59.522268,AI16Z-USDT,0.1467,0.1469,56387.0,9141.0
2025-07-25T08:16:59.531144,AGLD-USDT,0.7693,0.7696,92.0,380.0
2025-07-25T08:16:59.531184,AERO-USDT,0.8762,0.8764,1679.0,9.0
2025-07-25T08:16:59.531226,ALCH-USDT,0.13768,0.13773,6.0,10.0
2025-07-25T08:16:59.531262,AGT-USDT,0.005593,0.005596,3.0,39.0
2025-07-25T08:16:59.531295,1INCH-USDT,0.2734,0.2736,2705.0,937.0
2025-07-25T08:16:59.531328,AEVO-USDT,0.10454,0.10456,1962.0,1.0
2025-07-25T08:16:59.531358,ACE-USDT,0.5615,0.5621,196.0,577.0
2025-07-25T08:16:59.531384,ANIME-USDT,0.01861,0.01862,11265.0,5.0
2025-07-25T08:16:59.531415,AIN-USDT,0.15347,0.1535,392.0,8.0
2025-07-25T08:16:59.532633,AAVE-USDT,287.26,287.28,53.0,108.0
2025-07-25T08:16:59.540506,A-USDT,0.55966,0.55967,138.0,46.0
2025-07-25T08:16:59.540547,ACH-USDT,0.02163,0.02165,4091.0,496.0
2025-07-25T08:16:59.540577,AIXBT-USDT,0.1398,0.13982,4.0,72.0
2025-07-25T08:16:59.540603,AI-USDT,0.13101,0.13111,237.0,1036.0
2025-07-25T08:16:59.540630,ALT-USDT,0.03345,0.03347,14879.0,51343.0
2025-07-25T08:16:59.540662,AERGO-USDT,0.13085,0.13087,2771.0,4.0
2025-07-25T08:16:59.540694,ADA-USDT,0.7993,0.7995,1069.0,327.0
2025-07-25T08:16:59.540726,ACT-USDT,0.04416,0.04419,315.0,739.0
2025-07-25T08:17:00.069511,ALGO-USDT,0.2578,0.258,1512.0,344.0
2025-07-25T08:17:00.070635,AI16Z-USDT,0.1467,0.1469,39467.0,24023.0
2025-07-25T08:17:00.076018,AGLD-USDT,0.7693,0.7696,92.0,380.0
2025-07-25T08:17:00.076054,AERO-USDT,0.8762,0.8764,1679.0,9.0
2025-07-25T08:17:00.079551,ALCH-USDT,0.13768,0.13773,6.0,10.0
2025-07-25T08:17:00.079588,AGT-USDT,0.005593,0.005597,61.0,398.0
2025-07-25T08:17:00.079619,1INCH-USDT,0.2734,0.2736,2651.0,938.0
2025-07-25T08:17:00.079652,AEVO-USDT,0.10454,0.10456,1962.0,1.0
2025-07-25T08:17:00.079685,ACE-USDT,0.5615,0.5621,208.0,577.0
2025-07-25T08:17:00.079716,ANIME-USDT,0.01861,0.01862,10107.0,5.0
2025-07-25T08:17:00.080656,AIN-USDT,0.15347,0.1535,393.0,8.0
2025-07-25T08:17:00.082476,AAVE-USDT,287.24,287.26,53.0,104.0
2025-07-25T08:17:00.084128,A-USDT,0.55966,0.55967,138.0,46.0
2025-07-25T08:17:00.085714,ACH-USDT,0.02163,0.02165,4089.0,496.0
2025-07-25T08:17:00.087420,AIXBT-USDT,0.1398,0.13982,12.0,72.0
2025-07-25T08:17:00.088185,AI-USDT,0.13101,0.13111,237.0,1036.0
2025-07-25T08:17:00.088429,ALT-USDT,0.03345,0.03347,14730.0,53728.0
2025-07-25T08:17:00.089484,AERGO-USDT,0.13086,0.13087,2771.0,4.0
2025-07-25T08:17:00.089706,ADA-USDT,0.7992,0.7995,677.0,330.0
2025-07-25T08:17:00.089753,ACT-USDT,0.04416,0.04419,311.0,670.0
2025-07-25T08:17:00.534401,ALGO-USDT,0.2578,0.258,1512.0,344.0
2025-07-25T08:17:00.534507,AI16Z-USDT,0.1467,0.1469,39467.0,24023.0
2025-07-25T08:17:00.543136,AGLD-USDT,0.7693,0.77,94.0,108.0
2025-07-25T08:17:00.543285,AERO-USDT,0.8762,0.8764,2007.0,9.0
2025-07-25T08:17:00.543506,ALCH-USDT,0.13768,0.13773,6.0,10.0
2025-07-25T08:17:00.543648,AGT-USDT,0.005593,0.005597,61.0,398.0
2025-07-25T08:17:00.543727,1INCH-USDT,0.2734,0.2736,2651.0,937.0
2025-07-25T08:17:00.543764,AEVO-USDT,0.10454,0.10456,1962.0,1.0
2025-07-25T08:17:00.543851,ACE-USDT,0.5615,0.5621,208.0,577.0
2025-07-25T08:17:00.543915,ANIME-USDT,0.01861,0.01862,10107.0,5.0
2025-07-25T08:17:00.543976,AIN-USDT,0.15347,0.15348,1.0,40.0
2025-07-25T08:17:00.544056,AAVE-USDT,287.21,287.25,6.0,75.0
2025-07-25T08:17:00.544849,A-USDT,0.55966,0.55967,138.0,46.0
2025-07-25T08:17:00.548871,ACH-USDT,0.02163,0.02166,4091.0,501.0
2025-07-25T08:17:00.549893,AIXBT-USDT,0.1398,0.13982,12.0,72.0
2025-07-25T08:17:00.550018,AI-USDT,0.13101,0.13111,479.0,1036.0
2025-07-25T08:17:00.550189,ALT-USDT,0.03345,0.03347,14730.0,53728.0
2025-07-25T08:17:00.551689,AERGO-USDT,0.13086,0.13093,2771.0,127.0
2025-07-25T08:17:00.551817,ADA-USDT,0.7992,0.7995,677.0,330.0
2025-07-25T08:17:00.551979,ACT-USDT,0.04416,0.04419,311.0,1465.0
2025-07-25T08:17:01.056324,ALGO-USDT,0.2578,0.258,3.0,266.0
2025-07-25T08:17:01.058188,AI16Z-USDT,0.1467,0.1469,39467.0,24025.0
2025-07-25T08:17:01.065757,AGLD-USDT,0.7693,0.7698,11.0,63.0
2025-07-25T08:17:01.065810,AERO-USDT,0.8762,0.8764,2007.0,9.0
2025-07-25T08:17:01.074878,ALCH-USDT,0.13768,0.13773,6.0,10.0
2025-07-25T08:17:01.074916,AGT-USDT,0.005593,0.005597,172.0,49.0
2025-07-25T08:17:01.074946,1INCH-USDT,0.2734,0.2735,3.0,1717.0
2025-07-25T08:17:01.074971,AEVO-USDT,0.10452,0.10456,6.0,1.0
2025-07-25T08:17:01.075002,ACE-USDT,0.5617,0.5621,55.0,3.0
2025-07-25T08:17:01.075033,ANIME-USDT,0.01861,0.01862,10109.0,5.0
2025-07-25T08:17:01.075299,AIN-USDT,0.15332,0.15334,154.0,30.0
2025-07-25T08:17:01.076958,AAVE-USDT,287.17,287.2,226.0,215.0
2025-07-25T08:17:01.077948,A-USDT,0.55966,0.55968,104.0,23.0
2025-07-25T08:17:01.080034,ACH-USDT,0.02163,0.02166,4091.0,501.0
2025-07-25T08:17:01.080589,AIXBT-USDT,0.13976,0.1398,8.0,205.0
2025-07-25T08:17:01.082688,AI-USDT,0.13102,0.1311,242.0,996.0
2025-07-25T08:17:01.082763,ALT-USDT,0.03345,0.03347,5.0,54744.0
2025-07-25T08:17:01.083598,AERGO-USDT,0.13086,0.1309,1729.0,2898.0
2025-07-25T08:17:01.083890,ADA-USDT,0.7992,0.7995,677.0,330.0
2025-07-25T08:17:01.083926,ACT-USDT,0.04416,0.04419,311.0,1465.0
2025-07-25T08:17:01.549122,ALGO-USDT,0.2577,0.258,2505.0,457.0
2025-07-25T08:17:01.550617,AI16Z-USDT,0.1467,0.1469,15418.0,18703.0
2025-07-25T08:17:01.566125,AGLD-USDT,0.7693,0.7698,11.0,63.0
2025-07-25T08:17:01.566172,AERO-USDT,0.8762,0.8764,130.0,9.0
2025-07-25T08:17:01.566202,ALCH-USDT,0.13769,0.13771,243.0,11.0
2025-07-25T08:17:01.566228,AGT-USDT,0.005593,0.005597,172.0,49.0
2025-07-25T08:17:01.566261,1INCH-USDT,0.2733,0.2735,460.0,1718.0
2025-07-25T08:17:01.566292,AEVO-USDT,0.10452,0.10456,6.0,1.0
2025-07-25T08:17:01.566318,ACE-USDT,0.5617,0.5621,55.0,3.0
2025-07-25T08:17:01.566350,ANIME-USDT,0.01861,0.01862,3.0,32368.0
2025-07-25T08:17:01.566381,AIN-USDT,0.15332,0.15333,154.0,248.0
2025-07-25T08:17:01.566411,AAVE-USDT,287.17,287.2,226.0,215.0
2025-07-25T08:17:01.566436,A-USDT,0.55966,0.55968,104.0,23.0
2025-07-25T08:17:01.566461,ACH-USDT,0.02163,0.02166,3683.0,2362.0
2025-07-25T08:17:01.566518,AIXBT-USDT,0.13977,0.1398,66.0,2.0
2025-07-25T08:17:01.566549,AI-USDT,0.13102,0.13109,293.0,316.0
2025-07-25T08:17:01.566575,ALT-USDT,0.03345,0.03346,5.0,35600.0
2025-07-25T08:17:01.567394,AERGO-USDT,0.13086,0.1309,1732.0,2901.0
2025-07-25T08:17:01.567424,ADA-USDT,0.7993,0.7994,629.0,2.0
2025-07-25T08:17:01.567456,ACT-USDT,0.04414,0.04417,466.0,237.0
2025-07-25T08:17:02.052879,ALGO-USDT,0.2577,0.258,2505.0,457.0
2025-07-25T08:17:02.056758,AI16Z-USDT,0.1467,0.1469,15418.0,18703.0
2025-07-25T08:17:02.059777,AGLD-USDT,0.7693,0.7698,12.0,63.0
2025-07-25T08:17:02.059937,AERO-USDT,0.8762,0.8764,2.0,246.0
2025-07-25T08:17:02.059963,ALCH-USDT,0.13769,0.13771,243.0,11.0
2025-07-25T08:17:02.061006,AGT-USDT,0.005583,0.005585,387.0,73.0
2025-07-25T08:17:02.061124,1INCH-USDT,0.2733,0.2735,460.0,1718.0
2025-07-25T08:17:02.061723,AEVO-USDT,0.10452,0.10456,6.0,1.0
2025-07-25T08:17:02.061862,ACE-USDT,0.5617,0.5621,55.0,3.0
2025-07-25T08:17:02.062190,ANIME-USDT,0.01861,0.01862,3.0,32368.0
2025-07-25T08:17:02.066877,AIN-USDT,0.15332,0.15333,154.0,248.0
2025-07-25T08:17:02.066929,AAVE-USDT,287.16,287.19,91.0,61.0
2025-07-25T08:17:02.067364,A-USDT,0.55959,0.55965,118.0,138.0
2025-07-25T08:17:02.069000,ACH-USDT,0.02163,0.02166,3683.0,2362.0
2025-07-25T08:17:02.069713,AIXBT-USDT,0.13977,0.1398,66.0,2.0
2025-07-25T08:17:02.074436,AI-USDT,0.13102,0.13109,293.0,316.0
2025-07-25T08:17:02.074479,ALT-USDT,0.03345,0.03346,5.0,35600.0
2025-07-25T08:17:02.075196,AERGO-USDT,0.13086,0.1309,1732.0,2901.0
2025-07-25T08:17:02.075238,ADA-USDT,0.7993,0.7994,629.0,2.0
2025-07-25T08:17:02.075264,ACT-USDT,0.04414,0.04417,466.0,241.0
2025-07-25T08:17:02.537577,ALGO-USDT,0.2577,0.2579,2505.0,758.0
2025-07-25T08:17:02.538679,AI16Z-USDT,0.1467,0.1469,15978.0,35499.0
2025-07-25T08:17:02.542273,AGLD-USDT,0.7693,0.7698,11.0,3.0
2025-07-25T08:17:02.542517,AERO-USDT,0.8762,0.8764,2.0,11.0
2025-07-25T08:17:02.543673,ALCH-USDT,0.13769,0.13771,243.0,11.0
2025-07-25T08:17:02.544821,AGT-USDT,0.005583,0.005585,387.0,73.0
2025-07-25T08:17:02.544869,1INCH-USDT,0.2733,0.2735,279.0,1465.0
2025-07-25T08:17:02.547564,AEVO-USDT,0.10452,0.10456,91.0,1.0
2025-07-25T08:17:02.547603,ACE-USDT,0.5617,0.5622,60.0,43.0
2025-07-25T08:17:02.547633,ANIME-USDT,0.01861,0.01862,3.0,5.0
2025-07-25T08:17:02.548327,AIN-USDT,0.15332,0.15333,154.0,95.0
2025-07-25T08:17:02.549693,AAVE-USDT,287.2,287.21,23.0,88.0
2025-07-25T08:17:02.551560,A-USDT,0.55959,0.55965,118.0,138.0
2025-07-25T08:17:02.553419,ACH-USDT,0.02163,0.02166,3683.0,2362.0
2025-07-25T08:17:02.553457,AIXBT-USDT,0.13981,0.13984,25.0,3.0
2025-07-25T08:17:02.555235,AI-USDT,0.13101,0.13111,56.0,1036.0
2025-07-25T08:17:02.555332,ALT-USDT,0.03344,0.03346,58485.0,1075.0
2025-07-25T08:17:02.556500,AERGO-USDT,0.13086,0.1309,144.0,498.0
2025-07-25T08:17:02.556549,ADA-USDT,0.7994,0.7996,710.0,469.0
2025-07-25T08:17:02.556582,ACT-USDT,0.04416,0.04417,724.0,4.0
2025-07-25T08:17:03.062041,ALGO-USDT,0.2577,0.2579,1706.0,5.0
2025-07-25T08:17:03.064566,AI16Z-USDT,0.1467,0.1469,41861.0,2764.0
2025-07-25T08:17:03.069749,AGLD-USDT,0.7693,0.7698,22.0,3.0
2025-07-25T08:17:03.070022,AERO-USDT,0.8761,0.8764,1167.0,11.0
2025-07-25T08:17:03.071670,ALCH-USDT,0.13769,0.13771,243.0,11.0
2025-07-25T08:17:03.072180,AGT-USDT,0.005583,0.005585,387.0,73.0
2025-07-25T08:17:03.072221,1INCH-USDT,0.2733,0.2735,1580.0,832.0
2025-07-25T08:17:03.073302,AEVO-USDT,0.10453,0.10456,539.0,1.0
2025-07-25T08:17:03.074720,ACE-USDT,0.5617,0.5621,60.0,94.0
2025-07-25T08:17:03.074758,ANIME-USDT,0.01861,0.01862,3.0,5.0
2025-07-25T08:17:03.085325,AIN-USDT,0.15332,0.15333,154.0,95.0
2025-07-25T08:17:03.085737,AAVE-USDT,287.24,287.25,97.0,4.0
2025-07-25T08:17:03.085910,A-USDT,0.55959,0.55965,118.0,138.0
2025-07-25T08:17:03.085991,ACH-USDT,0.02163,0.02166,3683.0,2362.0
2025-07-25T08:17:03.086352,AIXBT-USDT,0.13987,0.1399,205.0,308.0
2025-07-25T08:17:03.091423,AI-USDT,0.13107,0.13113,687.0,2.0
2025-07-25T08:17:03.091463,ALT-USDT,0.03344,0.03346,58963.0,5.0
2025-07-25T08:17:03.091485,AERGO-USDT,0.13086,0.13089,144.0,490.0
2025-07-25T08:17:03.091504,ADA-USDT,0.7994,0.7996,710.0,469.0
2025-07-25T08:17:03.091524,ACT-USDT,0.04416,0.04417,729.0,4.0
2025-07-25T08:17:03.546535,ALGO-USDT,0.2578,0.2579,439.0,5.0
2025-07-25T08:17:03.547573,AI16Z-USDT,0.1467,0.1469,41861.0,2764.0
2025-07-25T08:17:03.549234,AGLD-USDT,0.7693,0.7698,22.0,3.0
2025-07-25T08:17:03.549271,AERO-USDT,0.8761,0.8763,95.0,5.0
2025-07-25T08:17:03.550945,ALCH-USDT,0.13769,0.13771,243.0,11.0
2025-07-25T08:17:03.557644,AGT-USDT,0.005582,0.005585,2094.0,29.0
2025-07-25T08:17:03.557682,1INCH-USDT,0.2733,0.2735,1579.0,832.0
2025-07-25T08:17:03.557711,AEVO-USDT,0.10453,0.10456,2.0,1.0
2025-07-25T08:17:03.557739,ACE-USDT,0.5618,0.5622,55.0,98.0
2025-07-25T08:17:03.557770,ANIME-USDT,0.01861,0.01862,51719.0,5.0
2025-07-25T08:17:03.557818,AIN-USDT,0.15334,0.15341,950.0,4.0
2025-07-25T08:17:03.557845,AAVE-USDT,287.24,287.25,97.0,4.0
2025-07-25T08:17:03.557875,A-USDT,0.55959,0.55967,118.0,51.0
2025-07-25T08:17:03.562449,ACH-USDT,0.02163,0.02165,3196.0,512.0
2025-07-25T08:17:03.562489,AIXBT-USDT,0.13987,0.1399,205.0,308.0
2025-07-25T08:17:03.562516,AI-USDT,0.13107,0.13113,274.0,493.0
2025-07-25T08:17:03.562540,ALT-USDT,0.03345,0.03346,4.0,65881.0
2025-07-25T08:17:03.562569,AERGO-USDT,0.13086,0.13089,186.0,3497.0
2025-07-25T08:17:03.562600,ADA-USDT,0.7995,0.7996,2.0,860.0
2025-07-25T08:17:03.562631,ACT-USDT,0.04416,0.04418,5.0,183.0
2025-07-25T08:17:04.054741,ALGO-USDT,0.2578,0.2579,439.0,5.0
2025-07-25T08:17:04.055277,AI16Z-USDT,0.1467,0.1469,41863.0,2765.0
2025-07-25T08:17:04.057358,AGLD-USDT,0.7693,0.7698,11.0,3.0
2025-07-25T08:17:04.057393,AERO-USDT,0.8761,0.8763,95.0,5.0
2025-07-25T08:17:04.058708,ALCH-USDT,0.13769,0.13771,243.0,11.0
2025-07-25T08:17:04.059380,AGT-USDT,0.005582,0.005585,2094.0,29.0
2025-07-25T08:17:04.059488,1INCH-USDT,0.2733,0.2735,1166.0,832.0
2025-07-25T08:17:04.060173,AEVO-USDT,0.10453,0.10456,2.0,1.0
2025-07-25T08:17:04.061094,ACE-USDT,0.5618,0.5623,41.0,1033.0
2025-07-25T08:17:04.061133,ANIME-USDT,0.01861,0.01862,4507.0,5.0
2025-07-25T08:17:04.065741,AIN-USDT,0.15332,0.15339,5.0,99.0
2025-07-25T08:17:04.065796,AAVE-USDT,287.16,287.2,54.0,33.0
2025-07-25T08:17:04.065828,A-USDT,0.55959,0.55967,118.0,51.0
2025-07-25T08:17:04.067348,ACH-USDT,0.02163,0.02165,3196.0,516.0
2025-07-25T08:17:04.067384,AIXBT-USDT,0.13982,0.13987,227.0,128.0
2025-07-25T08:17:04.070763,AI-USDT,0.13107,0.13113,274.0,493.0
2025-07-25T08:17:04.070846,ALT-USDT,0.03345,0.03346,4.0,65881.0
2025-07-25T08:17:04.070879,AERGO-USDT,0.13086,0.1309,4672.0,8.0
2025-07-25T08:17:04.070903,ADA-USDT,0.7995,0.7996,2.0,860.0
2025-07-25T08:17:04.070925,ACT-USDT,0.04414,0.04417,1379.0,5924.0
2025-07-25T08:17:04.546396,ALGO-USDT,0.2578,0.2579,2529.0,5.0
2025-07-25T08:17:04.546449,AI16Z-USDT,0.1467,0.1469,41863.0,2765.0
2025-07-25T08:17:04.548393,AGLD-USDT,0.7693,0.7698,11.0,3.0
2025-07-25T08:17:04.548431,AERO-USDT,0.8761,0.8763,431.0,5.0
2025-07-25T08:17:04.548465,ALCH-USDT,0.13769,0.13771,243.0,11.0
2025-07-25T08:17:04.548508,AGT-USDT,0.005586,0.005588,51.0,3.0
2025-07-25T08:17:04.548541,1INCH-USDT,0.2733,0.2735,1166.0,832.0
2025-07-25T08:17:04.549570,AEVO-USDT,0.10453,0.10456,877.0,1.0
2025-07-25T08:17:04.549606,ACE-USDT,0.5618,0.5623,41.0,1033.0
2025-07-25T08:17:04.549635,ANIME-USDT,0.01861,0.01862,4507.0,5.0
2025-07-25T08:17:04.551963,AIN-USDT,0.15332,0.15339,5.0,3.0
2025-07-25T08:17:04.553868,AAVE-USDT,287.18,287.2,21.0,28.0
2025-07-25T08:17:04.555915,A-USDT,0.55959,0.55965,118.0,13.0
2025-07-25T08:17:04.556405,ACH-USDT,0.02163,0.02165,2788.0,2729.0
2025-07-25T08:17:04.556441,AIXBT-USDT,0.13982,0.13987,227.0,128.0
2025-07-25T08:17:04.557953,AI-USDT,0.13107,0.13113,274.0,493.0
2025-07-25T08:17:04.558003,ALT-USDT,0.03343,0.03346,59502.0,65881.0
2025-07-25T08:17:04.559280,AERGO-USDT,0.13086,0.1309,186.0,8.0
2025-07-25T08:17:04.559373,ADA-USDT,0.7995,0.7996,2.0,393.0
2025-07-25T08:17:04.559413,ACT-USDT,0.04414,0.04417,330.0,6259.0
2025-07-25T08:17:05.052400,ALGO-USDT,0.2578,0.258,4.0,471.0
2025-07-25T08:17:05.054120,AI16Z-USDT,0.1467,0.1469,16056.0,21199.0
2025-07-25T08:17:05.057870,AGLD-USDT,0.7693,0.7698,13.0,3.0
2025-07-25T08:17:05.057917,AERO-USDT,0.8761,0.8763,431.0,5.0
2025-07-25T08:17:05.058269,ALCH-USDT,0.13769,0.13771,173.0,30.0
2025-07-25T08:17:05.058307,AGT-USDT,0.005586,0.005588,51.0,3.0
2025-07-25T08:17:05.058336,1INCH-USDT,0.2733,0.2735,1166.0,832.0
2025-07-25T08:17:05.060556,AEVO-USDT,0.10453,0.10456,878.0,1.0
2025-07-25T08:17:05.060595,ACE-USDT,0.5618,0.5623,41.0,695.0
2025-07-25T08:17:05.060627,ANIME-USDT,0.01861,0.01862,16286.0,5.0
2025-07-25T08:17:05.062856,AIN-USDT,0.15335,0.15339,3.0,83.0
2025-07-25T08:17:05.064382,AAVE-USDT,287.22,287.25,146.0,4.0
2025-07-25T08:17:05.066184,A-USDT,0.55959,0.55965,118.0,13.0
2025-07-25T08:17:05.068144,ACH-USDT,0.02163,0.02165,2788.0,2729.0
2025-07-25T08:17:05.068192,AIXBT-USDT,0.13982,0.13987,209.0,11.0
2025-07-25T08:17:05.075296,AI-USDT,0.13113,0.13117,270.0,949.0
2025-07-25T08:17:05.075347,ALT-USDT,0.03344,0.03346,55524.0,184.0
2025-07-25T08:17:05.075385,AERGO-USDT,0.13086,0.1309,186.0,3.0
2025-07-25T08:17:05.075419,ADA-USDT,0.7991,0.7993,92.0,880.0
2025-07-25T08:17:05.075506,ACT-USDT,0.04414,0.04417,330.0,6282.0
2025-07-25T08:17:05.539014,ALGO-USDT,0.2577,0.2579,535.0,531.0
2025-07-25T08:17:05.540123,AI16Z-USDT,0.1467,0.1469,33452.0,18305.0
2025-07-25T08:17:05.542994,AGLD-USDT,0.7693,0.7698,11.0,74.0
2025-07-25T08:17:05.543027,AERO-USDT,0.8761,0.8763,53.0,5.0
2025-07-25T08:17:05.544352,ALCH-USDT,0.13769,0.13771,173.0,30.0
2025-07-25T08:17:05.544777,AGT-USDT,0.005588,0.005592,330.0,511.0
2025-07-25T08:17:05.544844,1INCH-USDT,0.2733,0.2735,1166.0,833.0
2025-07-25T08:17:05.546511,AEVO-USDT,0.10453,0.10456,772.0,1.0
2025-07-25T08:17:05.546560,ACE-USDT,0.5618,0.5623,41.0,693.0
2025-07-25T08:17:05.546928,ANIME-USDT,0.01861,0.01862,16285.0,5.0
2025-07-25T08:17:05.548331,AIN-USDT,0.15336,0.1534,3.0,85.0
2025-07-25T08:17:05.549323,AAVE-USDT,287.22,287.25,146.0,4.0
2025-07-25T08:17:05.550840,A-USDT,0.55961,0.55965,340.0,13.0
2025-07-25T08:17:05.554038,ACH-USDT,0.02163,0.02165,2788.0,2729.0
2025-07-25T08:17:05.554085,AIXBT-USDT,0.13986,0.1399,205.0,308.0
2025-07-25T08:17:05.554837,AI-USDT,0.13109,0.13116,242.0,316.0
2025-07-25T08:17:05.554880,ALT-USDT,0.03344,0.03346,8449.0,30252.0
2025-07-25T08:17:05.555643,AERGO-USDT,0.13086,0.1309,186.0,3.0
2025-07-25T08:17:05.555702,ADA-USDT,0.799,0.7992,53.0,781.0
2025-07-25T08:17:05.555733,ACT-USDT,0.04414,0.04417,330.0,6282.0
2025-07-25T08:17:06.046927,ALGO-USDT,0.2577,0.2579,535.0,531.0
2025-07-25T08:17:06.048798,AI16Z-USDT,0.1467,0.1469,33452.0,18305.0
2025-07-25T08:17:06.051166,AGLD-USDT,0.7693,0.7698,9.0,74.0
2025-07-25T08:17:06.051210,AERO-USDT,0.8761,0.8763,53.0,5.0
2025-07-25T08:17:06.052128,ALCH-USDT,0.13769,0.13771,173.0,30.0
2025-07-25T08:17:06.053049,AGT-USDT,0.005588,0.005592,330.0,511.0
2025-07-25T08:17:06.053091,1INCH-USDT,0.2733,0.2735,1166.0,835.0
2025-07-25T08:17:06.059428,AEVO-USDT,0.10453,0.10456,772.0,1.0
2025-07-25T08:17:06.059468,ACE-USDT,0.5618,0.5623,39.0,693.0
2025-07-25T08:17:06.059497,ANIME-USDT,0.01861,0.01862,16285.0,5.0
2025-07-25T08:17:06.059521,AIN-USDT,0.15336,0.1534,3.0,85.0
2025-07-25T08:17:06.059553,AAVE-USDT,287.2,287.22,63.0,14.0
2025-07-25T08:17:06.059905,A-USDT,0.55961,0.55965,340.0,13.0
2025-07-25T08:17:06.063191,ACH-USDT,0.02163,0.02165,2569.0,1.0
2025-07-25T08:17:06.063231,AIXBT-USDT,0.13985,0.13988,1.0,28.0
2025-07-25T08:17:06.063615,AI-USDT,0.1311,0.13117,61.0,2096.0
2025-07-25T08:17:06.063744,ALT-USDT,0.03344,0.03346,8449.0,30252.0
2025-07-25T08:17:06.065513,AERGO-USDT,0.13086,0.1309,186.0,3.0
2025-07-25T08:17:06.065626,ADA-USDT,0.7989,0.7991,523.0,104.0
2025-07-25T08:17:06.065679,ACT-USDT,0.04414,0.04416,331.0,6271.0
2025-07-25T08:17:06.541145,ALGO-USDT,0.2577,0.2579,535.0,531.0
2025-07-25T08:17:06.542020,AI16Z-USDT,0.1467,0.1469,33525.0,18304.0
2025-07-25T08:17:06.545119,AGLD-USDT,0.7693,0.7699,10.0,77.0
2025-07-25T08:17:06.545164,AERO-USDT,0.8761,0.8763,179.0,5.0
2025-07-25T08:17:06.545965,ALCH-USDT,0.13769,0.13771,173.0,30.0
2025-07-25T08:17:06.546929,AGT-USDT,0.005586,0.005591,603.0,61.0
2025-07-25T08:17:06.546964,1INCH-USDT,0.2733,0.2735,1328.0,1722.0
2025-07-25T08:17:06.547637,AEVO-USDT,0.10453,0.10456,96.0,1.0
2025-07-25T08:17:06.548477,ACE-USDT,0.5618,0.5623,39.0,694.0
2025-07-25T08:17:06.548607,ANIME-USDT,0.01861,0.01862,7622.0,5.0
