timestamp,symbol,bid,ask,bid_vol,ask_vol
2025-07-25T08:16:26.143836,1INCH-USDT,0.2731,0.2733,3778.8,10262.3
2025-07-25T08:16:26.143919,1INCH-USDT,0.2731,0.2733,3732.5,10308.6
2025-07-25T08:16:26.143946,1INCH-USDT,0.2731,0.2733,3778.8,10429.3
2025-07-25T08:16:26.143964,A-USDT,0.5591,0.5592,1547.0,287.0
2025-07-25T08:16:26.143985,A-USDT,0.5591,0.0,1487.0,0.0
2025-07-25T08:16:26.144001,A-USDT,0.5591,0.0,1467.0,0.0
2025-07-25T08:16:26.144016,A-USDT,0.5591,0.0,1189.0,0.0
2025-07-25T08:16:26.144032,A-USDT,0.0,0.5592,0.0,297.0
2025-07-25T08:16:26.144048,A-USDT,0.5591,0.5592,1158.0,654.0
2025-07-25T08:16:26.144064,AAVE-USDT,287.04,287.05,6.66,1.45
2025-07-25T08:16:26.144091,AAVE-USDT,287.04,0.0,5.0,0.0
2025-07-25T08:16:26.144109,AAVE-USDT,287.04,0.0,5.97,0.0
2025-07-25T08:16:26.144127,ACE-USDT,0.5615,0.5618,72.8,91.0
2025-07-25T08:16:26.144149,ACE-USDT,0.5614,0.5617,72.8,91.0
2025-07-25T08:16:26.144168,ACH-USDT,0.021611,0.021612,2090.0,500.0
2025-07-25T08:16:26.144191,ACT-USDT,0.04399,0.044,3743.0,26.0
2025-07-25T08:16:26.144214,ACT-USDT,0.04399,0.0,3360.0,0.0
2025-07-25T08:16:26.144235,ACT-USDT,0.04399,0.0,2977.0,0.0
2025-07-25T08:16:26.144254,ACT-USDT,0.04399,0.0,3360.0,0.0
2025-07-25T08:16:26.144274,ACT-USDT,0.04399,0.0,704.0,0.0
2025-07-25T08:16:26.144299,ACT-USDT,0.04399,0.0,1470.0,0.0
2025-07-25T08:16:26.144317,ADA-USDT,0.7977,0.7978,255394.0,6920.0
2025-07-25T08:16:26.144340,ADA-USDT,0.0,0.7978,0.0,6602.0
2025-07-25T08:16:26.144359,ADA-USDT,0.0,0.0,0.0,0.0
2025-07-25T08:16:26.144381,ADA-USDT,0.7977,0.0,255410.0,0.0
2025-07-25T08:16:26.144401,ADA-USDT,0.0,0.7978,0.0,9617.0
2025-07-25T08:16:26.144420,ADA-USDT,0.0,0.7978,0.0,3911.0
2025-07-25T08:16:26.144437,ADA-USDT,0.7977,0.7978,7905.0,20232.0
2025-07-25T08:16:26.144455,ADA-USDT,0.7977,0.0,4984.0,0.0
2025-07-25T08:16:26.144475,ADA-USDT,0.0,0.0,0.0,0.0
2025-07-25T08:16:26.144500,ADA-USDT,0.7977,0.7978,8016.0,10366.0
2025-07-25T08:16:26.144523,ADA-USDT,0.7977,0.0,5325.0,0.0
2025-07-25T08:16:26.144543,ADA-USDT,0.0,0.7978,0.0,11619.0
2025-07-25T08:16:26.144560,ADA-USDT,0.7977,0.0,8026.0,0.0
2025-07-25T08:16:26.144578,ADA-USDT,0.7977,0.0,8393.0,0.0
2025-07-25T08:16:26.144598,ADA-USDT,0.7977,0.0,10473.0,0.0
2025-07-25T08:16:26.144617,AERGO-USDT,0.1307,0.13071,492.0,289.0
2025-07-25T08:16:26.144651,AERO-USDT,0.8763,0.8764,1603.0,10.0
2025-07-25T08:16:26.144670,AERO-USDT,0.8763,0.0,1176.0,0.0
2025-07-25T08:16:26.144687,AERO-USDT,0.8763,0.0,1377.0,0.0
2025-07-25T08:16:26.144704,AERO-USDT,0.8763,0.0,1545.0,0.0
2025-07-25T08:16:26.144719,AERO-USDT,0.8763,0.0,1587.0,0.0
2025-07-25T08:16:26.144734,AEVO-USDT,0.1044,0.1045,3615.5,29182.7
2025-07-25T08:16:26.144752,AEVO-USDT,0.0,0.1045,0.0,29279.4
2025-07-25T08:16:26.144768,AGLD-USDT,0.7679,0.7681,109.7,4.5
2025-07-25T08:16:26.144813,AGLD-USDT,0.768,0.0,1.2,0.0
2025-07-25T08:16:26.144835,AGT-USDT,0.005594,0.005598,113330.0,171730.0
2025-07-25T08:16:26.144857,AGT-USDT,0.005594,0.005598,97590.0,173780.0
2025-07-25T08:16:26.144878,AGT-USDT,0.005594,0.005598,113330.0,171730.0
2025-07-25T08:16:26.144897,AGT-USDT,0.005594,0.0,116650.0,0.0
2025-07-25T08:16:26.144916,AGT-USDT,0.005594,0.0,100910.0,0.0
2025-07-25T08:16:26.144935,AGT-USDT,0.005594,0.0,97590.0,0.0
2025-07-25T08:16:26.144958,AI-USDT,0.1311,0.1312,500.0,3438.4
2025-07-25T08:16:26.227605,AI-USDT,0.0,0.1312,0.0,3458.8
2025-07-25T08:16:26.227660,AI16Z-USDT,0.1464,0.1465,36814.0,111699.0
2025-07-25T08:16:26.227691,AIN-USDT,0.15314,0.15315,240.0,320.0
2025-07-25T08:16:26.227712,AIN-USDT,0.15314,0.15315,620.0,670.0
2025-07-25T08:16:26.227728,AIN-USDT,0.0,0.15318,0.0,40.0
2025-07-25T08:16:26.227747,AIN-USDT,0.15315,0.15317,340.0,420.0
2025-07-25T08:16:26.227765,AIN-USDT,0.15316,0.15317,380.0,350.0
2025-07-25T08:16:26.227813,AIXBT-USDT,0.13937,0.1394,560.0,1440.0
2025-07-25T08:16:26.227851,AIXBT-USDT,0.0,0.13939,0.0,370.0
2025-07-25T08:16:26.227881,AIXBT-USDT,0.0,0.0,0.0,0.0
2025-07-25T08:16:26.227919,AIXBT-USDT,0.13939,0.1394,370.0,1480.0
2025-07-25T08:16:26.227945,AIXBT-USDT,0.13943,0.13944,540.0,1230.0
2025-07-25T08:16:26.227974,ALCH-USDT,0.13755,0.13756,673.0,5706.0
2025-07-25T08:16:26.228008,ALGO-USDT,0.2576,0.2577,14287.2,22223.1
2025-07-25T08:16:26.228037,ALGO-USDT,0.2576,0.2577,14900.4,20476.6
2025-07-25T08:16:26.228061,ALGO-USDT,0.2576,0.0,15054.9,0.0
2025-07-25T08:16:26.228089,ALT-USDT,0.03345,0.03347,42174.0,165.0
2025-07-25T08:16:26.228122,ALT-USDT,0.03345,0.0,42772.0,0.0
2025-07-25T08:16:26.228146,ANIME-USDT,0.01861,0.01862,48631.0,119233.0
2025-07-25T08:16:26.228178,ANIME-USDT,0.0,0.01862,0.0,179233.0
2025-07-25T08:16:26.228208,ANIME-USDT,0.0,0.01862,0.0,180009.0
2025-07-25T08:16:26.228232,ANIME-USDT,0.0,0.01862,0.0,174637.0
2025-07-25T08:16:26.228259,ANIME-USDT,0.0,0.01862,0.0,114543.0
2025-07-25T08:16:26.228283,ANIME-USDT,0.0,0.01862,0.0,108376.0
2025-07-25T08:16:26.228306,ANIME-USDT,0.0,0.01862,0.0,109380.0
2025-07-25T08:16:26.228330,ANIME-USDT,0.0,0.01862,0.0,169380.0
2025-07-25T08:16:26.228358,ANIME-USDT,0.0,0.01862,0.0,108376.0
2025-07-25T08:16:26.228387,ANIME-USDT,0.0,0.01862,0.0,109380.0
2025-07-25T08:16:26.228411,ANIME-USDT,0.0,0.01862,0.0,108752.0
2025-07-25T08:16:26.228439,1INCH-USDT,0.0,0.2733,0.0,10383.0
2025-07-25T08:16:26.228467,ADA-USDT,0.0,0.7978,0.0,11301.0
2025-07-25T08:16:26.228604,AGT-USDT,0.005594,0.0,100910.0,0.0
2025-07-25T08:16:26.228632,AI16Z-USDT,0.0,0.1465,0.0,93302.0
2025-07-25T08:16:26.228656,AIXBT-USDT,0.13943,0.0,740.0,0.0
2025-07-25T08:16:26.228676,ALGO-USDT,0.0,0.2577,0.0,20521.6
2025-07-25T08:16:26.228703,ADA-USDT,0.7977,0.7978,293196.0,1761.0
2025-07-25T08:16:26.228732,AI16Z-USDT,0.0,0.1465,0.0,91978.0
2025-07-25T08:16:26.228760,ANIME-USDT,0.01861,0.01862,457101.0,90884.0
2025-07-25T08:16:26.228804,AEVO-USDT,0.0,0.1045,0.0,29346.4
2025-07-25T08:16:26.292501,ADA-USDT,0.7977,0.7978,291047.0,508.0
2025-07-25T08:16:26.292548,AGT-USDT,0.005594,0.0,97590.0,0.0
2025-07-25T08:16:26.292576,AI16Z-USDT,0.0,0.1465,0.0,111709.0
2025-07-25T08:16:26.292599,AIXBT-USDT,0.13943,0.0,540.0,0.0
2025-07-25T08:16:26.292629,ALGO-USDT,0.2576,0.0,14441.7,0.0
2025-07-25T08:16:26.320493,ANIME-USDT,0.01861,0.01862,202013.0,96256.0
2025-07-25T08:16:26.320553,AAVE-USDT,287.04,287.05,6.66,3.02
2025-07-25T08:16:26.320611,ADA-USDT,0.0,0.7978,0.0,5635.0
2025-07-25T08:16:26.320648,AERO-USDT,0.8763,0.0,1553.0,0.0
2025-07-25T08:16:26.351564,AIXBT-USDT,0.13943,0.0,550.0,0.0
2025-07-25T08:16:26.351614,ALGO-USDT,0.0,0.2577,0.0,22268.1
2025-07-25T08:16:26.351644,ANIME-USDT,0.01861,0.01862,190641.0,102066.0
2025-07-25T08:16:26.406748,AI16Z-USDT,0.1464,0.1465,28525.0,133074.0
2025-07-25T08:16:26.420502,ALGO-USDT,0.2576,0.2577,18441.7,24268.1
2025-07-25T08:16:26.454820,ADA-USDT,0.7977,0.7978,291037.0,4197.0
2025-07-25T08:16:26.506931,AI16Z-USDT,0.1464,0.0,34536.0,0.0
2025-07-25T08:16:26.512192,ACH-USDT,0.0,0.0,0.0,0.0
2025-07-25T08:16:26.529179,ANIME-USDT,0.0,0.0,0.0,0.0
2025-07-25T08:16:26.554892,ADA-USDT,0.0,0.7978,0.0,2626.0
2025-07-25T08:16:26.566108,AGT-USDT,0.005594,0.0,100910.0,0.0
2025-07-25T08:16:26.606593,AI16Z-USDT,0.0,0.1465,0.0,115991.0
2025-07-25T08:16:26.614326,ACE-USDT,0.5613,0.5615,122.8,91.0
2025-07-25T08:16:26.620316,ALGO-USDT,0.2576,0.2577,19054.9,22521.6
2025-07-25T08:16:26.630897,ANIME-USDT,0.01861,0.0,191269.0,0.0
2025-07-25T08:16:26.632316,AAVE-USDT,0.0,287.05,0.0,1.45
2025-07-25T08:16:26.637847,A-USDT,0.5591,0.0,1189.0,0.0
2025-07-25T08:16:26.654996,ADA-USDT,0.7977,0.7978,293186.0,1506.0
2025-07-25T08:16:26.671367,AERO-USDT,0.8763,0.0,1587.0,0.0
2025-07-25T08:16:26.707136,AI16Z-USDT,0.1464,0.1465,34535.0,133074.0
2025-07-25T08:16:26.729631,ANIME-USDT,0.01861,0.0,191268.0,0.0
2025-07-25T08:16:26.755263,ADA-USDT,0.7977,0.0,290670.0,0.0
2025-07-25T08:16:26.829483,ANIME-USDT,0.0,0.0,0.0,0.0
2025-07-25T08:16:26.832034,AAVE-USDT,0.0,287.05,0.0,3.22
2025-07-25T08:16:26.837482,1INCH-USDT,0.0,0.2733,0.0,10475.6
2025-07-25T08:16:26.854495,ADA-USDT,0.7977,0.7978,8519.0,9104.0
2025-07-25T08:16:26.920361,ALGO-USDT,0.2576,0.0,18835.7,0.0
2025-07-25T08:16:26.931587,AAVE-USDT,0.0,287.05,0.0,3.02
2025-07-25T08:16:26.937613,1INCH-USDT,0.0,0.2733,0.0,10383.0
2025-07-25T08:16:26.966802,AGT-USDT,0.005594,0.0,116650.0,0.0
2025-07-25T08:16:27.018389,AIXBT-USDT,0.0,0.13944,0.0,1330.0
2025-07-25T08:16:27.020754,ALGO-USDT,0.0,0.2577,0.0,22693.4
2025-07-25T08:16:27.055076,ADA-USDT,0.0,0.7978,0.0,9139.0
2025-07-25T08:16:27.066410,AGT-USDT,0.005594,0.0,100910.0,0.0
2025-07-25T08:16:27.071704,AERO-USDT,0.0,0.0,0.0,0.0
2025-07-25T08:16:27.118416,AIXBT-USDT,0.0,0.0,0.0,0.0
2025-07-25T08:16:27.120530,ALGO-USDT,0.2576,0.0,19054.9,0.0
2025-07-25T08:16:27.143969,AIN-USDT,0.0,0.15317,0.0,560.0
2025-07-25T08:16:27.154858,ADA-USDT,0.0,0.7978,0.0,10392.0
2025-07-25T08:16:27.166142,AGT-USDT,0.005594,0.005597,97590.0,8340.0
2025-07-25T08:16:27.207124,AI16Z-USDT,0.1464,0.0,34464.0,0.0
2025-07-25T08:16:27.221180,ALGO-USDT,0.2576,0.0,18835.7,0.0
2025-07-25T08:16:27.255011,ADA-USDT,0.7977,0.0,9324.0,0.0
2025-07-25T08:16:27.268243,AGT-USDT,0.005594,0.005598,52900.0,173780.0
2025-07-25T08:16:27.321371,ALGO-USDT,0.2576,0.0,18222.5,0.0
2025-07-25T08:16:27.331590,AAVE-USDT,287.04,287.05,0.97,3.12
2025-07-25T08:16:27.354624,ADA-USDT,0.0,0.7978,0.0,21789.0
2025-07-25T08:16:27.366392,AGT-USDT,0.005594,0.005598,60080.0,171730.0
2025-07-25T08:16:27.421096,ALGO-USDT,0.2576,0.2577,23913.4,13693.4
2025-07-25T08:16:27.432013,AAVE-USDT,0.0,287.05,0.0,1.55
2025-07-25T08:16:27.454572,ADA-USDT,0.7977,0.7978,278110.0,9026.0
2025-07-25T08:16:27.466854,AGT-USDT,0.0,0.005598,0.0,173780.0
2025-07-25T08:16:27.471195,AERO-USDT,0.8763,0.0,1496.0,0.0
2025-07-25T08:16:27.518086,AIXBT-USDT,0.0,0.13944,0.0,1880.0
2025-07-25T08:16:27.531411,AAVE-USDT,287.04,287.05,1.66,3.12
2025-07-25T08:16:27.538019,ALT-USDT,0.03345,0.0,48749.0,0.0
2025-07-25T08:16:27.554666,ADA-USDT,0.0,0.7978,0.0,1541.0
2025-07-25T08:16:27.639760,ALT-USDT,0.03345,0.0,42772.0,0.0
2025-07-25T08:16:27.657059,ADA-USDT,0.7977,0.0,280259.0,0.0
2025-07-25T08:16:27.669252,AGT-USDT,0.005594,0.005598,116650.0,171730.0
2025-07-25T08:16:27.738613,ALT-USDT,0.0,0.03348,0.0,5432.0
2025-07-25T08:16:27.766909,AGT-USDT,0.005594,0.005598,97590.0,173780.0
2025-07-25T08:16:27.821206,ALGO-USDT,0.2576,0.0,23529.1,0.0
2025-07-25T08:16:27.837437,1INCH-USDT,0.0,0.2733,0.0,10672.3
2025-07-25T08:16:27.837473,ALT-USDT,0.0,0.0,0.0,0.0
2025-07-25T08:16:27.855426,ADA-USDT,0.7977,0.7978,278110.0,5352.0
2025-07-25T08:16:27.907227,AI16Z-USDT,0.0,0.1465,0.0,133756.0
2025-07-25T08:16:27.955286,ADA-USDT,0.0,0.7978,0.0,5346.0
2025-07-25T08:16:27.966441,AGT-USDT,0.0,0.005598,0.0,171730.0
2025-07-25T08:16:28.020342,ALGO-USDT,0.2576,0.0,24054.9,0.0
2025-07-25T08:16:28.038101,ALT-USDT,0.0,0.03348,0.0,5990.0
2025-07-25T08:16:28.055196,ADA-USDT,0.7977,0.7978,13193.0,7873.0
2025-07-25T08:16:28.121030,ALGO-USDT,0.2576,0.0,23529.1,0.0
2025-07-25T08:16:28.130032,ANIME-USDT,0.01861,0.0,190640.0,0.0
2025-07-25T08:16:28.155097,ADA-USDT,0.0,0.7978,0.0,8191.0
2025-07-25T08:16:28.207221,AI16Z-USDT,0.1464,0.0,34286.0,0.0
2025-07-25T08:16:28.218087,AIXBT-USDT,0.13943,0.0,2530.0,0.0
2025-07-25T08:16:28.221088,ALGO-USDT,0.2576,0.0,24132.6,0.0
2025-07-25T08:16:28.237650,1INCH-USDT,0.2731,0.2733,3686.2,10718.6
2025-07-25T08:16:28.237692,ALT-USDT,0.03345,0.03347,41058.0,46375.0
2025-07-25T08:16:28.254962,ADA-USDT,0.7977,0.7978,6292.0,10271.0
2025-07-25T08:16:28.314142,ACE-USDT,0.5613,0.0,72.8,0.0
2025-07-25T08:16:28.318412,AIXBT-USDT,0.0,0.13944,0.0,1890.0
2025-07-25T08:16:28.329391,ANIME-USDT,0.01861,0.0,190263.0,0.0
2025-07-25T08:16:28.337410,A-USDT,0.5591,0.0,1158.0,0.0
2025-07-25T08:16:28.338184,ALT-USDT,0.03345,0.03346,12819.0,418.0
2025-07-25T08:16:28.354907,ADA-USDT,0.7977,0.7978,9324.0,13824.0
2025-07-25T08:16:28.366142,AGT-USDT,0.0,0.005598,0.0,173780.0
2025-07-25T08:16:28.407684,AI16Z-USDT,0.1464,0.0,40286.0,0.0
2025-07-25T08:16:28.420220,ALGO-USDT,0.2576,0.0,23913.4,0.0
2025-07-25T08:16:28.429858,ANIME-USDT,0.01861,0.0,190640.0,0.0
2025-07-25T08:16:28.431183,AAVE-USDT,287.04,0.0,2.1,0.0
2025-07-25T08:16:28.437905,A-USDT,0.5591,0.0,4248.0,0.0
2025-07-25T08:16:28.438201,ALT-USDT,0.03345,0.0,25025.0,0.0
2025-07-25T08:16:28.438632,1INCH-USDT,0.2731,0.2733,3778.8,10626.0
2025-07-25T08:16:28.456081,ADA-USDT,0.0,0.7978,0.0,9445.0
2025-07-25T08:16:28.466776,AGT-USDT,0.005594,0.0,52900.0,0.0
2025-07-25T08:16:28.471593,ACT-USDT,0.0,0.044,0.0,57.0
2025-07-25T08:16:28.506567,AI16Z-USDT,0.0,0.1465,0.0,135121.0
2025-07-25T08:16:28.518620,AGLD-USDT,0.0,0.7681,0.0,5.5
2025-07-25T08:16:28.521040,ALGO-USDT,0.2576,0.0,24132.6,0.0
2025-07-25T08:16:28.529306,ANIME-USDT,0.0,0.01862,0.0,102181.0
2025-07-25T08:16:28.537493,ALT-USDT,0.03345,0.0,25583.0,0.0
2025-07-25T08:16:28.555086,ADA-USDT,0.7977,0.7978,9314.0,10484.0
2025-07-25T08:16:28.571477,AERO-USDT,0.8759,0.876,1377.0,124.0
2025-07-25T08:16:28.606984,AI16Z-USDT,0.1464,0.0,34286.0,0.0
2025-07-25T08:16:28.621040,ALGO-USDT,0.2576,0.0,24054.9,0.0
2025-07-25T08:16:28.654901,ADA-USDT,0.7977,0.7978,350560.0,10506.0
2025-07-25T08:16:28.671122,AERO-USDT,0.8759,0.0,121.0,0.0
2025-07-25T08:16:28.754765,ADA-USDT,0.0,0.7978,0.0,9068.0
2025-07-25T08:16:28.771508,AERO-USDT,0.8759,0.0,63.0,0.0
2025-07-25T08:16:28.806684,AI16Z-USDT,0.1464,0.0,34302.0,0.0
2025-07-25T08:16:28.837546,1INCH-USDT,0.0,0.2733,0.0,10672.3
2025-07-25T08:16:28.855689,ADA-USDT,0.7977,0.7978,350561.0,3362.0
2025-07-25T08:16:28.866619,AGT-USDT,0.005594,0.0,18050.0,0.0
2025-07-25T08:16:28.871310,AERO-USDT,0.8758,0.0,657.0,0.0
2025-07-25T08:16:28.931425,AAVE-USDT,0.0,287.05,0.0,1.45
2025-07-25T08:16:28.937730,1INCH-USDT,0.0,0.2733,0.0,10804.0
2025-07-25T08:16:28.971806,AERO-USDT,0.8758,0.0,784.0,0.0
2025-07-25T08:16:29.006777,AI16Z-USDT,0.0,0.1465,0.0,133797.0
2025-07-25T08:16:29.020945,ALGO-USDT,0.0,0.2577,0.0,11156.7
2025-07-25T08:16:29.028987,ANIME-USDT,0.01861,0.01862,191268.0,85629.0
2025-07-25T08:16:29.031382,AAVE-USDT,0.0,287.05,0.0,1.85
2025-07-25T08:16:29.037415,ALT-USDT,0.03345,0.0,26141.0,0.0
2025-07-25T08:16:29.037455,1INCH-USDT,0.2732,0.2733,2568.2,6577.5
2025-07-25T08:16:29.054933,ADA-USDT,0.7978,0.7979,42049.0,13038.0
2025-07-25T08:16:29.071880,ACT-USDT,0.0,0.0,0.0,0.0
2025-07-25T08:16:29.071920,AERO-USDT,0.8759,0.8761,739.0,60.0
2025-07-25T08:16:29.106832,AI16Z-USDT,0.0,0.1465,0.0,121110.0
2025-07-25T08:16:29.120274,ALGO-USDT,0.0,0.2577,0.0,8575.5
2025-07-25T08:16:29.131188,AAVE-USDT,287.04,0.0,1.41,0.0
2025-07-25T08:16:29.132664,AEVO-USDT,0.0,0.1045,0.0,29694.8
2025-07-25T08:16:29.138120,1INCH-USDT,0.0,0.2733,0.0,5852.5
2025-07-25T08:16:29.138168,ALT-USDT,0.03345,0.0,31141.0,0.0
2025-07-25T08:16:29.154522,ADA-USDT,0.0,0.7979,0.0,8643.0
2025-07-25T08:16:29.170778,ACT-USDT,0.0,0.0,0.0,0.0
2025-07-25T08:16:29.172132,AERO-USDT,0.8759,0.8762,1000.0,60.0
2025-07-25T08:16:29.207764,AI16Z-USDT,0.0,0.1465,0.0,135121.0
2025-07-25T08:16:29.214761,ACE-USDT,0.0,0.0,0.0,0.0
2025-07-25T08:16:29.218408,AIXBT-USDT,0.13943,0.0,2730.0,0.0
2025-07-25T08:16:29.231375,AAVE-USDT,287.04,0.0,3.49,0.0
2025-07-25T08:16:29.232517,AEVO-USDT,0.0,0.1045,0.0,27233.2
2025-07-25T08:16:29.238171,ALT-USDT,0.03345,0.0,31169.0,0.0
2025-07-25T08:16:29.238211,A-USDT,0.5591,0.5592,4268.0,297.0
2025-07-25T08:16:29.254521,ADA-USDT,0.7978,0.0,46347.0,0.0
2025-07-25T08:16:29.266277,AGT-USDT,0.0,0.0,0.0,0.0
2025-07-25T08:16:29.271395,AERO-USDT,0.8759,0.0,1096.0,0.0
2025-07-25T08:16:29.307165,AI16Z-USDT,0.1464,0.1465,35766.0,115390.0
2025-07-25T08:16:29.317916,AIXBT-USDT,0.13943,0.13944,4160.0,10.0
2025-07-25T08:16:29.320288,ALGO-USDT,0.2576,0.2577,24132.6,1245.9
2025-07-25T08:16:29.329134,ANIME-USDT,0.01861,0.0,204698.0,0.0
2025-07-25T08:16:29.331311,AAVE-USDT,287.05,287.06,22.97,0.02
2025-07-25T08:16:29.333029,AEVO-USDT,0.1044,0.1045,7822.0,1194.6
2025-07-25T08:16:29.337442,A-USDT,0.5591,0.0,4328.0,0.0
2025-07-25T08:16:29.337479,1INCH-USDT,0.0,0.2733,0.0,4852.5
2025-07-25T08:16:29.355638,ADA-USDT,0.798,0.7981,18292.0,12916.0
2025-07-25T08:16:29.371632,AERO-USDT,0.876,0.0,352.0,0.0
2025-07-25T08:16:29.406913,AI16Z-USDT,0.1464,0.0,55766.0,0.0
2025-07-25T08:16:29.418255,AIXBT-USDT,0.13949,0.1395,1020.0,70.0
2025-07-25T08:16:29.419260,AGLD-USDT,0.7681,0.7687,256.6,40.0
2025-07-25T08:16:29.420379,ALGO-USDT,0.0,0.2577,0.0,1216.7
2025-07-25T08:16:29.432123,AAVE-USDT,0.0,0.0,0.0,0.0
2025-07-25T08:16:29.438174,ALT-USDT,0.03345,0.0,31727.0,0.0
2025-07-25T08:16:29.438215,AI-USDT,0.0,0.1312,0.0,2958.8
2025-07-25T08:16:29.443294,AIN-USDT,0.0,0.15317,0.0,520.0
2025-07-25T08:16:29.455540,ADA-USDT,0.798,0.7981,19406.0,6935.0
2025-07-25T08:16:29.471622,AERO-USDT,0.876,0.0,939.0,0.0
2025-07-25T08:16:29.518211,AIXBT-USDT,0.13949,0.0,1160.0,0.0
2025-07-25T08:16:29.518570,AGLD-USDT,0.7684,0.0,34.7,0.0
2025-07-25T08:16:29.544124,AIN-USDT,0.15314,0.15315,240.0,320.0
2025-07-25T08:16:29.554697,ADA-USDT,0.0,0.7981,0.0,8529.0
2025-07-25T08:16:29.566234,AGT-USDT,0.005594,0.005598,54090.0,171730.0
2025-07-25T08:16:29.571846,ACT-USDT,0.04399,0.0,3743.0,0.0
2025-07-25T08:16:29.606676,AI16Z-USDT,0.1464,0.0,55759.0,0.0
2025-07-25T08:16:29.614056,ACE-USDT,0.5614,0.0,2.2,0.0
2025-07-25T08:16:29.638237,A-USDT,0.5591,0.0,4330.0,0.0
2025-07-25T08:16:29.644461,AIN-USDT,0.0,0.15315,0.0,700.0
2025-07-25T08:16:29.654659,ADA-USDT,0.798,0.0,20845.0,0.0
2025-07-25T08:16:29.666154,AGT-USDT,0.005594,0.005598,35030.0,173780.0
2025-07-25T08:16:29.671696,AERO-USDT,0.876,0.0,739.0,0.0
2025-07-25T08:16:29.714308,ACE-USDT,0.5614,0.5617,46.3,72.5
2025-07-25T08:16:29.737387,1INCH-USDT,0.0,0.2733,0.0,5573.8
2025-07-25T08:16:29.737570,AI-USDT,0.0,0.0,0.0,0.0
2025-07-25T08:16:29.754629,ADA-USDT,0.798,0.7981,340123.0,954.0
2025-07-25T08:16:29.771065,ACT-USDT,0.0,0.044,0.0,2203.0
2025-07-25T08:16:29.807548,AI16Z-USDT,0.1464,0.0,57083.0,0.0
2025-07-25T08:16:29.818005,AIXBT-USDT,0.0,0.0,0.0,0.0
2025-07-25T08:16:29.831595,AAVE-USDT,287.07,287.08,11.01,0.02
2025-07-25T08:16:29.832860,AEVO-USDT,0.1044,0.0,12822.0,0.0
2025-07-25T08:16:29.854815,ADA-USDT,0.798,0.7981,344926.0,12171.0
2025-07-25T08:16:29.866851,AGT-USDT,0.005594,0.005598,83040.0,171730.0
2025-07-25T08:16:29.871915,ACT-USDT,0.04404,0.04405,704.0,9992.0
2025-07-25T08:16:29.871977,AERO-USDT,0.8761,0.8763,939.0,69.0
2025-07-25T08:16:29.906827,AI16Z-USDT,0.1464,0.1465,60716.0,48759.0
2025-07-25T08:16:29.913341,ACH-USDT,0.021617,0.021618,1310.0,260.0
2025-07-25T08:16:29.918829,AGLD-USDT,0.7686,0.769,34.7,185.3
2025-07-25T08:16:29.919115,AIXBT-USDT,0.13952,0.13953,740.0,40.0
2025-07-25T08:16:29.929334,ANIME-USDT,0.01862,0.01863,21026.0,101716.0
2025-07-25T08:16:29.932195,AAVE-USDT,287.09,287.1,8.39,0.04
2025-07-25T08:16:29.933042,AEVO-USDT,0.1044,0.0,15216.3,0.0
2025-07-25T08:16:29.938310,ALT-USDT,0.03345,0.0,77309.0,0.0
2025-07-25T08:16:29.938358,1INCH-USDT,0.2732,0.2733,2831.8,1442.8
2025-07-25T08:16:29.943532,AIN-USDT,0.15314,0.15315,590.0,320.0
2025-07-25T08:16:29.955082,ADA-USDT,0.798,0.7981,340628.0,12426.0
2025-07-25T08:16:29.971273,ACT-USDT,0.04405,0.04407,704.0,383.0
2025-07-25T08:16:29.971311,AERO-USDT,0.8761,0.8763,966.0,60.0
2025-07-25T08:16:30.012346,ACH-USDT,0.0,0.0,0.0,0.0
2025-07-25T08:16:30.018203,AIXBT-USDT,0.0,0.13953,0.0,600.0
2025-07-25T08:16:30.018767,AERGO-USDT,0.1307,0.0,612.0,0.0
2025-07-25T08:16:30.020205,ALGO-USDT,0.2576,0.0,29001.3,0.0
2025-07-25T08:16:30.030295,ANIME-USDT,0.0,0.0,0.0,0.0
2025-07-25T08:16:30.031431,AAVE-USDT,287.09,0.0,7.48,0.0
2025-07-25T08:16:30.032640,AEVO-USDT,0.0,0.1045,0.0,280.9
2025-07-25T08:16:30.037932,1INCH-USDT,0.0,0.2733,0.0,79.9
2025-07-25T08:16:30.037967,AI-USDT,0.0,0.0,0.0,0.0
2025-07-25T08:16:30.037989,A-USDT,0.5593,0.5594,341.0,381.0
2025-07-25T08:16:30.043501,AIN-USDT,0.15315,0.15317,340.0,540.0
2025-07-25T08:16:30.066089,AGT-USDT,0.005594,0.005598,79720.0,175050.0
2025-07-25T08:16:30.070837,ACT-USDT,0.0,0.04407,0.0,1798.0
2025-07-25T08:16:30.071184,AERO-USDT,0.0,0.0,0.0,0.0
2025-07-25T08:16:30.107544,AI16Z-USDT,0.1464,0.1465,63099.0,29024.0
2025-07-25T08:16:30.118503,AIXBT-USDT,0.0,0.0,0.0,0.0
2025-07-25T08:16:30.118689,AERGO-USDT,0.13071,0.13074,450.0,1676.0
2025-07-25T08:16:30.129426,ANIME-USDT,0.01862,0.0,84743.0,0.0
2025-07-25T08:16:30.131999,AAVE-USDT,287.1,287.11,16.55,0.19
2025-07-25T08:16:30.137155,1INCH-USDT,0.0,0.2733,0.0,24.9
2025-07-25T08:16:30.137499,A-USDT,0.0,0.0,0.0,0.0
2025-07-25T08:16:30.143296,AIN-USDT,0.15316,0.0,360.0,0.0
2025-07-25T08:16:30.155331,ADA-USDT,0.0,0.0,0.0,0.0
2025-07-25T08:16:30.171329,AERO-USDT,0.8761,0.0,1058.0,0.0
2025-07-25T08:16:30.206893,AI16Z-USDT,0.1464,0.1465,63135.0,45340.0
2025-07-25T08:16:30.218507,AERGO-USDT,0.13072,0.13075,523.0,10.0
2025-07-25T08:16:30.229661,ANIME-USDT,0.01862,0.0,95481.0,0.0
2025-07-25T08:16:30.232024,AAVE-USDT,0.0,287.11,0.0,1.76
2025-07-25T08:16:30.233674,AEVO-USDT,0.0,0.1045,0.0,1189.9
2025-07-25T08:16:30.254827,ADA-USDT,0.798,0.0,341484.0,0.0
2025-07-25T08:16:30.271417,ACT-USDT,0.04407,0.04408,704.0,1385.0
2025-07-25T08:16:30.271472,AERO-USDT,0.8761,0.0,1250.0,0.0
2025-07-25T08:16:30.306617,AI16Z-USDT,0.1464,0.0,61734.0,0.0
2025-07-25T08:16:30.329228,ANIME-USDT,0.01862,0.01863,31764.0,107085.0
2025-07-25T08:16:30.331428,AAVE-USDT,287.11,287.12,15.22,0.04
2025-07-25T08:16:30.332452,AEVO-USDT,0.1044,0.1045,17131.0,209.0
2025-07-25T08:16:30.370743,ACT-USDT,0.0,0.0,0.0,0.0
2025-07-25T08:16:30.406877,AI16Z-USDT,0.1464,0.0,75734.0,0.0
2025-07-25T08:16:30.411951,ACH-USDT,0.0,0.0,0.0,0.0
2025-07-25T08:16:30.430175,ANIME-USDT,0.01862,0.0,32140.0,0.0
2025-07-25T08:16:30.431400,AAVE-USDT,0.0,287.12,0.0,1.61
2025-07-25T08:16:30.437514,A-USDT,0.5593,0.0,228.0,0.0
2025-07-25T08:16:30.438271,ALT-USDT,0.03345,0.0,86276.0,0.0
2025-07-25T08:16:30.455243,ADA-USDT,0.798,0.0,341485.0,0.0
2025-07-25T08:16:30.471849,AERO-USDT,0.8763,0.8764,152.0,19.0
2025-07-25T08:16:30.507426,AI16Z-USDT,0.0,0.1465,0.0,42353.0
2025-07-25T08:16:30.512139,ACH-USDT,0.021621,0.021624,360.0,260.0
2025-07-25T08:16:30.518859,AIXBT-USDT,0.0,0.13953,0.0,40.0
2025-07-25T08:16:30.518895,AGLD-USDT,0.7687,0.769,40.0,40.0
2025-07-25T08:16:30.518925,AERGO-USDT,0.0,0.0,0.0,0.0
2025-07-25T08:16:30.520705,ALGO-USDT,0.2576,0.0,26684.5,0.0
2025-07-25T08:16:30.531621,AAVE-USDT,287.13,287.14,15.0,0.02
2025-07-25T08:16:30.533725,AEVO-USDT,0.1045,0.1046,909.0,26626.9
2025-07-25T08:16:30.537860,AI-USDT,0.1311,0.1312,982.2,657.0
2025-07-25T08:16:30.538041,ALT-USDT,0.03346,0.03347,17545.0,46375.0
2025-07-25T08:16:30.544490,AIN-USDT,0.0,0.15317,0.0,170.0
2025-07-25T08:16:30.554676,ADA-USDT,0.7981,0.7982,45529.0,16181.0
2025-07-25T08:16:30.566444,AGT-USDT,0.005594,0.005598,99590.0,171730.0
2025-07-25T08:16:30.571927,AERO-USDT,0.8763,0.8764,1075.0,10.0
2025-07-25T08:16:30.606997,AI16Z-USDT,0.0,0.1465,0.0,44839.0
2025-07-25T08:16:30.611968,ACH-USDT,0.021622,0.0,1310.0,0.0
2025-07-25T08:16:30.614047,ACE-USDT,0.5616,0.5619,89.2,72.8
2025-07-25T08:16:30.617758,AIXBT-USDT,0.13952,0.0,2170.0,0.0
2025-07-25T08:16:30.619821,ALCH-USDT,0.13755,0.0,793.0,0.0
2025-07-25T08:16:30.620600,ALGO-USDT,0.2576,0.0,25801.4,0.0
2025-07-25T08:16:30.632088,AAVE-USDT,0.0,0.0,0.0,0.0
2025-07-25T08:16:30.632896,AEVO-USDT,0.0,0.1046,0.0,27358.0
2025-07-25T08:16:30.637976,ALT-USDT,0.03346,0.0,14034.0,0.0
2025-07-25T08:16:30.638015,1INCH-USDT,0.2732,0.0,3831.8,0.0
2025-07-25T08:16:30.643551,AIN-USDT,0.15317,0.15318,700.0,40.0
2025-07-25T08:16:30.654900,ADA-USDT,0.7981,0.7982,6137.0,33914.0
2025-07-25T08:16:30.666128,AGT-USDT,0.005595,0.0,17870.0,0.0
2025-07-25T08:16:30.670874,ACT-USDT,0.0,0.0,0.0,0.0
2025-07-25T08:16:30.671231,AERO-USDT,0.8763,0.0,876.0,0.0
2025-07-25T08:16:30.706854,AI16Z-USDT,0.1464,0.0,76875.0,0.0
2025-07-25T08:16:30.711882,ACH-USDT,0.0,0.0,0.0,0.0
2025-07-25T08:16:30.720408,ALGO-USDT,0.2576,0.0,23748.3,0.0
2025-07-25T08:16:30.729344,ANIME-USDT,0.01862,0.0,95733.0,0.0
2025-07-25T08:16:30.731374,AAVE-USDT,287.13,287.14,0.82,1.59
2025-07-25T08:16:30.732874,AEVO-USDT,0.0,0.1046,0.0,27425.0
2025-07-25T08:16:30.738402,ALT-USDT,0.03346,0.0,7767.0,0.0
2025-07-25T08:16:30.743276,AIN-USDT,0.15317,0.15318,380.0,460.0
2025-07-25T08:16:30.754929,ADA-USDT,0.7981,0.7982,10654.0,23779.0
2025-07-25T08:16:30.766921,AGT-USDT,0.005595,0.0,37740.0,0.0
2025-07-25T08:16:30.771993,AERO-USDT,0.8763,0.8766,874.0,66.0
2025-07-25T08:16:30.818691,AIXBT-USDT,0.13952,0.0,740.0,0.0
2025-07-25T08:16:30.820161,ALCH-USDT,0.13755,0.0,673.0,0.0
2025-07-25T08:16:30.829058,ANIME-USDT,0.01862,0.0,96109.0,0.0
2025-07-25T08:16:30.843881,AIN-USDT,0.15315,0.15316,260.0,320.0
2025-07-25T08:16:30.854566,ADA-USDT,0.7981,0.0,6478.0,0.0
2025-07-25T08:16:30.866096,AGT-USDT,0.005595,0.0,49530.0,0.0
2025-07-25T08:16:30.918371,AGLD-USDT,0.7685,0.7689,40.0,145.7
2025-07-25T08:16:30.920305,ALGO-USDT,0.2576,0.0,23773.6,0.0
2025-07-25T08:16:30.929309,ANIME-USDT,0.01862,0.0,95733.0,0.0
2025-07-25T08:16:30.931408,AAVE-USDT,287.12,287.13,0.34,2.69
2025-07-25T08:16:30.933233,AEVO-USDT,0.1044,0.1045,21300.1,909.0
2025-07-25T08:16:30.937386,1INCH-USDT,0.0,0.2733,0.0,1398.9
2025-07-25T08:16:30.937643,ALT-USDT,0.0,0.0,0.0,0.0
2025-07-25T08:16:30.937857,AI-USDT,0.1311,0.0,1745.2,0.0
2025-07-25T08:16:30.943966,AIN-USDT,0.15315,0.15316,410.0,680.0
2025-07-25T08:16:30.954608,ADA-USDT,0.798,0.7981,10553.0,19042.0
2025-07-25T08:16:30.966568,AGT-USDT,0.005594,0.005596,42850.0,8340.0
2025-07-25T08:16:31.018092,AIXBT-USDT,0.0,0.0,0.0,0.0
2025-07-25T08:16:31.031831,AAVE-USDT,287.12,0.0,0.97,0.0
2025-07-25T08:16:31.033181,AEVO-USDT,0.1044,0.0,23102.6,0.0
2025-07-25T08:16:31.054594,ADA-USDT,0.0,0.0,0.0,0.0
2025-07-25T08:16:31.066294,AGT-USDT,0.0,0.0,0.0,0.0
2025-07-25T08:16:31.071699,ACT-USDT,0.0,0.04409,0.0,4703.0
2025-07-25T08:16:31.107833,AI16Z-USDT,0.1464,0.0,76903.0,0.0
2025-07-25T08:16:31.120198,ALGO-USDT,0.0,0.0,0.0,0.0
2025-07-25T08:16:31.129238,ANIME-USDT,0.01862,0.0,96109.0,0.0
2025-07-25T08:16:31.131405,AAVE-USDT,287.12,287.13,1.19,1.57
2025-07-25T08:16:31.138221,ALT-USDT,0.03346,0.0,8325.0,0.0
2025-07-25T08:16:31.154168,ADA-USDT,0.0,0.7981,0.0,4637.0
2025-07-25T08:16:31.170948,ACT-USDT,0.0,0.04409,0.0,4320.0
2025-07-25T08:16:31.218443,AIXBT-USDT,0.13952,0.0,2760.0,0.0
2025-07-25T08:16:31.220271,ALGO-USDT,0.2576,0.0,24401.7,0.0
2025-07-25T08:16:31.232751,AEVO-USDT,0.1045,0.1046,909.0,26760.9
2025-07-25T08:16:31.238613,ALT-USDT,0.03346,0.0,7767.0,0.0
2025-07-25T08:16:31.255675,ADA-USDT,0.7981,0.7982,461866.0,16472.0
2025-07-25T08:16:31.265946,AGT-USDT,0.005595,0.005598,17870.0,171730.0
2025-07-25T08:16:31.271033,ACT-USDT,0.0,0.0,0.0,0.0
2025-07-25T08:16:31.306832,AI16Z-USDT,0.1464,0.0,78311.0,0.0
2025-07-25T08:16:31.318491,AGLD-USDT,0.7687,0.7689,109.7,21.8
2025-07-25T08:16:31.320450,ALGO-USDT,0.2576,0.0,26148.2,0.0
2025-07-25T08:16:31.329959,ANIME-USDT,0.01862,0.01863,95733.0,101716.0
2025-07-25T08:16:31.333173,AEVO-USDT,0.0,0.1046,0.0,27196.3
2025-07-25T08:16:31.337585,A-USDT,0.0,0.5594,0.0,649.0
2025-07-25T08:16:31.338308,1INCH-USDT,0.2732,0.0,3785.5,0.0
2025-07-25T08:16:31.355196,ADA-USDT,0.7981,0.0,464015.0,0.0
2025-07-25T08:16:31.419424,AGLD-USDT,0.0,0.0,0.0,0.0
2025-07-25T08:16:31.419473,AERGO-USDT,0.0,0.0,0.0,0.0
2025-07-25T08:16:31.429421,ANIME-USDT,0.01862,0.0,96109.0,0.0
2025-07-25T08:16:31.433185,AEVO-USDT,0.0,0.1046,0.0,27927.4
2025-07-25T08:16:31.437916,1INCH-USDT,0.2732,0.0,3831.8,0.0
2025-07-25T08:16:31.455616,ADA-USDT,0.0,0.7982,0.0,16217.0
2025-07-25T08:16:31.520164,ALGO-USDT,0.0,0.2577,0.0,1212.4
2025-07-25T08:16:31.531966,AAVE-USDT,287.13,287.14,0.34,0.02
2025-07-25T08:16:31.538611,AI-USDT,0.0,0.0,0.0,0.0
2025-07-25T08:16:31.538660,ALT-USDT,0.03346,0.0,8325.0,0.0
2025-07-25T08:16:31.538702,1INCH-USDT,0.0,0.0,0.0,0.0
2025-07-25T08:16:31.554878,ADA-USDT,0.7981,0.0,463500.0,0.0
2025-07-25T08:16:31.566268,AGT-USDT,0.005595,0.0,37740.0,0.0
2025-07-25T08:16:31.571331,ACT-USDT,0.0,0.04409,0.0,2047.0
2025-07-25T08:16:31.611722,ACH-USDT,0.0,0.0,0.0,0.0
2025-07-25T08:16:31.618273,AIXBT-USDT,0.13952,0.0,3260.0,0.0
2025-07-25T08:16:31.631307,AAVE-USDT,287.13,287.14,1.31,1.59
2025-07-25T08:16:31.638490,AI-USDT,0.1311,0.0,2764.2,0.0
2025-07-25T08:16:31.654833,ADA-USDT,0.0,0.7982,0.0,16472.0
2025-07-25T08:16:31.666202,AGT-USDT,0.005595,0.0,48990.0,0.0
2025-07-25T08:16:31.720514,ALGO-USDT,0.2576,0.2577,26469.7,1347.4
2025-07-25T08:16:31.733020,AEVO-USDT,0.0,0.1046,0.0,27860.4
2025-07-25T08:16:31.737352,AI-USDT,0.1311,0.0,3210.2,0.0
2025-07-25T08:16:31.754226,ADA-USDT,0.0,0.7982,0.0,16482.0
2025-07-25T08:16:31.818592,AERGO-USDT,0.13072,0.13075,403.0,70.0
2025-07-25T08:16:31.818922,AGLD-USDT,0.7687,0.7689,74.7,61.8
2025-07-25T08:16:31.820286,ALGO-USDT,0.2576,0.2577,23247.8,17796.4
2025-07-25T08:16:31.829201,ANIME-USDT,0.01862,0.01863,21026.0,102720.0
2025-07-25T08:16:31.831929,AAVE-USDT,287.1,287.12,2.48,11.39
2025-07-25T08:16:31.833292,AEVO-USDT,0.1044,0.1045,25657.2,909.0
2025-07-25T08:16:31.837685,1INCH-USDT,0.2732,0.0,3739.2,0.0
2025-07-25T08:16:31.837942,ALT-USDT,0.03346,0.0,7209.0,0.0
2025-07-25T08:16:31.840029,A-USDT,0.5593,0.5594,42.0,669.0
2025-07-25T08:16:31.843757,AIN-USDT,0.15314,0.15316,240.0,850.0
2025-07-25T08:16:31.855019,ADA-USDT,0.7981,0.7982,449615.0,35724.0
2025-07-25T08:16:31.866868,AGT-USDT,0.005595,0.0,45670.0,0.0
2025-07-25T08:16:31.870848,ACT-USDT,0.0,0.04409,0.0,2430.0
2025-07-25T08:16:31.871116,AERO-USDT,0.8763,0.8765,269.0,273.0
2025-07-25T08:16:31.906888,AI16Z-USDT,0.1464,0.1465,37863.0,48888.0
2025-07-25T08:16:31.914972,ACE-USDT,0.5614,0.5616,2.2,91.0
2025-07-25T08:16:31.918569,AGLD-USDT,0.7685,0.0,40.0,0.0
2025-07-25T08:16:31.918606,AIXBT-USDT,0.13952,0.13953,2250.0,410.0
2025-07-25T08:16:31.920409,ALGO-USDT,0.2576,0.2577,28116.5,17135.1
2025-07-25T08:16:31.932062,AAVE-USDT,287.1,287.11,0.02,7.9
2025-07-25T08:16:31.936016,AEVO-USDT,0.1044,0.0,23742.5,0.0
2025-07-25T08:16:31.937715,A-USDT,0.5592,0.0,94.0,0.0
2025-07-25T08:16:31.937897,1INCH-USDT,0.2732,0.0,2739.2,0.0
2025-07-25T08:16:31.937933,ALT-USDT,0.03346,0.0,2209.0,0.0
2025-07-25T08:16:31.943554,AIN-USDT,0.0,0.15315,0.0,320.0
2025-07-25T08:16:31.954766,ADA-USDT,0.0,0.7982,0.0,38715.0
2025-07-25T08:16:31.966660,AGT-USDT,0.005595,0.0,37740.0,0.0
2025-07-25T08:16:31.971348,ACT-USDT,0.04405,0.04407,4437.0,626.0
2025-07-25T08:16:31.971519,AERO-USDT,0.8763,0.8765,47.0,912.0
2025-07-25T08:16:32.009190,AI16Z-USDT,0.0,0.1465,0.0,51625.0
2025-07-25T08:16:32.020079,AIXBT-USDT,0.13947,0.13948,140.0,370.0
2025-07-25T08:16:32.020116,AERGO-USDT,0.13074,0.13075,415.0,10.0
2025-07-25T08:16:32.020396,ALGO-USDT,0.2576,0.2577,23554.4,11871.8
2025-07-25T08:16:32.033086,AAVE-USDT,0.0,287.11,0.0,7.57
2025-07-25T08:16:32.033149,AEVO-USDT,0.1044,0.0,23809.6,0.0
2025-07-25T08:16:32.037454,ALT-USDT,0.03346,0.0,7209.0,0.0
2025-07-25T08:16:32.037504,1INCH-USDT,0.0,0.2733,0.0,1588.9
2025-07-25T08:16:32.043101,AIN-USDT,0.0,0.15315,0.0,730.0
2025-07-25T08:16:32.054432,ADA-USDT,0.0,0.7982,0.0,35157.0
2025-07-25T08:16:32.066261,AGT-USDT,0.0,0.005598,0.0,127660.0
2025-07-25T08:16:32.071583,ACT-USDT,0.0,0.0,0.0,0.0
2025-07-25T08:16:32.071633,AERO-USDT,0.0,0.8765,0.0,878.0
2025-07-25T08:16:32.129290,ANIME-USDT,0.01862,0.01863,34329.0,162720.0
2025-07-25T08:16:32.131346,AAVE-USDT,0.0,0.0,0.0,0.0
2025-07-25T08:16:32.140018,1INCH-USDT,0.2732,0.0,2739.1,0.0
2025-07-25T08:16:32.140080,A-USDT,0.0,0.5594,0.0,855.0
2025-07-25T08:16:32.155827,ADA-USDT,0.7981,0.7982,449956.0,34907.0
2025-07-25T08:16:32.166065,AGT-USDT,0.005595,0.005598,44690.0,71200.0
2025-07-25T08:16:32.171953,AERO-USDT,0.0,0.0,0.0,0.0
2025-07-25T08:16:32.206566,AI16Z-USDT,0.0,0.0,0.0,0.0
2025-07-25T08:16:32.219996,ALCH-USDT,0.0,0.0,0.0,0.0
2025-07-25T08:16:32.238233,A-USDT,0.0,0.5594,0.0,835.0
2025-07-25T08:16:32.254303,ADA-USDT,0.7981,0.7982,1634.0,31676.0
2025-07-25T08:16:32.266961,AGT-USDT,0.005595,0.0,64560.0,0.0
2025-07-25T08:16:32.307203,AI16Z-USDT,0.1464,0.1465,55863.0,63625.0
2025-07-25T08:16:32.320868,ALGO-USDT,0.2576,0.2577,24096.2,11871.9
2025-07-25T08:16:32.333103,AEVO-USDT,0.1044,0.0,16187.9,0.0
2025-07-25T08:16:32.337923,A-USDT,0.0,0.5594,0.0,855.0
2025-07-25T08:16:32.338473,1INCH-USDT,0.0,0.2733,0.0,1493.9
2025-07-25T08:16:32.338513,AI-USDT,0.1311,0.0,2447.2,0.0
2025-07-25T08:16:32.338542,ALT-USDT,0.03346,0.0,2209.0,0.0
2025-07-25T08:16:32.354595,ADA-USDT,0.798,0.7981,2814.0,39507.0
2025-07-25T08:16:32.366651,AGT-USDT,0.005595,0.0,82430.0,0.0
2025-07-25T08:16:32.371926,AERO-USDT,0.0,0.8765,0.0,912.0
2025-07-25T08:16:32.407475,AI16Z-USDT,0.1464,0.1465,36845.0,80708.0
2025-07-25T08:16:32.411994,ACH-USDT,0.021619,0.021623,1310.0,1310.0
2025-07-25T08:16:32.418439,AIXBT-USDT,0.13946,0.13947,1990.0,370.0
2025-07-25T08:16:32.420679,ALGO-USDT,0.2576,0.2577,24104.9,16896.2
2025-07-25T08:16:32.430707,ANIME-USDT,0.0,0.01863,0.0,168089.0
2025-07-25T08:16:32.431501,AAVE-USDT,0.0,0.0,0.0,0.0
2025-07-25T08:16:32.437988,ALT-USDT,0.03345,0.0,39907.0,0.0
2025-07-25T08:16:32.438041,1INCH-USDT,0.0,0.2733,0.0,1398.9
2025-07-25T08:16:32.443353,AIN-USDT,0.15306,0.15307,510.0,340.0
2025-07-25T08:16:32.454766,ADA-USDT,0.7979,0.798,7.0,36004.0
2025-07-25T08:16:32.466577,AGT-USDT,0.005595,0.0,37740.0,0.0
2025-07-25T08:16:32.472194,AERO-USDT,0.0,0.8764,0.0,605.0
2025-07-25T08:16:32.507315,AI16Z-USDT,0.0,0.1465,0.0,82073.0
2025-07-25T08:16:32.512277,ACH-USDT,0.021616,0.021622,240.0,1310.0
2025-07-25T08:16:32.514877,ACE-USDT,0.0,0.5615,0.0,91.0
2025-07-25T08:16:32.519171,AIXBT-USDT,0.0,0.0,0.0,0.0
2025-07-25T08:16:32.519216,AGLD-USDT,0.0,0.7687,0.0,40.0
2025-07-25T08:16:32.520588,ALGO-USDT,0.2576,0.2577,13457.5,18314.8
2025-07-25T08:16:32.529915,ANIME-USDT,0.01861,0.01862,139984.0,169488.0
2025-07-25T08:16:32.532464,AAVE-USDT,287.05,287.06,1.04,8.53
2025-07-25T08:16:32.533340,AEVO-USDT,0.1044,0.1045,16120.8,3301.0
2025-07-25T08:16:32.538350,ALT-USDT,0.03345,0.03346,21401.0,5624.0
2025-07-25T08:16:32.538381,1INCH-USDT,0.0,0.2733,0.0,2491.5
2025-07-25T08:16:32.538413,A-USDT,0.0,0.5594,0.0,2855.0
2025-07-25T08:16:32.543958,AIN-USDT,0.15307,0.15312,560.0,510.0
2025-07-25T08:16:32.557155,ADA-USDT,0.0,0.798,0.0,41555.0
2025-07-25T08:16:32.570977,ACT-USDT,0.0,0.04406,0.0,718.0
2025-07-25T08:16:32.571704,AERO-USDT,0.0,0.8764,0.0,628.0
2025-07-25T08:16:32.611924,ACH-USDT,0.0,0.021621,0.0,1310.0
2025-07-25T08:16:32.618023,AIXBT-USDT,0.13946,0.0,370.0,0.0
2025-07-25T08:16:32.618624,AERGO-USDT,0.13071,0.13075,1610.0,2214.0
2025-07-25T08:16:32.620182,ALGO-USDT,0.0,0.2577,0.0,17509.4
2025-07-25T08:16:32.629427,ANIME-USDT,0.01861,0.01862,62838.0,164492.0
2025-07-25T08:16:32.631913,AAVE-USDT,0.0,287.06,0.0,1.91
2025-07-25T08:16:32.632654,AEVO-USDT,0.1044,0.1045,14076.4,3368.0
2025-07-25T08:16:32.637505,A-USDT,0.0,0.5594,0.0,3743.0
2025-07-25T08:16:32.637817,ALT-USDT,0.03345,0.0,16918.0,0.0
2025-07-25T08:16:32.637860,1INCH-USDT,0.0,0.2733,0.0,2540.2
2025-07-25T08:16:32.637892,AI-USDT,0.1311,0.0,2001.2,0.0
2025-07-25T08:16:32.643590,AIN-USDT,0.15308,0.15309,650.0,320.0
2025-07-25T08:16:32.656076,ADA-USDT,0.7977,0.7978,6492.0,31394.0
2025-07-25T08:16:32.668869,AGT-USDT,0.005595,0.0,82430.0,0.0
2025-07-25T08:16:32.671708,AERO-USDT,0.8762,0.8763,9.0,881.0
2025-07-25T08:16:32.706656,AI16Z-USDT,0.1464,0.1465,17534.0,83438.0
2025-07-25T08:16:32.711976,ACH-USDT,0.0,0.02162,0.0,1310.0
2025-07-25T08:16:32.714290,ACE-USDT,0.561,0.5613,9.0,91.0
2025-07-25T08:16:32.718537,AIXBT-USDT,0.13945,0.13947,670.0,930.0
2025-07-25T08:16:32.718577,AGLD-USDT,0.7683,0.0,40.0,0.0
2025-07-25T08:16:32.729101,ANIME-USDT,0.01861,0.01862,77464.0,180934.0
2025-07-25T08:16:32.732709,AAVE-USDT,0.0,287.06,0.0,7.76
2025-07-25T08:16:32.733443,AEVO-USDT,0.0,0.1045,0.0,3301.0
2025-07-25T08:16:32.737593,A-USDT,0.0,0.5594,0.0,4289.0
2025-07-25T08:16:32.737995,ALT-USDT,0.03345,0.03346,14700.0,6182.0
2025-07-25T08:16:32.738034,1INCH-USDT,0.0,0.2733,0.0,2491.5
2025-07-25T08:16:32.746104,AIN-USDT,0.15307,0.15308,950.0,320.0
2025-07-25T08:16:32.754546,ADA-USDT,0.7979,0.798,12752.0,6892.0
2025-07-25T08:16:32.766422,AGT-USDT,0.005595,0.0,65880.0,0.0
2025-07-25T08:16:32.771327,AERO-USDT,0.0,0.0,0.0,0.0
2025-07-25T08:16:32.807564,AI16Z-USDT,0.1464,0.0,18035.0,0.0
2025-07-25T08:16:32.814955,ACE-USDT,0.561,0.5612,81.8,91.0
2025-07-25T08:16:32.819090,AIXBT-USDT,0.13945,0.13946,610.0,650.0
2025-07-25T08:16:32.819134,AERGO-USDT,0.13072,0.0,485.0,0.0
2025-07-25T08:16:32.829031,ANIME-USDT,0.01861,0.0,70332.0,0.0
2025-07-25T08:16:32.832925,AEVO-USDT,0.0,0.1045,0.0,8301.0
2025-07-25T08:16:32.837277,1INCH-USDT,0.0,0.2733,0.0,2586.5
2025-07-25T08:16:32.837520,A-USDT,0.0,0.5594,0.0,4480.0
2025-07-25T08:16:32.844113,AIN-USDT,0.15307,0.0,1140.0,0.0
2025-07-25T08:16:32.855471,ADA-USDT,0.7979,0.798,35278.0,8667.0
2025-07-25T08:16:32.866132,AGT-USDT,0.005595,0.0,82430.0,0.0
2025-07-25T08:16:32.912096,ACH-USDT,0.0,0.021619,0.0,1310.0
2025-07-25T08:16:32.920255,ALGO-USDT,0.2576,0.0,13697.3,0.0
2025-07-25T08:16:32.932699,AEVO-USDT,0.0,0.1045,0.0,8300.9
2025-07-25T08:16:32.937245,ALT-USDT,0.0,0.03346,0.0,5624.0
2025-07-25T08:16:32.955930,ADA-USDT,0.7979,0.798,3446.0,20574.0
2025-07-25T08:16:32.971331,AERO-USDT,0.876,0.8761,161.0,124.0
2025-07-25T08:16:33.016407,ACE-USDT,0.561,0.5612,9.0,163.8
2025-07-25T08:16:33.017992,AIXBT-USDT,0.13945,0.0,40.0,0.0
2025-07-25T08:16:33.018286,AGLD-USDT,0.7681,0.7685,186.9,40.0
2025-07-25T08:16:33.018586,AERGO-USDT,0.0,0.13074,0.0,450.0
2025-07-25T08:16:33.020539,ALGO-USDT,0.2576,0.2577,5643.1,19091.0
2025-07-25T08:16:33.029362,ANIME-USDT,0.01861,0.0,31983.0,0.0
2025-07-25T08:16:33.031860,AAVE-USDT,287.02,287.03,0.02,8.22
2025-07-25T08:16:33.034035,AEVO-USDT,0.1044,0.1045,4452.9,12364.8
2025-07-25T08:16:33.038125,AI-USDT,0.0,0.1312,0.0,1157.0
2025-07-25T08:16:33.038164,1INCH-USDT,0.2732,0.2733,2568.1,2757.5
2025-07-25T08:16:33.038191,ALT-USDT,0.0,0.03346,0.0,11182.0
2025-07-25T08:16:33.043368,AIN-USDT,0.15308,0.15309,900.0,320.0
2025-07-25T08:16:33.054633,ADA-USDT,0.7978,0.7979,3453.0,23885.0
2025-07-25T08:16:33.066011,AGT-USDT,0.005595,0.0,65880.0,0.0
2025-07-25T08:16:33.071040,ACT-USDT,0.0,0.04406,0.0,1101.0
2025-07-25T08:16:33.071630,AERO-USDT,0.876,0.0,9.0,0.0
2025-07-25T08:16:33.106889,AI16Z-USDT,0.1464,0.0,17534.0,0.0
2025-07-25T08:16:33.112252,ACH-USDT,0.0,0.021618,0.0,1310.0
2025-07-25T08:16:33.119917,ALCH-USDT,0.0,0.13756,0.0,5929.0
2025-07-25T08:16:33.129165,ANIME-USDT,0.0,0.01862,0.0,186306.0
2025-07-25T08:16:33.131962,AAVE-USDT,0.0,0.0,0.0,0.0
2025-07-25T08:16:33.133603,AEVO-USDT,0.0,0.1045,0.0,21756.8
2025-07-25T08:16:33.137249,AI-USDT,0.1311,0.1312,500.0,1639.2
2025-07-25T08:16:33.137887,A-USDT,0.0,0.5594,0.0,4835.0
2025-07-25T08:16:33.143419,AIN-USDT,0.0,0.15309,0.0,660.0
2025-07-25T08:16:33.154628,ADA-USDT,0.7978,0.7979,7.0,30959.0
2025-07-25T08:16:33.167166,AGT-USDT,0.005595,0.005596,62560.0,8340.0
2025-07-25T08:16:33.170972,ACT-USDT,0.04403,0.04405,4437.0,1826.0
2025-07-25T08:16:33.206901,AI16Z-USDT,0.0,0.1465,0.0,100035.0
2025-07-25T08:16:33.211906,ACH-USDT,0.0,0.021617,0.0,1310.0
2025-07-25T08:16:33.218720,AGLD-USDT,0.7681,0.0,40.0,0.0
2025-07-25T08:16:33.219971,AERGO-USDT,0.13071,0.13073,82.0,2204.0
2025-07-25T08:16:33.220644,ALGO-USDT,0.2576,0.2577,256.7,19168.7
2025-07-25T08:16:33.231994,AAVE-USDT,286.98,286.99,0.02,7.03
2025-07-25T08:16:33.232810,AEVO-USDT,0.0,0.1045,0.0,24224.5
2025-07-25T08:16:33.237488,1INCH-USDT,0.0,0.2733,0.0,3482.5
2025-07-25T08:16:33.237986,ALT-USDT,0.0,0.03346,0.0,11740.0
2025-07-25T08:16:33.238471,A-USDT,0.0,0.5593,0.0,1315.0
2025-07-25T08:16:33.238918,AI-USDT,0.131,0.1311,2726.1,596.3
2025-07-25T08:16:33.254840,ADA-USDT,0.0,0.7979,0.0,32545.0
2025-07-25T08:16:33.266505,AGT-USDT,0.005594,0.005595,35030.0,15830.0
2025-07-25T08:16:33.270826,ACT-USDT,0.0,0.04404,0.0,1344.0
2025-07-25T08:16:33.306647,AI16Z-USDT,0.0,0.1465,0.0,124809.0
2025-07-25T08:16:33.319292,AERGO-USDT,0.13065,0.13067,281.0,1120.0
2025-07-25T08:16:33.320832,ALGO-USDT,0.0,0.2577,0.0,28168.7
2025-07-25T08:16:33.331615,AAVE-USDT,286.96,286.97,0.04,8.66
2025-07-25T08:16:33.337873,1INCH-USDT,0.0,0.2733,0.0,3493.2
2025-07-25T08:16:33.354691,ADA-USDT,0.7976,0.7977,6159.0,16724.0
2025-07-25T08:16:33.367366,AGT-USDT,0.005594,0.005595,180.0,12510.0
2025-07-25T08:16:33.371244,ACT-USDT,0.0,0.0,0.0,0.0
2025-07-25T08:16:33.371451,AERO-USDT,0.0,0.0,0.0,0.0
2025-07-25T08:16:33.406973,AI16Z-USDT,0.0,0.1465,0.0,126851.0
2025-07-25T08:16:33.420916,AERGO-USDT,0.13065,0.0,758.0,0.0
2025-07-25T08:16:33.422073,ALGO-USDT,0.2575,0.2576,5119.2,36343.9
2025-07-25T08:16:33.422289,AIXBT-USDT,0.0,0.0,0.0,0.0
2025-07-25T08:16:33.422633,AGLD-USDT,0.0,0.7684,0.0,145.7
2025-07-25T08:16:33.433038,AAVE-USDT,286.96,286.97,0.02,8.99
2025-07-25T08:16:33.433083,ANIME-USDT,0.0186,0.01861,91175.0,79766.0
2025-07-25T08:16:33.440408,1INCH-USDT,0.2731,0.2732,284.7,2420.3
2025-07-25T08:16:33.444715,AIN-USDT,0.15308,0.0,560.0,0.0
2025-07-25T08:16:33.454803,ADA-USDT,0.7976,0.7977,5904.0,16584.0
2025-07-25T08:16:33.466815,AGT-USDT,0.0,0.005595,0.0,15830.0
2025-07-25T08:16:33.471109,AERO-USDT,0.0,0.8761,0.0,729.0
2025-07-25T08:16:33.506627,AI16Z-USDT,0.1464,0.1465,11888.0,128214.0
2025-07-25T08:16:33.518809,AIXBT-USDT,0.13942,0.13943,1730.0,550.0
2025-07-25T08:16:33.518854,AGLD-USDT,0.7682,0.0,1.0,0.0
2025-07-25T08:16:33.518888,AERGO-USDT,0.0,0.0,0.0,0.0
2025-07-25T08:16:33.519710,ALCH-USDT,0.13752,0.13755,1189.0,2016.0
2025-07-25T08:16:33.520883,ALGO-USDT,0.2574,0.2576,68714.3,34030.2
2025-07-25T08:16:33.530590,ANIME-USDT,0.0186,0.01861,48402.0,80030.0
2025-07-25T08:16:33.531401,AAVE-USDT,286.96,0.0,1.98,0.0
2025-07-25T08:16:33.532861,AEVO-USDT,0.1044,0.0,3536.2,0.0
2025-07-25T08:16:33.537898,1INCH-USDT,0.0,0.2732,0.0,2466.6
2025-07-25T08:16:33.538053,AI-USDT,0.131,0.0,3745.1,0.0
2025-07-25T08:16:33.549510,AIN-USDT,0.15308,0.0,970.0,0.0
2025-07-25T08:16:33.556129,ADA-USDT,0.7976,0.7977,21.0,25952.0
2025-07-25T08:16:33.566306,AGT-USDT,0.005594,0.005595,44820.0,12510.0
2025-07-25T08:16:33.606860,AI16Z-USDT,0.1463,0.1464,21250.0,127567.0
2025-07-25T08:16:33.617943,AIXBT-USDT,0.13938,0.13939,40.0,800.0
2025-07-25T08:16:33.618395,AGLD-USDT,0.0,0.7683,0.0,40.0
2025-07-25T08:16:33.620214,ALCH-USDT,0.13753,0.13755,235.0,1896.0
2025-07-25T08:16:33.621449,ALGO-USDT,0.2574,0.2575,16877.3,17431.4
2025-07-25T08:16:33.629661,ANIME-USDT,0.0186,0.0,29097.0,0.0
2025-07-25T08:16:33.632760,AAVE-USDT,286.94,286.95,0.02,7.03
2025-07-25T08:16:33.633761,AEVO-USDT,0.0,0.1045,0.0,24955.6
2025-07-25T08:16:33.638355,A-USDT,0.5591,0.5592,4144.0,656.0
2025-07-25T08:16:33.639223,1INCH-USDT,0.0,0.2732,0.0,2561.6
2025-07-25T08:16:33.654562,ADA-USDT,0.7976,0.7977,5888.0,25571.0
2025-07-25T08:16:33.666901,AGT-USDT,0.005594,0.0,180.0,0.0
2025-07-25T08:16:33.706706,AI16Z-USDT,0.0,0.1464,0.0,125520.0
2025-07-25T08:16:33.711824,ACH-USDT,0.0,0.0,0.0,0.0
2025-07-25T08:16:33.717937,AIXBT-USDT,0.0,0.13939,0.0,940.0
2025-07-25T08:16:33.718830,AERGO-USDT,0.13063,0.13064,184.0,610.0
2025-07-25T08:16:33.720161,ALCH-USDT,0.13754,0.13755,619.0,235.0
2025-07-25T08:16:33.729484,ANIME-USDT,0.0186,0.0,28291.0,0.0
2025-07-25T08:16:33.731813,AAVE-USDT,286.94,286.95,0.36,2.41
2025-07-25T08:16:33.737437,A-USDT,0.0,0.5592,0.0,996.0
2025-07-25T08:16:33.738289,1INCH-USDT,0.0,0.2732,0.0,2466.6
2025-07-25T08:16:33.754817,ADA-USDT,0.7976,0.7977,6492.0,18149.0
2025-07-25T08:16:33.770778,ACT-USDT,0.04402,0.0,8250.0,0.0
2025-07-25T08:16:33.818752,AIXBT-USDT,0.0,0.13939,0.0,600.0
2025-07-25T08:16:33.818835,AERGO-USDT,0.0,0.0,0.0,0.0
2025-07-25T08:16:33.831754,AAVE-USDT,286.94,286.95,2.05,1.57
2025-07-25T08:16:33.832564,AEVO-USDT,0.0,0.1045,0.0,27827.9
2025-07-25T08:16:33.837572,A-USDT,0.0,0.5592,0.0,976.0
2025-07-25T08:16:33.854427,ADA-USDT,0.7976,0.7977,3801.0,17029.0
2025-07-25T08:16:33.870767,ACT-USDT,0.04402,0.0,6762.0,0.0
2025-07-25T08:16:33.907129,AI16Z-USDT,0.1463,0.1464,40479.0,50333.0
2025-07-25T08:16:33.917908,AIXBT-USDT,0.13939,0.1394,370.0,650.0
2025-07-25T08:16:33.918610,AERGO-USDT,0.13063,0.0,682.0,0.0
2025-07-25T08:16:33.920147,ALCH-USDT,0.0,0.13756,0.0,5929.0
2025-07-25T08:16:33.931468,AAVE-USDT,0.0,0.0,0.0,0.0
2025-07-25T08:16:33.972127,ACT-USDT,0.04401,0.0,5482.0,0.0
2025-07-25T08:16:33.972520,AERO-USDT,0.0,0.0,0.0,0.0
2025-07-25T08:16:34.006860,AI16Z-USDT,0.0,0.1464,0.0,56559.0
2025-07-25T08:16:34.018029,AIXBT-USDT,0.0,0.0,0.0,0.0
2025-07-25T08:16:34.018441,AERGO-USDT,0.0,0.13064,0.0,550.0
2025-07-25T08:16:34.037816,A-USDT,0.0,0.5592,0.0,1316.0
2025-07-25T08:16:34.037924,ALT-USDT,0.0,0.03346,0.0,11182.0
2025-07-25T08:16:34.054253,ADA-USDT,0.7976,0.0,6492.0,0.0
2025-07-25T08:16:34.070677,ACT-USDT,0.04401,0.0,12244.0,0.0
2025-07-25T08:16:34.118714,AERGO-USDT,0.0,0.0,0.0,0.0
2025-07-25T08:16:34.120739,ALGO-USDT,0.0,0.2575,0.0,17526.0
2025-07-25T08:16:34.129358,ANIME-USDT,0.0186,0.01861,68291.0,79653.0
2025-07-25T08:16:34.133406,AEVO-USDT,0.1044,0.1045,1733.7,28559.0
2025-07-25T08:16:34.137898,1INCH-USDT,0.0,0.2732,0.0,2420.3
2025-07-25T08:16:34.143076,AIN-USDT,0.0,0.15309,0.0,320.0
2025-07-25T08:16:34.171414,ACT-USDT,0.04401,0.0,5482.0,0.0
2025-07-25T08:16:34.237267,1INCH-USDT,0.0,0.2732,0.0,2466.6
2025-07-25T08:16:34.237496,A-USDT,0.0,0.5592,0.0,1634.0
2025-07-25T08:16:34.271225,ACT-USDT,0.04401,0.0,5865.0,0.0
2025-07-25T08:16:34.271274,AERO-USDT,0.0,0.0,0.0,0.0
2025-07-25T08:16:34.306691,AI16Z-USDT,0.1463,0.1464,59831.0,67284.0
2025-07-25T08:16:34.318504,AIXBT-USDT,0.0,0.0,0.0,0.0
2025-07-25T08:16:34.320462,ALGO-USDT,0.2574,0.0,25907.3,0.0
2025-07-25T08:16:34.329095,ANIME-USDT,0.0,0.01861,0.0,80030.0
2025-07-25T08:16:34.337947,ALT-USDT,0.03345,0.0,14909.0,0.0
2025-07-25T08:16:34.355179,ADA-USDT,0.7976,0.0,6504.0,0.0
2025-07-25T08:16:34.407076,AI16Z-USDT,0.1463,0.1464,62479.0,57960.0
2025-07-25T08:16:34.418336,AERGO-USDT,0.0,0.0,0.0,0.0
2025-07-25T08:16:34.429444,ANIME-USDT,0.0,0.01861,0.0,79025.0
2025-07-25T08:16:34.433538,AEVO-USDT,0.1044,0.0,2642.7,0.0
2025-07-25T08:16:34.437453,1INCH-USDT,0.0,0.2732,0.0,2374.0
2025-07-25T08:16:34.438135,A-USDT,0.0,0.5592,0.0,1842.0
2025-07-25T08:16:34.443391,AIN-USDT,0.0,0.15309,0.0,670.0
2025-07-25T08:16:34.454695,ADA-USDT,0.7977,0.7978,42271.0,7.0
2025-07-25T08:16:34.472834,AERO-USDT,0.0,0.8761,0.0,124.0
2025-07-25T08:16:34.507567,AI16Z-USDT,0.1464,0.1465,63160.0,94350.0
2025-07-25T08:16:34.518477,AIXBT-USDT,0.1394,0.13942,600.0,60.0
2025-07-25T08:16:34.518929,AGLD-USDT,0.7682,0.7685,41.0,40.0
2025-07-25T08:16:34.520320,ALGO-USDT,0.2574,0.2575,27403.6,94.6
2025-07-25T08:16:34.529511,ANIME-USDT,0.0186,0.0,68668.0,0.0
2025-07-25T08:16:34.531446,AAVE-USDT,286.99,287.0,10.57,0.02
2025-07-25T08:16:34.533551,AEVO-USDT,0.0,0.1045,0.0,17080.5
2025-07-25T08:16:34.538036,1INCH-USDT,0.2731,0.0,2705.0,0.0
2025-07-25T08:16:34.538073,ALT-USDT,0.03345,0.03346,16065.0,5624.0
2025-07-25T08:16:34.538102,AI-USDT,0.0,0.1312,0.0,1639.2
2025-07-25T08:16:34.538134,A-USDT,0.5591,0.5592,4175.0,1742.0
2025-07-25T08:16:34.543376,AIN-USDT,0.0,0.15309,0.0,320.0
2025-07-25T08:16:34.554838,ADA-USDT,0.7977,0.0,43060.0,0.0
2025-07-25T08:16:34.606514,AI16Z-USDT,0.1464,0.1465,65808.0,85364.0
2025-07-25T08:16:34.618390,AIXBT-USDT,0.13947,0.13949,90.0,1140.0
2025-07-25T08:16:34.619065,AERGO-USDT,0.13069,0.13071,430.0,510.0
2025-07-25T08:16:34.620248,ALGO-USDT,0.2574,0.0,29151.4,0.0
2025-07-25T08:16:34.629557,ANIME-USDT,0.0186,0.0,167572.0,0.0
2025-07-25T08:16:34.631640,AAVE-USDT,286.99,0.0,9.07,0.0
2025-07-25T08:16:34.637563,1INCH-USDT,0.2731,0.2733,2751.3,8009.8
2025-07-25T08:16:34.637602,ALT-USDT,0.03345,0.0,16623.0,0.0
2025-07-25T08:16:34.637630,A-USDT,0.0,0.5592,0.0,1802.0
2025-07-25T08:16:34.643664,AIN-USDT,0.0,0.15309,0.0,670.0
2025-07-25T08:16:34.655069,ADA-USDT,0.7978,0.7979,54010.0,8734.0
2025-07-25T08:16:34.666927,AGT-USDT,0.005595,0.005596,12570.0,71200.0
2025-07-25T08:16:34.707294,AI16Z-USDT,0.0,0.1465,0.0,91754.0
2025-07-25T08:16:34.714364,ACE-USDT,0.5611,0.5614,89.2,123.8
2025-07-25T08:16:34.718121,AIXBT-USDT,0.13948,0.0,1300.0,0.0
2025-07-25T08:16:34.719892,ALCH-USDT,0.13754,0.13755,238.0,376.0
2025-07-25T08:16:34.729736,ANIME-USDT,0.0,0.01861,0.0,74015.0
2025-07-25T08:16:34.733060,AEVO-USDT,0.1044,0.1045,5452.3,5909.0
2025-07-25T08:16:34.737907,ALT-USDT,0.03345,0.03347,33361.0,46375.0
2025-07-25T08:16:34.754475,ADA-USDT,0.7978,0.0,51352.0,0.0
2025-07-25T08:16:34.766005,AGT-USDT,0.005595,0.005596,22350.0,74930.0
2025-07-25T08:16:34.806633,AI16Z-USDT,0.1464,0.1465,57808.0,88647.0
2025-07-25T08:16:34.815239,ACE-USDT,0.5612,0.0,89.2,0.0
2025-07-25T08:16:34.821217,ALGO-USDT,0.2574,0.0,28283.2,0.0
2025-07-25T08:16:34.829676,ANIME-USDT,0.0186,0.0,103226.0,0.0
2025-07-25T08:16:34.831345,AAVE-USDT,286.99,287.0,6.88,1.57
2025-07-25T08:16:34.837563,A-USDT,0.5591,0.5592,4144.0,1822.0
2025-07-25T08:16:34.839417,ALT-USDT,0.0,0.03347,0.0,46933.0
2025-07-25T08:16:34.855129,ADA-USDT,0.7978,0.0,24711.0,0.0
2025-07-25T08:16:34.920470,ALGO-USDT,0.2575,0.2576,12364.9,22356.6
2025-07-25T08:16:34.929334,ANIME-USDT,0.0186,0.0,92477.0,0.0
2025-07-25T08:16:34.932765,AEVO-USDT,0.1044,0.1045,2642.7,11656.0
2025-07-25T08:16:34.938172,A-USDT,0.0,0.5592,0.0,1802.0
2025-07-25T08:16:34.938327,ALT-USDT,0.03345,0.03347,33959.0,51919.0
2025-07-25T08:16:34.954838,ADA-USDT,0.0,0.7979,0.0,9013.0
2025-07-25T08:16:35.007210,AI16Z-USDT,0.0,0.1465,0.0,54511.0
2025-07-25T08:16:35.021446,ALGO-USDT,0.2575,0.2576,13532.4,22536.8
2025-07-25T08:16:35.029143,ANIME-USDT,0.0186,0.0,167572.0,0.0
2025-07-25T08:16:35.031472,AAVE-USDT,287.02,287.03,7.75,1.57
2025-07-25T08:16:35.033089,AEVO-USDT,0.0,0.1045,0.0,14005.5
2025-07-25T08:16:35.037509,AI-USDT,0.0,0.1312,0.0,2402.2
2025-07-25T08:16:35.037546,A-USDT,0.0,0.5592,0.0,1742.0
2025-07-25T08:16:35.107009,AI16Z-USDT,0.1464,0.0,57850.0,0.0
2025-07-25T08:16:35.114218,ACE-USDT,0.5613,0.0,2.9,0.0
2025-07-25T08:16:35.129910,ANIME-USDT,0.0186,0.0,187572.0,0.0
2025-07-25T08:16:35.132003,AAVE-USDT,287.02,0.0,12.1,0.0
2025-07-25T08:16:35.132637,AEVO-USDT,0.1044,0.1045,5452.3,5909.0
2025-07-25T08:16:35.138076,AI-USDT,0.131,0.0,2980.9,0.0
2025-07-25T08:16:35.138113,ALT-USDT,0.03345,0.0,35075.0,0.0
2025-07-25T08:16:35.154430,ADA-USDT,0.7978,0.0,25634.0,0.0
2025-07-25T08:16:35.171367,ACT-USDT,0.04403,0.04407,1087.0,3524.0
2025-07-25T08:16:35.207942,AI16Z-USDT,0.0,0.1465,0.0,48278.0
2025-07-25T08:16:35.212564,ACH-USDT,0.0,0.021622,0.0,1310.0
2025-07-25T08:16:35.214143,ACE-USDT,0.0,0.0,0.0,0.0
2025-07-25T08:16:35.218065,AIXBT-USDT,0.0,0.0,0.0,0.0
2025-07-25T08:16:35.218528,AERGO-USDT,0.13069,0.13072,880.0,2144.0
2025-07-25T08:16:35.219838,ALCH-USDT,0.0,0.0,0.0,0.0
2025-07-25T08:16:35.220437,ALGO-USDT,0.2575,0.2576,20924.8,13536.8
2025-07-25T08:16:35.231537,AAVE-USDT,287.03,287.04,9.03,1.61
2025-07-25T08:16:35.237968,A-USDT,0.5591,0.5592,4175.0,1705.0
2025-07-25T08:16:35.254971,ADA-USDT,0.7978,0.0,32134.0,0.0
2025-07-25T08:16:35.271564,ACT-USDT,0.04404,0.04407,711.0,1256.0
2025-07-25T08:16:35.307075,AI16Z-USDT,0.1464,0.1465,81850.0,29044.0
2025-07-25T08:16:35.311706,ACH-USDT,0.0,0.021621,0.0,1310.0
2025-07-25T08:16:35.321054,ALGO-USDT,0.2575,0.0,22924.8,0.0
2025-07-25T08:16:35.331269,AAVE-USDT,287.03,0.0,9.13,0.0
2025-07-25T08:16:35.332814,AEVO-USDT,0.1044,0.0,7846.6,0.0
2025-07-25T08:16:35.337588,A-USDT,0.0,0.5592,0.0,1083.0
2025-07-25T08:16:35.354777,ADA-USDT,0.7978,0.7979,34283.0,2790.0
2025-07-25T08:16:35.370838,ACT-USDT,0.0,0.04406,0.0,2076.0
2025-07-25T08:16:35.371391,AERO-USDT,0.876,0.8762,84.0,503.0
2025-07-25T08:16:35.406675,AI16Z-USDT,0.0,0.1465,0.0,32031.0
2025-07-25T08:16:35.418404,AIXBT-USDT,0.13949,0.1395,600.0,1210.0
2025-07-25T08:16:35.431882,AAVE-USDT,287.03,0.0,6.29,0.0
2025-07-25T08:16:35.437911,A-USDT,0.0,0.5592,0.0,1410.0
2025-07-25T08:16:35.454903,ADA-USDT,0.7978,0.0,25634.0,0.0
2025-07-25T08:16:35.466214,AGT-USDT,0.005595,0.0,20620.0,0.0
2025-07-25T08:16:35.471239,AERO-USDT,0.876,0.0,142.0,0.0
2025-07-25T08:16:35.511850,ACH-USDT,0.0,0.0,0.0,0.0
2025-07-25T08:16:35.519703,ALCH-USDT,0.0,0.0,0.0,0.0
2025-07-25T08:16:35.520244,ALGO-USDT,0.0,0.2576,0.0,8417.6
2025-07-25T08:16:35.532926,AEVO-USDT,0.0,0.1045,0.0,909.0
2025-07-25T08:16:35.544009,AIN-USDT,0.15308,0.0,950.0,0.0
2025-07-25T08:16:35.555001,ADA-USDT,0.7981,0.7982,8607.0,28277.0
2025-07-25T08:16:35.566042,AGT-USDT,0.005595,0.0,65260.0,0.0
2025-07-25T08:16:35.570856,ACT-USDT,0.04405,0.0,704.0,0.0
2025-07-25T08:16:35.572201,AERO-USDT,0.876,0.8762,1077.0,253.0
2025-07-25T08:16:35.606801,AI16Z-USDT,0.1464,0.1465,112561.0,29044.0
2025-07-25T08:16:35.612011,ACH-USDT,0.021617,0.02162,1310.0,1310.0
2025-07-25T08:16:35.618423,AIXBT-USDT,0.1395,0.13951,2150.0,1170.0
2025-07-25T08:16:35.618480,AGLD-USDT,0.7684,0.7686,40.0,21.8
2025-07-25T08:16:35.618761,AERGO-USDT,0.13071,0.13073,407.0,58.0
2025-07-25T08:16:35.620323,ALGO-USDT,0.2575,0.2576,23730.0,270.8
2025-07-25T08:16:35.629139,ANIME-USDT,0.01861,0.01862,142400.0,50361.0
2025-07-25T08:16:35.632652,AAVE-USDT,287.07,287.08,3.8,0.02
2025-07-25T08:16:35.633990,AEVO-USDT,0.1044,0.0,9823.9,0.0
2025-07-25T08:16:35.637958,1INCH-USDT,0.2732,0.2733,2466.6,1635.6
2025-07-25T08:16:35.638126,AI-USDT,0.1311,0.1312,1096.3,4221.8
2025-07-25T08:16:35.638881,A-USDT,0.0,0.5592,0.0,1546.0
2025-07-25T08:16:35.643816,AIN-USDT,0.0,0.0,0.0,0.0
2025-07-25T08:16:35.654850,ADA-USDT,0.7981,0.7982,5299.0,5357.0
2025-07-25T08:16:35.665917,AGT-USDT,0.005595,0.0,20620.0,0.0
2025-07-25T08:16:35.706879,AI16Z-USDT,0.1464,0.0,118791.0,0.0
2025-07-25T08:16:35.711833,ACH-USDT,0.021618,0.021623,1310.0,1860.0
2025-07-25T08:16:35.718395,AIXBT-USDT,0.0,0.0,0.0,0.0
2025-07-25T08:16:35.731389,AAVE-USDT,287.07,0.0,5.83,0.0
2025-07-25T08:16:35.732963,AEVO-USDT,0.1044,0.0,14823.9,0.0
2025-07-25T08:16:35.737578,ALT-USDT,0.03345,0.0,46820.0,0.0
2025-07-25T08:16:35.737635,AI-USDT,0.0,0.1312,0.0,2958.8
2025-07-25T08:16:35.743765,AIN-USDT,0.0,0.15309,0.0,320.0
2025-07-25T08:16:35.754476,ADA-USDT,0.7979,0.798,6841.0,6915.0
2025-07-25T08:16:35.771071,ACT-USDT,0.0,0.04407,0.0,873.0
2025-07-25T08:16:35.806731,AI16Z-USDT,0.1464,0.0,90769.0,0.0
2025-07-25T08:16:35.811961,ACH-USDT,0.0,0.021623,0.0,1500.0
2025-07-25T08:16:35.818058,AIXBT-USDT,0.13952,0.13953,1220.0,40.0
2025-07-25T08:16:35.820251,ALGO-USDT,0.2575,0.0,24506.5,0.0
2025-07-25T08:16:35.829855,ANIME-USDT,0.01861,0.01862,156760.0,65475.0
2025-07-25T08:16:35.832967,AEVO-USDT,0.1044,0.0,16738.6,0.0
2025-07-25T08:16:35.837573,ALT-USDT,0.03345,0.03347,84177.0,46375.0
2025-07-25T08:16:35.854906,ADA-USDT,0.7979,0.798,6478.0,7178.0
2025-07-25T08:16:35.870720,ACT-USDT,0.04407,0.04408,704.0,2253.0
2025-07-25T08:16:35.871774,AERO-USDT,0.0,0.0,0.0,0.0
2025-07-25T08:16:35.907253,AI16Z-USDT,0.1464,0.1465,118791.0,5364.0
2025-07-25T08:16:35.912514,ACH-USDT,0.021619,0.021624,1310.0,260.0
2025-07-25T08:16:35.918316,AIXBT-USDT,0.13952,0.0,3510.0,0.0
2025-07-25T08:16:35.918953,AGLD-USDT,0.7685,0.0,145.7,0.0
2025-07-25T08:16:35.920671,ALGO-USDT,0.2575,0.0,27658.3,0.0
2025-07-25T08:16:35.929212,ANIME-USDT,0.01861,0.0,157137.0,0.0
2025-07-25T08:16:35.931714,AAVE-USDT,287.13,287.14,9.73,0.02
2025-07-25T08:16:35.932994,AEVO-USDT,0.1044,0.1046,19132.9,39073.2
2025-07-25T08:16:35.938042,1INCH-USDT,0.0,0.2733,0.0,90.6
2025-07-25T08:16:35.954704,ADA-USDT,0.798,0.7981,8186.0,7018.0
2025-07-25T08:16:35.966553,AGT-USDT,0.0,0.005596,0.0,74840.0
2025-07-25T08:16:35.971460,AERO-USDT,0.8761,0.0,839.0,0.0
2025-07-25T08:16:36.006640,AI16Z-USDT,0.1465,0.1466,80041.0,35980.0
2025-07-25T08:16:36.011992,ACH-USDT,0.02162,0.0,1310.0,0.0
2025-07-25T08:16:36.018064,AIXBT-USDT,0.13954,0.13955,5190.0,40.0
2025-07-25T08:16:36.020439,ALGO-USDT,0.2576,0.2577,27904.4,20817.9
2025-07-25T08:16:36.029995,ANIME-USDT,0.01861,0.01862,168132.0,63187.0
2025-07-25T08:16:36.031464,AAVE-USDT,287.13,0.0,14.23,0.0
2025-07-25T08:16:36.032887,AEVO-USDT,0.1045,0.1046,909.0,29067.2
2025-07-25T08:16:36.037668,AI-USDT,0.1311,0.1312,1578.3,58.6
2025-07-25T08:16:36.037705,A-USDT,0.5592,0.5593,288.0,268.0
2025-07-25T08:16:36.038902,ALT-USDT,0.03346,0.0,6714.0,0.0
2025-07-25T08:16:36.054672,ADA-USDT,0.798,0.7981,34686.0,10652.0
2025-07-25T08:16:36.066076,AGT-USDT,0.0,0.0,0.0,0.0
2025-07-25T08:16:36.106469,AI16Z-USDT,0.0,0.1466,0.0,33243.0
2025-07-25T08:16:36.114762,ACH-USDT,0.021621,0.0,1310.0,0.0
2025-07-25T08:16:36.118470,AIXBT-USDT,0.13955,0.13956,2150.0,40.0
2025-07-25T08:16:36.120230,ALGO-USDT,0.2576,0.2577,25802.0,5709.8
2025-07-25T08:16:36.129228,ANIME-USDT,0.01861,0.0,210737.0,0.0
2025-07-25T08:16:36.132871,AEVO-USDT,0.1044,0.1046,28625.5,36915.3
2025-07-25T08:16:36.137701,AI-USDT,0.1311,0.0,2556.3,0.0
2025-07-25T08:16:36.137751,A-USDT,0.0,0.5594,0.0,2128.0
2025-07-25T08:16:36.155594,ADA-USDT,0.798,0.7981,13738.0,17560.0
2025-07-25T08:16:36.166444,AGT-USDT,0.005595,0.0,17870.0,0.0
2025-07-25T08:16:36.207372,AI16Z-USDT,0.0,0.1466,0.0,48445.0
2025-07-25T08:16:36.218866,AIXBT-USDT,0.0,0.0,0.0,0.0
2025-07-25T08:16:36.218904,AERGO-USDT,0.13071,0.0,527.0,0.0
2025-07-25T08:16:36.220314,ALGO-USDT,0.2576,0.0,26041.9,0.0
2025-07-25T08:16:36.231376,ANIME-USDT,0.01861,0.01862,221481.0,41864.0
2025-07-25T08:16:36.231877,AAVE-USDT,287.15,287.16,10.62,0.02
2025-07-25T08:16:36.237304,ALT-USDT,0.03346,0.0,6116.0,0.0
2025-07-25T08:16:36.237923,A-USDT,0.0,0.5594,0.0,1436.0
2025-07-25T08:16:36.239107,AEVO-USDT,0.1045,0.1046,909.0,29019.3
2025-07-25T08:16:36.255322,ADA-USDT,0.798,0.7981,22636.0,11082.0
2025-07-25T08:16:36.306505,AI16Z-USDT,0.1465,0.0,88041.0,0.0
2025-07-25T08:16:36.311818,ACH-USDT,0.021622,0.0,1310.0,0.0
2025-07-25T08:16:36.331331,AAVE-USDT,0.0,0.0,0.0,0.0
2025-07-25T08:16:36.337529,A-USDT,0.0,0.5594,0.0,1469.0
2025-07-25T08:16:36.354563,ADA-USDT,0.798,0.7981,24785.0,10632.0
2025-07-25T08:16:36.371110,ACT-USDT,0.0,0.04408,0.0,1380.0
2025-07-25T08:16:36.417984,AIXBT-USDT,0.13955,0.0,3780.0,0.0
2025-07-25T08:16:36.419637,ALCH-USDT,0.0,0.0,0.0,0.0
2025-07-25T08:16:36.428920,ANIME-USDT,0.0,0.01862,0.0,26750.0
2025-07-25T08:16:36.431697,AAVE-USDT,287.15,0.0,10.22,0.0
2025-07-25T08:16:36.437804,A-USDT,0.5592,0.5594,208.0,1480.0
2025-07-25T08:16:36.437960,ALT-USDT,0.03346,0.0,10074.0,0.0
2025-07-25T08:16:36.443471,AIN-USDT,0.1531,0.15313,520.0,410.0
2025-07-25T08:16:36.454342,ADA-USDT,0.798,0.7981,22636.0,10202.0
2025-07-25T08:16:36.514626,ACE-USDT,0.5614,0.5616,89.2,72.8
2025-07-25T08:16:36.518121,AIXBT-USDT,0.13958,0.13959,3140.0,240.0
2025-07-25T08:16:36.520589,ALGO-USDT,0.0,0.2577,0.0,561.4
2025-07-25T08:16:36.529940,ANIME-USDT,0.01862,0.01863,62288.0,87461.0
2025-07-25T08:16:36.531844,AAVE-USDT,287.15,0.0,10.61,0.0
2025-07-25T08:16:36.537365,1INCH-USDT,0.0,0.2733,0.0,35.6
2025-07-25T08:16:36.537404,ALT-USDT,0.03346,0.0,10672.0,0.0
2025-07-25T08:16:36.537431,AI-USDT,0.1311,0.0,3575.3,0.0
2025-07-25T08:16:36.537664,A-USDT,0.5592,0.5594,288.0,1236.0
2025-07-25T08:16:36.612059,ACH-USDT,0.021623,0.0,1310.0,0.0
2025-07-25T08:16:36.614044,ACE-USDT,0.5616,0.5618,89.2,72.9
2025-07-25T08:16:36.618109,AIXBT-USDT,0.13958,0.0,7790.0,0.0
2025-07-25T08:16:36.629262,ANIME-USDT,0.01862,0.01863,79359.0,101534.0
2025-07-25T08:16:36.644115,AIN-USDT,0.15311,0.15312,350.0,370.0
2025-07-25T08:16:36.707344,AI16Z-USDT,0.0,0.0,0.0,0.0
2025-07-25T08:16:36.718438,AIXBT-USDT,0.13961,0.13962,4050.0,590.0
2025-07-25T08:16:36.733319,AEVO-USDT,0.1045,0.1046,5909.0,29750.4
2025-07-25T08:16:36.737509,A-USDT,0.5593,0.0,110.0,0.0
2025-07-25T08:16:36.737758,ALT-USDT,0.03346,0.0,20606.0,0.0
2025-07-25T08:16:36.754454,ADA-USDT,0.798,0.0,26960.0,0.0
2025-07-25T08:16:36.806566,AI16Z-USDT,0.0,0.1466,0.0,31447.0
2025-07-25T08:16:36.818300,AIXBT-USDT,0.13961,0.0,3830.0,0.0
2025-07-25T08:16:36.818594,AGLD-USDT,0.0,0.7689,0.0,101.4
2025-07-25T08:16:36.831458,AAVE-USDT,287.17,287.18,18.08,0.06
2025-07-25T08:16:36.837957,A-USDT,0.5593,0.5594,221.0,41.0
2025-07-25T08:16:36.854846,ADA-USDT,0.7982,0.7983,14255.0,12150.0
2025-07-25T08:16:36.867310,AGT-USDT,0.005595,0.0,21190.0,0.0
2025-07-25T08:16:36.870949,ACT-USDT,0.04408,0.04409,704.0,2113.0
2025-07-25T08:16:36.871957,AERO-USDT,0.8763,0.8764,152.0,177.0
2025-07-25T08:16:36.918273,AIXBT-USDT,0.0,0.13962,0.0,50.0
2025-07-25T08:16:36.918424,AGLD-USDT,0.7688,0.7691,34.7,729.5
2025-07-25T08:16:36.920150,ALGO-USDT,0.2576,0.0,28605.0,0.0
2025-07-25T08:16:36.932023,AAVE-USDT,287.19,287.2,12.88,0.06
2025-07-25T08:16:36.932662,AEVO-USDT,0.0,0.1046,0.0,27358.6
2025-07-25T08:16:36.955295,ADA-USDT,0.7982,0.7983,3446.0,16648.0
2025-07-25T08:16:36.971141,AERO-USDT,0.8763,0.0,825.0,0.0
2025-07-25T08:16:37.017955,AIXBT-USDT,0.0,0.0,0.0,0.0
2025-07-25T08:16:37.018460,AGLD-USDT,0.0,0.7691,0.0,94.1
2025-07-25T08:16:37.019681,AERGO-USDT,0.13072,0.13075,450.0,10.0
2025-07-25T08:16:37.020641,ALGO-USDT,0.2576,0.0,33473.3,0.0
2025-07-25T08:16:37.029297,ANIME-USDT,0.01862,0.01863,79735.0,102009.0
2025-07-25T08:16:37.031451,AAVE-USDT,287.19,0.0,14.17,0.0
2025-07-25T08:16:37.032652,AEVO-USDT,0.1045,0.1046,6043.0,19943.9
2025-07-25T08:16:37.056063,ADA-USDT,0.7982,0.7983,6787.0,10752.0
2025-07-25T08:16:37.072637,AERO-USDT,0.8763,0.0,857.0,0.0
2025-07-25T08:16:37.106628,AI16Z-USDT,0.1465,0.0,93159.0,0.0
2025-07-25T08:16:37.117892,AIXBT-USDT,0.13961,0.0,5730.0,0.0
2025-07-25T08:16:37.118355,AERGO-USDT,0.13073,0.0,519.0,0.0
2025-07-25T08:16:37.118618,AGLD-USDT,0.7688,0.0,74.7,0.0
2025-07-25T08:16:37.121500,ALGO-USDT,0.2576,0.0,34355.5,0.0
2025-07-25T08:16:37.130337,ANIME-USDT,0.01862,0.0,79359.0,0.0
2025-07-25T08:16:37.133108,AEVO-USDT,0.0,0.1046,0.0,17966.6
2025-07-25T08:16:37.137582,AI-USDT,0.1311,0.0,4338.3,0.0
2025-07-25T08:16:37.137871,ALT-USDT,0.03346,0.0,23594.0,0.0
2025-07-25T08:16:37.154877,ADA-USDT,0.7982,0.7983,6446.0,10588.0
2025-07-25T08:16:37.171233,AERO-USDT,0.8763,0.0,889.0,0.0
2025-07-25T08:16:37.221728,AIXBT-USDT,0.13961,0.0,4300.0,0.0
2025-07-25T08:16:37.232451,AAVE-USDT,0.0,0.0,0.0,0.0
2025-07-25T08:16:37.233133,AEVO-USDT,0.0,0.1046,0.0,18697.7
2025-07-25T08:16:37.237905,A-USDT,0.5593,0.0,465.0,0.0
2025-07-25T08:16:37.254594,ADA-USDT,0.7982,0.7983,17873.0,9264.0
2025-07-25T08:16:37.270954,ACT-USDT,0.04409,0.04412,711.0,6199.0
2025-07-25T08:16:37.271587,AERO-USDT,0.8763,0.0,942.0,0.0
2025-07-25T08:16:37.311905,ACH-USDT,0.021623,0.0,1830.0,0.0
2025-07-25T08:16:37.319234,AIXBT-USDT,0.0,0.0,0.0,0.0
2025-07-25T08:16:37.320706,ALGO-USDT,0.2576,0.0,33550.1,0.0
2025-07-25T08:16:37.331711,AAVE-USDT,287.19,0.0,19.46,0.0
2025-07-25T08:16:37.332534,AEVO-USDT,0.0,0.1046,0.0,11524.3
2025-07-25T08:16:37.337306,1INCH-USDT,0.2732,0.0,2637.0,0.0
2025-07-25T08:16:37.337477,ALT-USDT,0.03346,0.0,26582.0,0.0
2025-07-25T08:16:37.337675,A-USDT,0.0,0.0,0.0,0.0
2025-07-25T08:16:37.354802,ADA-USDT,0.7982,0.7983,23502.0,2462.0
2025-07-25T08:16:37.406716,AI16Z-USDT,0.0,0.1466,0.0,33964.0
2025-07-25T08:16:37.415058,ACE-USDT,0.5613,0.5616,116.4,91.0
2025-07-25T08:16:37.418424,AERGO-USDT,0.0,0.0,0.0,0.0
2025-07-25T08:16:37.419866,ALCH-USDT,0.13755,0.13756,1927.0,4159.0
2025-07-25T08:16:37.420164,ALGO-USDT,0.2577,0.2578,32541.9,9069.6
2025-07-25T08:16:37.432489,AAVE-USDT,287.21,287.22,18.35,0.02
2025-07-25T08:16:37.432904,AEVO-USDT,0.1045,0.1046,11110.4,2504.9
2025-07-25T08:16:37.437383,ALT-USDT,0.03346,0.0,56462.0,0.0
2025-07-25T08:16:37.454811,ADA-USDT,0.0,0.7983,0.0,2536.0
2025-07-25T08:16:37.466181,AGT-USDT,0.005595,0.0,17870.0,0.0
2025-07-25T08:16:37.472368,ACT-USDT,0.0441,0.04411,704.0,2173.0
2025-07-25T08:16:37.517881,AIXBT-USDT,0.13961,0.0,2850.0,0.0
2025-07-25T08:16:37.519888,ALCH-USDT,0.13755,0.0,1200.0,0.0
2025-07-25T08:16:37.520168,ALGO-USDT,0.2577,0.0,33243.0,0.0
2025-07-25T08:16:37.531707,AAVE-USDT,287.21,0.0,16.95,0.0
2025-07-25T08:16:37.537403,A-USDT,0.0,0.5594,0.0,27.0
2025-07-25T08:16:37.556620,ADA-USDT,0.7982,0.7983,11373.0,14224.0
2025-07-25T08:16:37.612059,ACH-USDT,0.0,0.0,0.0,0.0
2025-07-25T08:16:37.614141,ACE-USDT,0.0,0.0,0.0,0.0
2025-07-25T08:16:37.620614,ALCH-USDT,0.13755,0.0,1080.0,0.0
2025-07-25T08:16:37.620653,ALGO-USDT,0.0,0.2578,0.0,13069.6
2025-07-25T08:16:37.629262,ANIME-USDT,0.01862,0.0,19359.0,0.0
2025-07-25T08:16:37.632083,AAVE-USDT,287.21,0.0,18.54,0.0
2025-07-25T08:16:37.655733,ADA-USDT,0.0,0.7983,0.0,10530.0
2025-07-25T08:16:37.707426,AI16Z-USDT,0.1465,0.0,94560.0,0.0
2025-07-25T08:16:37.718512,AIXBT-USDT,0.13961,0.13962,700.0,420.0
2025-07-25T08:16:37.719186,AERGO-USDT,0.0,0.0,0.0,0.0
2025-07-25T08:16:37.737526,ALT-USDT,0.03346,0.0,57956.0,0.0
2025-07-25T08:16:37.754368,ADA-USDT,0.7982,0.7983,36812.0,2202.0
2025-07-25T08:16:37.765976,AGT-USDT,0.005595,0.0,21190.0,0.0
2025-07-25T08:16:37.812089,ACH-USDT,0.021629,0.02163,1310.0,280.0
2025-07-25T08:16:37.820505,ALGO-USDT,0.2577,0.2578,33320.6,9069.6
2025-07-25T08:16:37.828992,ANIME-USDT,0.0,0.01863,0.0,107381.0
2025-07-25T08:16:37.831505,AAVE-USDT,287.23,287.24,12.46,0.02
2025-07-25T08:16:37.838326,ALT-USDT,0.03346,0.0,59450.0,0.0
2025-07-25T08:16:37.843588,AIN-USDT,0.15311,0.15316,560.0,150.0
2025-07-25T08:16:37.854248,ADA-USDT,0.7982,0.0,32488.0,0.0
2025-07-25T08:16:37.907357,AI16Z-USDT,0.0,0.0,0.0,0.0
2025-07-25T08:16:37.913134,ACH-USDT,0.0,0.0,0.0,0.0
2025-07-25T08:16:37.918075,AIXBT-USDT,0.0,0.13962,0.0,50.0
2025-07-25T08:16:37.919074,AGLD-USDT,0.0,0.7691,0.0,40.0
2025-07-25T08:16:37.932050,AAVE-USDT,287.23,0.0,12.53,0.0
2025-07-25T08:16:37.943161,AIN-USDT,0.15317,0.1532,550.0,40.0
2025-07-25T08:16:37.954549,ADA-USDT,0.7982,0.0,34938.0,0.0
2025-07-25T08:16:37.966245,AGT-USDT,0.005595,0.0,17870.0,0.0
2025-07-25T08:16:38.020260,ALGO-USDT,0.0,0.0,0.0,0.0
2025-07-25T08:16:38.031686,AAVE-USDT,287.23,287.24,2.62,0.34
2025-07-25T08:16:38.034017,AEVO-USDT,0.0,0.0,0.0,0.0
2025-07-25T08:16:38.037364,ALT-USDT,0.03346,0.0,38534.0,0.0
2025-07-25T08:16:38.055718,ADA-USDT,0.7982,0.7983,11674.0,4113.0
2025-07-25T08:16:38.068548,AIN-USDT,0.15318,0.1532,410.0,390.0
2025-07-25T08:16:38.120624,ALGO-USDT,0.2577,0.0,33243.0,0.0
2025-07-25T08:16:38.129487,ANIME-USDT,0.0,0.01863,0.0,147757.0
2025-07-25T08:16:38.132017,AAVE-USDT,287.23,0.0,2.19,0.0
2025-07-25T08:16:38.138410,ALT-USDT,0.0,0.0,0.0,0.0
2025-07-25T08:16:38.143570,AIN-USDT,0.0,0.15319,0.0,360.0
2025-07-25T08:16:38.171047,AERO-USDT,0.8763,0.0,1034.0,0.0
2025-07-25T08:16:38.206715,AI16Z-USDT,0.1465,0.0,89442.0,0.0
2025-07-25T08:16:38.213944,ACE-USDT,0.0,0.0,0.0,0.0
2025-07-25T08:16:38.217981,AIXBT-USDT,0.0,0.0,0.0,0.0
2025-07-25T08:16:38.220132,ALCH-USDT,0.0,0.0,0.0,0.0
2025-07-25T08:16:38.229736,ANIME-USDT,0.0,0.0,0.0,0.0
2025-07-25T08:16:38.238596,AI-USDT,0.1311,0.0,3575.3,0.0
2025-07-25T08:16:38.243476,AIN-USDT,0.15319,0.1532,660.0,40.0
2025-07-25T08:16:38.254550,ADA-USDT,0.7982,0.7983,308735.0,3243.0
2025-07-25T08:16:38.265969,AGT-USDT,0.005594,0.005595,52900.0,8340.0
2025-07-25T08:16:38.271080,AERO-USDT,0.8763,0.0,942.0,0.0
2025-07-25T08:16:38.320233,ALGO-USDT,0.0,0.0,0.0,0.0
2025-07-25T08:16:38.330940,ANIME-USDT,0.0,0.01863,0.0,108385.0
2025-07-25T08:16:38.331553,AAVE-USDT,287.23,287.24,3.2,0.02
2025-07-25T08:16:38.338159,AI-USDT,0.1311,0.0,4338.3,0.0
2025-07-25T08:16:38.339294,ALT-USDT,0.03346,0.0,58852.0,0.0
2025-07-25T08:16:38.343170,AIN-USDT,0.15319,0.0,1020.0,0.0
2025-07-25T08:16:38.355290,ADA-USDT,0.7983,0.7984,54432.0,9666.0
2025-07-25T08:16:38.371649,ACT-USDT,0.0,0.04412,0.0,2268.0
2025-07-25T08:16:38.406619,AI16Z-USDT,0.0,0.1466,0.0,31478.0
2025-07-25T08:16:38.418961,AERGO-USDT,0.13073,0.0,579.0,0.0
2025-07-25T08:16:38.419295,AGLD-USDT,0.769,0.7693,34.7,419.4
2025-07-25T08:16:38.420266,ALGO-USDT,0.2577,0.2578,33549.6,86.7
2025-07-25T08:16:38.429135,ANIME-USDT,0.01861,0.01862,231065.0,116942.0
2025-07-25T08:16:38.431819,AAVE-USDT,287.23,0.0,11.0,0.0
2025-07-25T08:16:38.437607,ALT-USDT,0.03346,0.0,59450.0,0.0
2025-07-25T08:16:38.437760,AI-USDT,0.1311,0.0,6245.2,0.0
2025-07-25T08:16:38.455192,ADA-USDT,0.7983,0.0,43014.0,0.0
2025-07-25T08:16:38.519094,AIXBT-USDT,0.13963,0.13964,4970.0,140.0
2025-07-25T08:16:38.519142,AERGO-USDT,0.13073,0.0,519.0,0.0
2025-07-25T08:16:38.520159,ALCH-USDT,0.0,0.0,0.0,0.0
2025-07-25T08:16:38.529097,ANIME-USDT,0.01861,0.01862,255867.0,42801.0
2025-07-25T08:16:38.531342,AAVE-USDT,287.27,287.28,0.71,0.02
2025-07-25T08:16:38.538671,1INCH-USDT,0.2733,0.2734,2948.6,75.2
2025-07-25T08:16:38.567096,AGT-USDT,0.005594,0.005596,56220.0,74840.0
2025-07-25T08:16:38.570927,ACT-USDT,0.04411,0.04413,711.0,1971.0
2025-07-25T08:16:38.618550,AERGO-USDT,0.13074,0.0,10.0,0.0
2025-07-25T08:16:38.618594,AIXBT-USDT,0.0,0.0,0.0,0.0
2025-07-25T08:16:38.618625,AGLD-USDT,0.0,0.0,0.0,0.0
2025-07-25T08:16:38.629344,ANIME-USDT,0.01862,0.01863,95687.0,129394.0
2025-07-25T08:16:38.631399,AAVE-USDT,287.27,287.28,1.26,0.36
2025-07-25T08:16:38.637985,1INCH-USDT,0.0,0.2734,0.0,20.2
2025-07-25T08:16:38.654866,ADA-USDT,0.7983,0.7984,42982.0,9961.0
2025-07-25T08:16:38.706985,AI16Z-USDT,0.1465,0.0,89455.0,0.0
2025-07-25T08:16:38.732064,AAVE-USDT,287.27,287.28,0.71,1.91
2025-07-25T08:16:38.737746,A-USDT,0.5593,0.0,494.0,0.0
2025-07-25T08:16:38.743348,AIN-USDT,0.15319,0.1532,830.0,410.0
2025-07-25T08:16:38.754422,ADA-USDT,0.0,0.0,0.0,0.0
2025-07-25T08:16:38.766199,AGT-USDT,0.005594,0.0,100860.0,0.0
2025-07-25T08:16:38.770580,ACT-USDT,0.0,0.04413,0.0,2354.0
2025-07-25T08:16:38.806950,AI16Z-USDT,0.0,0.0,0.0,0.0
2025-07-25T08:16:38.811902,ACH-USDT,0.0,0.0,0.0,0.0
2025-07-25T08:16:38.818354,AIXBT-USDT,0.13963,0.0,3540.0,0.0
2025-07-25T08:16:38.832553,AEVO-USDT,0.1045,0.1046,909.0,13409.9
2025-07-25T08:16:38.854346,ADA-USDT,0.0,0.0,0.0,0.0
2025-07-25T08:16:38.871001,AERO-USDT,0.8763,0.0,1199.0,0.0
2025-07-25T08:16:38.906697,AI16Z-USDT,0.1465,0.0,94573.0,0.0
2025-07-25T08:16:38.918227,AIXBT-USDT,0.13963,0.0,4970.0,0.0
2025-07-25T08:16:38.918671,AGLD-USDT,0.0,0.0,0.0,0.0
2025-07-25T08:16:38.931514,AAVE-USDT,0.0,287.28,0.0,2.23
2025-07-25T08:16:38.932727,AEVO-USDT,0.0,0.1046,0.0,18324.1
2025-07-25T08:16:38.938094,ALT-USDT,0.03346,0.0,62433.0,0.0
2025-07-25T08:16:38.943636,AIN-USDT,0.15319,0.0,620.0,0.0
2025-07-25T08:16:38.971199,AERO-USDT,0.8763,0.0,1555.0,0.0
2025-07-25T08:16:39.031514,AAVE-USDT,287.27,0.0,0.81,0.0
2025-07-25T08:16:39.037318,AI-USDT,0.1311,0.0,4338.3,0.0
2025-07-25T08:16:39.066006,AGT-USDT,0.0,0.0,0.0,0.0
2025-07-25T08:16:39.072327,AERO-USDT,0.8763,0.0,1669.0,0.0
2025-07-25T08:16:39.107128,AI16Z-USDT,0.1465,0.1466,89455.0,33964.0
2025-07-25T08:16:39.131447,AAVE-USDT,287.27,0.0,2.4,0.0
2025-07-25T08:16:39.171101,ACT-USDT,0.0,0.04413,0.0,1971.0
2025-07-25T08:16:39.231756,AAVE-USDT,0.0,287.28,0.0,3.73
2025-07-25T08:16:39.232694,AEVO-USDT,0.0,0.0,0.0,0.0
2025-07-25T08:16:39.237688,ALT-USDT,0.03346,0.0,63174.0,0.0
2025-07-25T08:16:39.243151,AIN-USDT,0.15317,0.0,400.0,0.0
2025-07-25T08:16:39.254517,ADA-USDT,0.7983,0.7984,9716.0,20189.0
2025-07-25T08:16:39.266247,AGT-USDT,0.005594,0.0,97540.0,0.0
2025-07-25T08:16:39.271074,ACT-USDT,0.0,0.04413,0.0,2377.0
2025-07-25T08:16:39.271351,AERO-USDT,0.8763,0.0,1783.0,0.0
2025-07-25T08:16:39.307028,AI16Z-USDT,0.1465,0.1466,68190.0,47975.0
2025-07-25T08:16:39.318013,AIXBT-USDT,0.13963,0.0,3140.0,0.0
2025-07-25T08:16:39.318370,AGLD-USDT,0.0,0.7691,0.0,40.0
2025-07-25T08:16:39.321261,ALGO-USDT,0.2577,0.2578,25609.5,12532.8
2025-07-25T08:16:39.329466,ANIME-USDT,0.01862,0.01863,31111.0,130398.0
2025-07-25T08:16:39.332156,AAVE-USDT,287.2,287.21,0.04,1.89
2025-07-25T08:16:39.337726,A-USDT,0.5593,0.0,434.0,0.0
2025-07-25T08:16:39.337772,1INCH-USDT,0.2733,0.2734,2856.0,1384.8
2025-07-25T08:16:39.338438,ALT-USDT,0.03346,0.0,40361.0,0.0
2025-07-25T08:16:39.343221,AIN-USDT,0.15314,0.15315,560.0,320.0
2025-07-25T08:16:39.354799,ADA-USDT,0.7983,0.7984,25295.0,10559.0
2025-07-25T08:16:39.366093,AGT-USDT,0.005594,0.0,100860.0,0.0
2025-07-25T08:16:39.371384,ACT-USDT,0.0,0.04413,0.0,2760.0
2025-07-25T08:16:39.371436,AERO-USDT,0.8763,0.0,1460.0,0.0
2025-07-25T08:16:39.406821,AI16Z-USDT,0.1465,0.0,69514.0,0.0
2025-07-25T08:16:39.414266,ACE-USDT,0.5613,0.0,2.9,0.0
2025-07-25T08:16:39.418505,AGLD-USDT,0.7688,0.0,40.0,0.0
2025-07-25T08:16:39.420309,ALGO-USDT,0.2577,0.2578,25917.1,7413.6
2025-07-25T08:16:39.431604,AAVE-USDT,287.2,0.0,0.02,0.0
2025-07-25T08:16:39.432353,AEVO-USDT,0.1045,0.1046,28.0,19185.6
2025-07-25T08:16:39.437197,ALT-USDT,0.03346,0.0,36815.0,0.0
2025-07-25T08:16:39.437598,A-USDT,0.5593,0.0,494.0,0.0
2025-07-25T08:16:39.443342,AIN-USDT,0.15314,0.15315,930.0,710.0
2025-07-25T08:16:39.454338,ADA-USDT,0.7984,0.7985,31615.0,7074.0
2025-07-25T08:16:39.471132,AERO-USDT,0.8763,0.0,1300.0,0.0
2025-07-25T08:16:39.518531,AIXBT-USDT,0.13963,0.0,1540.0,0.0
2025-07-25T08:16:39.520473,ALGO-USDT,0.2577,0.0,26223.7,0.0
2025-07-25T08:16:39.530168,ANIME-USDT,0.0,0.01863,0.0,135712.0
2025-07-25T08:16:39.531501,AAVE-USDT,287.21,287.23,0.39,1.87
2025-07-25T08:16:39.533295,AEVO-USDT,0.1045,0.1046,953.8,19252.6
2025-07-25T08:16:39.537223,1INCH-USDT,0.2733,0.0,2948.6,0.0
2025-07-25T08:16:39.537565,ALT-USDT,0.03346,0.0,35131.0,0.0
2025-07-25T08:16:39.555047,ADA-USDT,0.7985,0.7986,11610.0,13456.0
2025-07-25T08:16:39.571824,AERO-USDT,0.8763,0.0,1334.0,0.0
2025-07-25T08:16:39.631456,AAVE-USDT,287.22,287.24,1.31,1.55
2025-07-25T08:16:39.654471,ADA-USDT,0.7985,0.7986,1031.0,22997.0
2025-07-25T08:16:39.671081,AERO-USDT,0.8763,0.0,1368.0,0.0
2025-07-25T08:16:39.707364,AI16Z-USDT,0.0,0.0,0.0,0.0
2025-07-25T08:16:39.714140,ACE-USDT,0.5613,0.0,160.5,0.0
2025-07-25T08:16:39.718296,AIXBT-USDT,0.0,0.13964,0.0,40.0
2025-07-25T08:16:39.718540,AGLD-USDT,0.7689,0.0,34.7,0.0
2025-07-25T08:16:39.732341,ANIME-USDT,0.0,0.01863,0.0,135832.0
2025-07-25T08:16:39.732385,AAVE-USDT,287.22,287.23,0.71,1.89
2025-07-25T08:16:39.737945,ALT-USDT,0.03346,0.0,59581.0,0.0
2025-07-25T08:16:39.755042,ADA-USDT,0.7984,0.7985,12443.0,1911.0
2025-07-25T08:16:39.771331,ACT-USDT,0.04409,0.04412,4437.0,1392.0
2025-07-25T08:16:39.806557,AI16Z-USDT,0.1465,0.0,63891.0,0.0
2025-07-25T08:16:39.818334,AIXBT-USDT,0.0,0.0,0.0,0.0
2025-07-25T08:16:39.820051,ALCH-USDT,0.13755,0.0,945.0,0.0
2025-07-25T08:16:39.831260,AAVE-USDT,287.22,287.23,1.85,1.55
2025-07-25T08:16:39.832519,AEVO-USDT,0.0,0.1046,0.0,20178.1
2025-07-25T08:16:39.837443,ALT-USDT,0.03346,0.0,60179.0,0.0
2025-07-25T08:16:39.854261,ADA-USDT,0.7984,0.7985,2948.0,7482.0
2025-07-25T08:16:39.866001,AGT-USDT,0.005594,0.0,97540.0,0.0
2025-07-25T08:16:39.871393,AERO-USDT,0.8763,0.0,1334.0,0.0
2025-07-25T08:16:39.906820,AI16Z-USDT,0.1465,0.1466,55473.0,50700.0
2025-07-25T08:16:39.918826,AGLD-USDT,0.7688,0.0,40.0,0.0
2025-07-25T08:16:39.920333,ALGO-USDT,0.2577,0.0,25917.1,0.0
2025-07-25T08:16:39.931478,AAVE-USDT,287.22,0.0,0.71,0.0
2025-07-25T08:16:39.932556,AEVO-USDT,0.1045,0.1046,28.0,20909.2
2025-07-25T08:16:39.937326,ALT-USDT,0.03346,0.0,38107.0,0.0
2025-07-25T08:16:39.943501,AIN-USDT,0.15312,0.0,120.0,0.0
2025-07-25T08:16:39.954921,ADA-USDT,0.7984,0.0,3289.0,0.0
2025-07-25T08:16:39.966161,AGT-USDT,0.005594,0.0,100860.0,0.0
2025-07-25T08:16:40.006940,AI16Z-USDT,0.1465,0.0,48797.0,0.0
2025-07-25T08:16:40.011922,ACH-USDT,0.021623,0.021629,520.0,1310.0
2025-07-25T08:16:40.017919,AIXBT-USDT,0.13963,0.0,1000.0,0.0
2025-07-25T08:16:40.024274,ALGO-USDT,0.2577,0.2578,16610.5,12532.8
2025-07-25T08:16:40.029547,ANIME-USDT,0.0,0.01863,0.0,195832.0
2025-07-25T08:16:40.031462,AAVE-USDT,0.0,287.23,0.0,1.67
2025-07-25T08:16:40.037495,A-USDT,0.5593,0.0,7711.0,0.0
2025-07-25T08:16:40.037943,ALT-USDT,0.03346,0.03347,31573.0,52111.0
2025-07-25T08:16:40.037979,1INCH-USDT,0.2733,0.0,2856.0,0.0
2025-07-25T08:16:40.043194,AIN-USDT,0.0,0.15313,0.0,320.0
2025-07-25T08:16:40.055491,ADA-USDT,0.7984,0.7985,257.0,12153.0
2025-07-25T08:16:40.066416,AGT-USDT,0.005595,0.0,2750.0,0.0
2025-07-25T08:16:40.070646,ACT-USDT,0.0,0.04411,0.0,626.0
2025-07-25T08:16:40.071226,AERO-USDT,0.8763,0.0,348.0,0.0
2025-07-25T08:16:40.106952,AI16Z-USDT,0.1465,0.1466,37251.0,52024.0
2025-07-25T08:16:40.112382,ACH-USDT,0.0,0.021628,0.0,1310.0
2025-07-25T08:16:40.118211,AIXBT-USDT,0.13963,0.0,230.0,0.0
2025-07-25T08:16:40.119451,AERGO-USDT,0.13074,0.0,25.0,0.0
2025-07-25T08:16:40.121223,ALGO-USDT,0.0,0.2578,0.0,13482.3
2025-07-25T08:16:40.132743,AAVE-USDT,287.21,287.22,0.34,1.89
2025-07-25T08:16:40.137649,ALT-USDT,0.03346,0.0,28585.0,0.0
2025-07-25T08:16:40.143223,AIN-USDT,0.15309,0.1531,420.0,320.0
2025-07-25T08:16:40.154887,ADA-USDT,0.7984,0.7985,282.0,8851.0
2025-07-25T08:16:40.166532,AGT-USDT,0.0,0.0,0.0,0.0
2025-07-25T08:16:40.170977,ACT-USDT,0.0,0.04411,0.0,1009.0
2025-07-25T08:16:40.207991,AI16Z-USDT,0.1465,0.1466,53251.0,66024.0
2025-07-25T08:16:40.220971,ALGO-USDT,0.2577,0.2578,16917.1,12676.9
2025-07-25T08:16:40.231827,AAVE-USDT,287.2,0.0,0.84,0.0
2025-07-25T08:16:40.238053,AI-USDT,0.0,0.0,0.0,0.0
2025-07-25T08:16:40.248699,AIN-USDT,0.0,0.1531,0.0,720.0
2025-07-25T08:16:40.256039,ADA-USDT,0.7984,0.7985,3822.0,11159.0
2025-07-25T08:16:40.266073,AGT-USDT,0.005595,0.0,50710.0,0.0
2025-07-25T08:16:40.271207,AERO-USDT,0.8763,0.0,382.0,0.0
2025-07-25T08:16:40.306963,AI16Z-USDT,0.1465,0.1466,55899.0,33964.0
2025-07-25T08:16:40.311764,ACH-USDT,0.021624,0.0,1310.0,0.0
2025-07-25T08:16:40.320428,ALGO-USDT,0.2577,0.2578,24223.7,7413.6
2025-07-25T08:16:40.329267,ANIME-USDT,0.0,0.01863,0.0,134828.0
2025-07-25T08:16:40.331513,AAVE-USDT,287.23,287.24,1.26,1.55
2025-07-25T08:16:40.338968,1INCH-USDT,0.2733,0.0,2948.6,0.0
2025-07-25T08:16:40.339004,ALT-USDT,0.03346,0.03347,22996.0,46375.0
2025-07-25T08:16:40.354586,ADA-USDT,0.7984,0.7985,11887.0,2754.0
2025-07-25T08:16:40.372305,ACT-USDT,0.0,0.04411,0.0,626.0
2025-07-25T08:16:40.372343,AERO-USDT,0.8763,0.0,268.0,0.0
2025-07-25T08:16:40.419020,AGLD-USDT,0.0,0.0,0.0,0.0
2025-07-25T08:16:40.421073,ALGO-USDT,0.0,0.2578,0.0,13482.3
2025-07-25T08:16:40.431184,AAVE-USDT,287.23,0.0,0.71,0.0
2025-07-25T08:16:40.435312,ANIME-USDT,0.0,0.01863,0.0,145942.0
2025-07-25T08:16:40.438358,ALT-USDT,0.03346,0.0,19450.0,0.0
2025-07-25T08:16:40.454462,ADA-USDT,0.7984,0.7985,7658.0,6565.0
2025-07-25T08:16:40.472184,AGT-USDT,0.005595,0.0,47390.0,0.0
2025-07-25T08:16:40.508032,AI16Z-USDT,0.0,0.1466,0.0,34450.0
2025-07-25T08:16:40.520701,ALGO-USDT,0.2577,0.0,23917.1,0.0
2025-07-25T08:16:40.538032,1INCH-USDT,0.0,0.0,0.0,0.0
2025-07-25T08:16:40.554529,ADA-USDT,0.7984,0.7985,7256.0,10041.0
2025-07-25T08:16:40.620764,ALGO-USDT,0.2577,0.0,23610.5,0.0
2025-07-25T08:16:40.629426,ANIME-USDT,0.01862,0.0,31231.0,0.0
2025-07-25T08:16:40.631998,AAVE-USDT,287.23,0.0,1.19,0.0
2025-07-25T08:16:40.637879,ALT-USDT,0.03346,0.0,16462.0,0.0
2025-07-25T08:16:40.638184,1INCH-USDT,0.2733,0.0,2902.3,0.0
2025-07-25T08:16:40.665958,AGT-USDT,0.005595,0.0,50710.0,0.0
2025-07-25T08:16:40.732705,AEVO-USDT,0.0,0.0,0.0,0.0
2025-07-25T08:16:40.738131,A-USDT,0.5593,0.0,7651.0,0.0
2025-07-25T08:16:40.738418,1INCH-USDT,0.2733,0.0,2948.6,0.0
2025-07-25T08:16:40.756649,ADA-USDT,0.7984,0.0,7597.0,0.0
2025-07-25T08:16:40.766225,AGT-USDT,0.005595,0.0,47390.0,0.0
2025-07-25T08:16:40.820887,ALGO-USDT,0.2577,0.0,23917.1,0.0
2025-07-25T08:16:40.854970,ADA-USDT,0.7984,0.7985,1119.0,21296.0
2025-07-25T08:16:40.871113,AERO-USDT,0.8763,0.0,245.0,0.0
2025-07-25T08:16:40.912814,AI16Z-USDT,0.1465,0.1466,54575.0,49862.0
2025-07-25T08:16:40.912855,ACH-USDT,0.0,0.0,0.0,0.0
2025-07-25T08:16:40.920904,ALGO-USDT,0.2577,0.2578,15559.2,15740.4
2025-07-25T08:16:40.929333,ANIME-USDT,0.0,0.01863,0.0,151939.0
2025-07-25T08:16:40.931817,AAVE-USDT,287.2,287.21,0.04,7.69
2025-07-25T08:16:40.941800,ALT-USDT,0.03346,0.03347,2988.0,46933.0
2025-07-25T08:16:40.941848,1INCH-USDT,0.2733,0.0,1856.0,0.0
2025-07-25T08:16:40.954549,ADA-USDT,0.7983,0.7984,11685.0,17065.0
2025-07-25T08:16:40.976372,ACT-USDT,0.0,0.04411,0.0,1009.0
2025-07-25T08:16:40.976411,AERO-USDT,0.8763,0.0,201.0,0.0
2025-07-25T08:16:41.006729,AI16Z-USDT,0.1465,0.1466,53251.0,52510.0
2025-07-25T08:16:41.015226,ACH-USDT,0.021625,0.0,1310.0,0.0
2025-07-25T08:16:41.018959,AERGO-USDT,0.0,0.0,0.0,0.0
2025-07-25T08:16:41.021207,ALGO-USDT,0.2577,0.0,13204.8,0.0
2025-07-25T08:16:41.029678,ANIME-USDT,0.0,0.01863,0.0,211939.0
2025-07-25T08:16:41.032083,AAVE-USDT,0.0,0.0,0.0,0.0
2025-07-25T08:16:41.037474,ALT-USDT,0.03345,0.0,56880.0,0.0
2025-07-25T08:16:41.037525,1INCH-USDT,0.2733,0.0,1902.3,0.0
2025-07-25T08:16:41.054663,ADA-USDT,0.7983,0.7984,8653.0,20511.0
2025-07-25T08:16:41.066488,AGT-USDT,0.005595,0.005596,44640.0,78160.0
2025-07-25T08:16:41.071472,AERO-USDT,0.8763,0.0,223.0,0.0
2025-07-25T08:16:41.128638,ACE-USDT,0.0,0.5615,0.0,91.0
2025-07-25T08:16:41.128676,ALGO-USDT,0.0,0.2578,0.0,15721.0
2025-07-25T08:16:41.130955,ANIME-USDT,0.0,0.0,0.0,0.0
2025-07-25T08:16:41.138410,1INCH-USDT,0.2733,0.0,1856.0,0.0
2025-07-25T08:16:41.138461,ALT-USDT,0.0,0.03347,0.0,47491.0
2025-07-25T08:16:41.154428,ADA-USDT,0.7983,0.7984,5207.0,20761.0
2025-07-25T08:16:41.166756,AGT-USDT,0.005594,0.0,52900.0,0.0
2025-07-25T08:16:41.171545,ACT-USDT,0.04408,0.0441,8220.0,718.0
2025-07-25T08:16:41.171583,AERO-USDT,0.8763,0.0,93.0,0.0
2025-07-25T08:16:41.206963,AI16Z-USDT,0.1465,0.1466,37251.0,74510.0
2025-07-25T08:16:41.211687,ACH-USDT,0.0,0.0,0.0,0.0
2025-07-25T08:16:41.214492,ACE-USDT,0.5613,0.0,2.9,0.0
2025-07-25T08:16:41.218345,AGLD-USDT,0.0,0.769,0.0,140.6
2025-07-25T08:16:41.220509,ALCH-USDT,0.0,0.0,0.0,0.0
2025-07-25T08:16:41.220820,ALGO-USDT,0.2577,0.2578,8085.6,27514.3
2025-07-25T08:16:41.229587,ANIME-USDT,0.01862,0.0,120.0,0.0
2025-07-25T08:16:41.231508,AAVE-USDT,287.16,287.17,0.02,0.34
2025-07-25T08:16:41.237442,A-USDT,0.5593,0.0,7631.0,0.0
2025-07-25T08:16:41.238483,ALT-USDT,0.03345,0.0,50903.0,0.0
2025-07-25T08:16:41.243622,AIN-USDT,0.15304,0.15305,160.0,320.0
2025-07-25T08:16:41.254364,ADA-USDT,0.7982,0.7983,6492.0,2691.0
2025-07-25T08:16:41.271605,AERO-USDT,0.8763,0.8764,11.0,260.0
2025-07-25T08:16:41.271644,ACT-USDT,0.04407,0.04409,4437.0,2138.0
2025-07-25T08:16:41.306601,AI16Z-USDT,0.0,0.1466,0.0,74471.0
2025-07-25T08:16:41.318501,AIXBT-USDT,0.0,0.13964,0.0,150.0
2025-07-25T08:16:41.318546,AGLD-USDT,0.0,0.0,0.0,0.0
2025-07-25T08:16:41.320836,ALGO-USDT,0.0,0.2578,0.0,27436.7
2025-07-25T08:16:41.329608,ANIME-USDT,0.0,0.01863,0.0,217308.0
2025-07-25T08:16:41.331828,AAVE-USDT,0.0,287.17,0.0,1.89
2025-07-25T08:16:41.332694,AEVO-USDT,0.0,0.0,0.0,0.0
2025-07-25T08:16:41.337488,A-USDT,0.5593,0.0,7651.0,0.0
2025-07-25T08:16:41.343891,AIN-USDT,0.15306,0.15308,120.0,320.0
2025-07-25T08:16:41.354398,ADA-USDT,0.7983,0.7984,439845.0,9776.0
2025-07-25T08:16:41.366587,AGT-USDT,0.0,0.005596,0.0,74840.0
2025-07-25T08:16:41.371511,AERO-USDT,0.8762,0.8764,207.0,526.0
2025-07-25T08:16:41.421366,ALGO-USDT,0.2577,0.0,5390.4,0.0
2025-07-25T08:16:41.432237,AAVE-USDT,287.16,287.17,1.51,1.55
2025-07-25T08:16:41.437565,1INCH-USDT,0.0,0.2734,0.0,2391.7
2025-07-25T08:16:41.443768,AIN-USDT,0.15309,0.1531,600.0,720.0
2025-07-25T08:16:41.455305,ADA-USDT,0.7983,0.7984,441992.0,457.0
2025-07-25T08:16:41.466518,AGT-USDT,0.0,0.005596,0.0,78160.0
2025-07-25T08:16:41.471567,AERO-USDT,0.8762,0.8764,263.0,260.0
2025-07-25T08:16:41.506958,AI16Z-USDT,0.1465,0.1466,52575.0,68508.0
2025-07-25T08:16:41.532127,AAVE-USDT,287.16,0.0,2.48,0.0
2025-07-25T08:16:41.554821,ADA-USDT,0.0,0.7984,0.0,7.0
2025-07-25T08:16:41.570898,ACT-USDT,0.04407,0.0,4477.0,0.0
2025-07-25T08:16:41.571205,AERO-USDT,0.8762,0.0,229.0,0.0
2025-07-25T08:16:41.607217,AI16Z-USDT,0.1465,0.1466,59899.0,65890.0
2025-07-25T08:16:41.618423,AGLD-USDT,0.0,0.0,0.0,0.0
2025-07-25T08:16:41.621244,ALGO-USDT,0.0,0.2578,0.0,27437.7
2025-07-25T08:16:41.633196,AEVO-USDT,0.1044,0.1045,25070.6,925.8
2025-07-25T08:16:41.637957,ALT-USDT,0.03345,0.03347,57996.0,46375.0
2025-07-25T08:16:41.654807,ADA-USDT,0.7983,0.0,442009.0,0.0
2025-07-25T08:16:41.670942,AERO-USDT,0.8762,0.0,307.0,0.0
2025-07-25T08:16:41.720940,ALGO-USDT,0.0,0.2578,0.0,27025.0
2025-07-25T08:16:41.731669,AAVE-USDT,0.0,0.0,0.0,0.0
2025-07-25T08:16:41.732596,AEVO-USDT,0.1044,0.0,25137.7,0.0
2025-07-25T08:16:41.754939,ADA-USDT,0.0,0.7984,0.0,540.0
2025-07-25T08:16:41.766228,AGT-USDT,0.005595,0.0,150.0,0.0
2025-07-25T08:16:41.771408,ACT-USDT,0.0,0.04408,0.0,12.0
2025-07-25T08:16:41.771447,AERO-USDT,0.8762,0.0,318.0,0.0
2025-07-25T08:16:41.814539,ACE-USDT,0.0,0.0,0.0,0.0
2025-07-25T08:16:41.820973,AIXBT-USDT,0.0,0.0,0.0,0.0
2025-07-25T08:16:41.821838,ALGO-USDT,0.0,0.2578,0.0,26805.7
2025-07-25T08:16:41.832032,AAVE-USDT,287.16,0.0,1.72,0.0
2025-07-25T08:16:41.833004,AEVO-USDT,0.1044,0.0,25265.3,0.0
2025-07-25T08:16:41.840354,A-USDT,0.0,0.0,0.0,0.0
2025-07-25T08:16:41.855837,ADA-USDT,0.0,0.7984,0.0,535.0
2025-07-25T08:16:41.871565,AERO-USDT,0.8762,0.0,307.0,0.0
2025-07-25T08:16:41.920976,ALGO-USDT,0.2577,0.0,10509.6,0.0
2025-07-25T08:16:41.933575,ANIME-USDT,0.0186,0.01861,179259.0,52632.0
2025-07-25T08:16:41.954609,ADA-USDT,0.7984,0.7985,45729.0,473.0
2025-07-25T08:16:41.970868,ACT-USDT,0.04412,0.04413,2678.0,1402.0
2025-07-25T08:16:42.007584,AI16Z-USDT,0.0,0.1466,0.0,45166.0
2025-07-25T08:16:42.018076,AIXBT-USDT,0.13963,0.0,1300.0,0.0
2025-07-25T08:16:42.020447,ALGO-USDT,0.0,0.2578,0.0,26499.1
2025-07-25T08:16:42.029947,ANIME-USDT,0.0186,0.01861,93186.0,44970.0
2025-07-25T08:16:42.031519,AAVE-USDT,287.18,287.19,1.25,1.55
2025-07-25T08:16:42.037656,1INCH-USDT,0.2733,0.2734,2948.6,1196.8
2025-07-25T08:16:42.037705,ALT-USDT,0.03345,0.0,81854.0,0.0
2025-07-25T08:16:42.054601,ADA-USDT,0.7985,0.7986,37731.0,4039.0
2025-07-25T08:16:42.070852,ACT-USDT,0.04412,0.0,1257.0,0.0
2025-07-25T08:16:42.071230,AERO-USDT,0.8762,0.8764,950.0,177.0
2025-07-25T08:16:42.113624,ACH-USDT,0.021626,0.02163,1310.0,280.0
2025-07-25T08:16:42.114322,ACE-USDT,0.0,0.5614,0.0,91.0
2025-07-25T08:16:42.117921,AIXBT-USDT,0.0,0.0,0.0,0.0
2025-07-25T08:16:42.119872,AGLD-USDT,0.0,0.7691,0.0,40.0
2025-07-25T08:16:42.120912,ALGO-USDT,0.2577,0.2578,11309.6,24252.7
2025-07-25T08:16:42.129633,ANIME-USDT,0.0186,0.01861,107264.0,59089.0
2025-07-25T08:16:42.131414,AAVE-USDT,287.18,0.0,3.45,0.0
2025-07-25T08:16:42.138304,1INCH-USDT,0.0,0.0,0.0,0.0
2025-07-25T08:16:42.138349,ALT-USDT,0.03345,0.0,98292.0,0.0
2025-07-25T08:16:42.156711,ADA-USDT,0.7985,0.7986,42029.0,3789.0
2025-07-25T08:16:42.171508,AERO-USDT,0.8762,0.0,916.0,0.0
2025-07-25T08:16:42.207470,AI16Z-USDT,0.1465,0.0,67899.0,0.0
2025-07-25T08:16:42.212009,ACH-USDT,0.0,0.02163,0.0,1400.0
2025-07-25T08:16:42.214171,ACE-USDT,0.5613,0.5616,47.0,73.5
2025-07-25T08:16:42.220607,ALGO-USDT,0.2577,0.2578,16616.2,23596.9
2025-07-25T08:16:42.229446,ANIME-USDT,0.0186,0.01861,171610.0,56801.0
2025-07-25T08:16:42.237912,ALT-USDT,0.03345,0.0,104269.0,0.0
2025-07-25T08:16:42.255233,ADA-USDT,0.7985,0.0,39880.0,0.0
2025-07-25T08:16:42.271621,AERO-USDT,0.8763,0.0,152.0,0.0
2025-07-25T08:16:42.320801,ALGO-USDT,0.0,0.2578,0.0,20863.4
2025-07-25T08:16:42.331357,AAVE-USDT,287.18,0.0,0.71,0.0
2025-07-25T08:16:42.337707,1INCH-USDT,0.0,0.2734,0.0,1117.2
2025-07-25T08:16:42.337889,ALT-USDT,0.03345,0.0,108752.0,0.0
2025-07-25T08:16:42.355077,ADA-USDT,0.0,0.7986,0.0,3834.0
2025-07-25T08:16:42.370623,ACT-USDT,0.0,0.0,0.0,0.0
2025-07-25T08:16:42.418734,AIXBT-USDT,0.13963,0.0,230.0,0.0
2025-07-25T08:16:42.421064,ALGO-USDT,0.2577,0.0,11616.2,0.0
2025-07-25T08:16:42.429252,ANIME-USDT,0.0186,0.01861,107264.0,217230.0
2025-07-25T08:16:42.454694,ADA-USDT,0.7985,0.7986,13911.0,11717.0
2025-07-25T08:16:42.519087,AERGO-USDT,0.0,0.0,0.0,0.0
2025-07-25T08:16:42.520696,ALGO-USDT,0.2577,0.2578,11309.6,21476.6
2025-07-25T08:16:42.529547,ANIME-USDT,0.0186,0.01861,89041.0,43059.0
2025-07-25T08:16:42.531725,AAVE-USDT,0.0,287.19,0.0,1.59
2025-07-25T08:16:42.537772,ALT-USDT,0.03345,0.0,107259.0,0.0
2025-07-25T08:16:42.543150,AIN-USDT,0.0,0.0,0.0,0.0
2025-07-25T08:16:42.555230,ADA-USDT,0.7985,0.7986,7398.0,12162.0
2025-07-25T08:16:42.567855,AGT-USDT,0.0,0.005596,0.0,74840.0
2025-07-25T08:16:42.612451,ACH-USDT,0.021626,0.0,1430.0,0.0
2025-07-25T08:16:42.620349,ALGO-USDT,0.2577,0.2578,11539.5,23416.4
2025-07-25T08:16:42.629184,ANIME-USDT,0.0186,0.01861,147250.0,42682.0
2025-07-25T08:16:42.638254,1INCH-USDT,0.0,0.2734,0.0,1011.7
2025-07-25T08:16:42.643631,AIN-USDT,0.15307,0.15308,380.0,480.0
2025-07-25T08:16:42.654504,ADA-USDT,0.7985,0.7986,33159.0,7225.0
2025-07-25T08:16:42.706690,AI16Z-USDT,0.1465,0.1466,69300.0,29754.0
2025-07-25T08:16:42.712218,ACH-USDT,0.021627,0.0,1310.0,0.0
2025-07-25T08:16:42.721232,ALGO-USDT,0.2577,0.2578,12152.7,19311.6
2025-07-25T08:16:42.729888,ANIME-USDT,0.0186,0.0,89041.0,0.0
2025-07-25T08:16:42.732168,AAVE-USDT,287.18,287.19,3.65,1.55
2025-07-25T08:16:42.733040,AEVO-USDT,0.1045,0.1046,925.8,19118.6
2025-07-25T08:16:42.738190,1INCH-USDT,0.2733,0.2734,2971.1,884.4
2025-07-25T08:16:42.743482,AIN-USDT,0.0,0.0,0.0,0.0
2025-07-25T08:16:42.754598,ADA-USDT,0.7986,0.7987,10917.0,5269.0
2025-07-25T08:16:42.820589,ALGO-USDT,0.2577,0.2578,21152.7,18923.8
2025-07-25T08:16:42.829443,ANIME-USDT,0.0186,0.01861,105662.0,59621.0
2025-07-25T08:16:42.832644,AEVO-USDT,0.0,0.1046,0.0,19185.6
2025-07-25T08:16:42.838355,ALT-USDT,0.03345,0.0,105764.0,0.0
2025-07-25T08:16:42.854250,ADA-USDT,0.7986,0.7987,8496.0,9679.0
2025-07-25T08:16:42.921422,ALGO-USDT,0.2577,0.2578,11539.5,21088.8
2025-07-25T08:16:42.931303,AAVE-USDT,287.18,0.0,0.71,0.0
2025-07-25T08:16:42.933097,AEVO-USDT,0.0,0.1046,0.0,21102.0
2025-07-25T08:16:42.937641,ALT-USDT,0.03345,0.0,126684.0,0.0
2025-07-25T08:16:42.955082,ADA-USDT,0.7986,0.7987,3446.0,9760.0
2025-07-25T08:16:42.966199,AGT-USDT,0.005595,0.0,2900.0,0.0
2025-07-25T08:16:42.970947,ACT-USDT,0.0,0.0,0.0,0.0
2025-07-25T08:16:43.006732,AI16Z-USDT,0.0,0.1466,0.0,43765.0
2025-07-25T08:16:43.011739,ACH-USDT,0.0,0.0,0.0,0.0
2025-07-25T08:16:43.029247,ANIME-USDT,0.0,0.01861,0.0,60670.0
2025-07-25T08:16:43.055158,ADA-USDT,0.0,0.0,0.0,0.0
2025-07-25T08:16:43.071420,ACT-USDT,0.0,0.04413,0.0,23.0
2025-07-25T08:16:43.119295,AERGO-USDT,0.0,0.0,0.0,0.0
2025-07-25T08:16:43.121323,ALGO-USDT,0.0,0.2578,0.0,20475.6
2025-07-25T08:16:43.129043,ANIME-USDT,0.0,0.01861,0.0,60293.0
2025-07-25T08:16:43.207266,AI16Z-USDT,0.0,0.1466,0.0,51765.0
2025-07-25T08:16:43.220996,ALGO-USDT,0.2577,0.0,15539.5,0.0
2025-07-25T08:16:43.238608,ALT-USDT,0.03345,0.0,131167.0,0.0
2025-07-25T08:16:43.254373,ADA-USDT,0.7986,0.7987,3804.0,10643.0
2025-07-25T08:16:43.306609,AI16Z-USDT,0.0,0.1466,0.0,43765.0
2025-07-25T08:16:43.331406,AAVE-USDT,287.18,0.0,1.05,0.0
2025-07-25T08:16:43.354206,ADA-USDT,0.7986,0.7987,8742.0,10681.0
2025-07-25T08:16:43.406827,AI16Z-USDT,0.1465,0.0,74418.0,0.0
2025-07-25T08:16:43.418873,AERGO-USDT,0.0,0.0,0.0,0.0
2025-07-25T08:16:43.437152,ALT-USDT,0.03345,0.0,137143.0,0.0
2025-07-25T08:16:43.443776,AIN-USDT,0.1531,0.15313,570.0,380.0
2025-07-25T08:16:43.455060,ADA-USDT,0.7986,0.7987,11092.0,13311.0
2025-07-25T08:16:43.519925,ALCH-USDT,0.13754,0.0,238.0,0.0
2025-07-25T08:16:43.529146,ANIME-USDT,0.0,0.01861,0.0,59665.0
2025-07-25T08:16:43.531721,AAVE-USDT,287.19,287.2,0.89,0.06
2025-07-25T08:16:43.537068,1INCH-USDT,0.0,0.2734,0.0,6.9
2025-07-25T08:16:43.537327,ALT-USDT,0.0,0.0,0.0,0.0
2025-07-25T08:16:43.544006,AIN-USDT,0.15312,0.15315,400.0,40.0
2025-07-25T08:16:43.555244,ADA-USDT,0.7986,0.0,3463.0,0.0
2025-07-25T08:16:43.606602,AI16Z-USDT,0.0,0.1466,0.0,43670.0
2025-07-25T08:16:43.612016,ACH-USDT,0.021628,0.02163,1310.0,280.0
2025-07-25T08:16:43.620626,ALGO-USDT,0.2577,0.2578,16152.7,18923.8
2025-07-25T08:16:43.631550,AAVE-USDT,287.19,287.2,0.99,1.59
2025-07-25T08:16:43.643381,AIN-USDT,0.0,0.15313,0.0,420.0
2025-07-25T08:16:43.654946,ADA-USDT,0.7986,0.7987,11317.0,9494.0
2025-07-25T08:16:43.670875,ACT-USDT,0.04412,0.0,1640.0,0.0
2025-07-25T08:16:43.711956,ACH-USDT,0.021629,0.0,1310.0,0.0
2025-07-25T08:16:43.718912,AGLD-USDT,0.7688,0.7693,78.5,365.3
2025-07-25T08:16:43.720306,ALGO-USDT,0.2577,0.2578,23479.6,3855.1
2025-07-25T08:16:43.729299,ANIME-USDT,0.0186,0.0,170008.0,0.0
2025-07-25T08:16:43.731371,AAVE-USDT,287.19,0.0,3.61,0.0
2025-07-25T08:16:43.757996,ADA-USDT,0.7986,0.7987,6495.0,13281.0
2025-07-25T08:16:43.771297,ACT-USDT,0.04412,0.0,1257.0,0.0
2025-07-25T08:16:43.818551,AERGO-USDT,0.13074,0.0,296.0,0.0
2025-07-25T08:16:43.821049,AGLD-USDT,0.7689,0.0,34.7,0.0
2025-07-25T08:16:43.821145,ALGO-USDT,0.0,0.2578,0.0,8974.3
2025-07-25T08:16:43.830701,ANIME-USDT,0.0186,0.01861,194194.0,59664.0
2025-07-25T08:16:43.831737,AAVE-USDT,287.19,0.0,1.51,0.0
2025-07-25T08:16:43.838300,ALT-USDT,0.03345,0.0,167029.0,0.0
2025-07-25T08:16:43.844124,AIN-USDT,0.15312,0.0,410.0,0.0
2025-07-25T08:16:43.855239,ADA-USDT,0.7986,0.7987,8027.0,14533.0
2025-07-25T08:16:43.870894,ACT-USDT,0.0,0.0,0.0,0.0
2025-07-25T08:16:43.932463,AAVE-USDT,287.19,287.2,0.89,1.57
2025-07-25T08:16:43.938951,ALT-USDT,0.03346,0.0,9104.0,0.0
2025-07-25T08:16:43.955177,ADA-USDT,0.7986,0.0,7686.0,0.0
2025-07-25T08:16:44.020178,ALGO-USDT,0.0,0.2578,0.0,3855.1
2025-07-25T08:16:44.031762,AAVE-USDT,287.18,0.0,5.02,0.0
2025-07-25T08:16:44.037354,1INCH-USDT,0.0,0.2734,0.0,1371.5
2025-07-25T08:16:44.054433,ADA-USDT,0.7986,0.0,4995.0,0.0
2025-07-25T08:16:44.066364,AGT-USDT,0.0,0.005596,0.0,78160.0
2025-07-25T08:16:44.118978,AGLD-USDT,0.7688,0.7692,40.0,140.6
2025-07-25T08:16:44.120225,ALGO-USDT,0.0,0.2578,0.0,9777.7
2025-07-25T08:16:44.131456,AAVE-USDT,287.18,287.19,0.34,1.55
2025-07-25T08:16:44.155984,ADA-USDT,0.7986,0.7987,528009.0,3730.0
2025-07-25T08:16:44.166696,AGT-USDT,0.005587,0.005594,11580.0,8750.0
2025-07-25T08:16:44.170718,ACT-USDT,0.0,0.0,0.0,0.0
2025-07-25T08:16:44.207389,AI16Z-USDT,0.0,0.1466,0.0,49670.0
2025-07-25T08:16:44.217906,AIXBT-USDT,0.13963,0.0,960.0,0.0
2025-07-25T08:16:44.220688,ALGO-USDT,0.2577,0.2578,22866.4,17777.7
2025-07-25T08:16:44.228909,ANIME-USDT,0.0,0.01861,0.0,32914.0
2025-07-25T08:16:44.231509,AAVE-USDT,287.17,287.18,0.94,1.89
2025-07-25T08:16:44.254851,ADA-USDT,0.7987,0.7988,44428.0,301.0
2025-07-25T08:16:44.266030,AGT-USDT,0.005587,0.005594,14900.0,80780.0
2025-07-25T08:16:44.322160,ALGO-USDT,0.2577,0.0,23479.6,0.0
2025-07-25T08:16:44.329176,ANIME-USDT,0.0,0.01861,0.0,15975.0
2025-07-25T08:16:44.331968,AAVE-USDT,0.0,287.18,0.0,1.55
2025-07-25T08:16:44.354429,ADA-USDT,0.7987,0.7988,42915.0,51.0
2025-07-25T08:16:44.366047,AGT-USDT,0.005588,0.005594,37760.0,79860.0
2025-07-25T08:16:44.406918,AI16Z-USDT,0.0,0.1466,0.0,49662.0
2025-07-25T08:16:44.418271,AIXBT-USDT,0.13963,0.0,2390.0,0.0
2025-07-25T08:16:44.429059,ANIME-USDT,0.01861,0.01862,26750.0,112713.0
2025-07-25T08:16:44.438341,1INCH-USDT,0.2733,0.0,3011.5,0.0
2025-07-25T08:16:44.438378,ALT-USDT,0.03346,0.0,6116.0,0.0
2025-07-25T08:16:44.454184,ADA-USDT,0.7987,0.0,42889.0,0.0
2025-07-25T08:16:44.466321,AGT-USDT,0.0,0.005594,0.0,83180.0
2025-07-25T08:16:44.507188,AI16Z-USDT,0.0,0.1466,0.0,43662.0
2025-07-25T08:16:44.514095,ACE-USDT,0.5613,0.5617,120.5,73.5
2025-07-25T08:16:44.517768,AIXBT-USDT,0.13967,0.13968,600.0,40.0
2025-07-25T08:16:44.518317,AERGO-USDT,0.13074,0.0,316.0,0.0
2025-07-25T08:16:44.518594,AGLD-USDT,0.0,0.769,0.0,5.7
2025-07-25T08:16:44.520166,ALGO-USDT,0.0,0.2578,0.0,17778.7
2025-07-25T08:16:44.529603,ANIME-USDT,0.01861,0.01862,42824.0,128976.0
2025-07-25T08:16:44.531645,AAVE-USDT,287.17,0.0,1.42,0.0
2025-07-25T08:16:44.554594,ADA-USDT,0.7988,0.7989,29044.0,2526.0
2025-07-25T08:16:44.567524,AGT-USDT,0.005588,0.005594,82400.0,89020.0
2025-07-25T08:16:44.614479,ACE-USDT,0.5614,0.5616,89.2,91.0
2025-07-25T08:16:44.618541,AIXBT-USDT,0.0,0.0,0.0,0.0
2025-07-25T08:16:44.628982,ANIME-USDT,0.01861,0.01862,16074.0,129980.0
2025-07-25T08:16:44.632744,AEVO-USDT,0.1045,0.0,964.8,0.0
2025-07-25T08:16:44.654217,ADA-USDT,0.7988,0.0,29286.0,0.0
2025-07-25T08:16:44.666425,AGT-USDT,0.0,0.005594,0.0,79860.0
2025-07-25T08:16:44.718113,AIXBT-USDT,0.13967,0.0,720.0,0.0
2025-07-25T08:16:44.737301,ALT-USDT,0.03346,0.0,6126.0,0.0
2025-07-25T08:16:44.737588,A-USDT,0.0,0.0,0.0,0.0
2025-07-25T08:16:44.754705,ADA-USDT,0.7988,0.7989,29031.0,5972.0
2025-07-25T08:16:44.766219,AGT-USDT,0.005588,0.005594,62530.0,83180.0
2025-07-25T08:16:44.818014,AIXBT-USDT,0.0,0.0,0.0,0.0
2025-07-25T08:16:44.829263,ANIME-USDT,0.0,0.0,0.0,0.0
2025-07-25T08:16:44.831659,AAVE-USDT,287.17,0.0,0.94,0.0
2025-07-25T08:16:44.837250,A-USDT,0.0,0.0,0.0,0.0
2025-07-25T08:16:44.838357,1INCH-USDT,0.2733,0.0,2965.2,0.0
2025-07-25T08:16:44.854436,ADA-USDT,0.7988,0.7989,13821.0,8406.0
2025-07-25T08:16:44.866553,AGT-USDT,0.0,0.005594,0.0,88900.0
2025-07-25T08:16:44.920540,AGLD-USDT,0.7689,0.0,69.7,0.0
2025-07-25T08:16:44.920593,AIXBT-USDT,0.0,0.0,0.0,0.0
2025-07-25T08:16:44.920630,ALGO-USDT,0.2577,0.0,22866.4,0.0
2025-07-25T08:16:44.938033,ALT-USDT,0.03346,0.0,5568.0,0.0
2025-07-25T08:16:44.938075,1INCH-USDT,0.2733,0.0,3011.5,0.0
2025-07-25T08:16:44.954608,ADA-USDT,0.0,0.7989,0.0,8656.0
2025-07-25T08:16:45.020220,ALGO-USDT,0.2577,0.2578,23479.6,4659.5
2025-07-25T08:16:45.031417,AAVE-USDT,287.17,0.0,9.99,0.0
2025-07-25T08:16:45.037823,ALT-USDT,0.03346,0.0,6126.0,0.0
2025-07-25T08:16:45.055534,ADA-USDT,0.7988,0.7989,27614.0,1028.0
2025-07-25T08:16:45.066858,AGT-USDT,0.005593,0.005594,2750.0,76830.0
2025-07-25T08:16:45.071173,ACT-USDT,0.04412,0.0,2023.0,0.0
2025-07-25T08:16:45.107349,AI16Z-USDT,0.0,0.1466,0.0,41176.0
2025-07-25T08:16:45.111921,ACH-USDT,0.0,0.0,0.0,0.0
2025-07-25T08:16:45.114201,ACE-USDT,0.0,0.0,0.0,0.0
2025-07-25T08:16:45.118113,AIXBT-USDT,0.0,0.0,0.0,0.0
2025-07-25T08:16:45.120735,ALGO-USDT,0.0,0.2578,0.0,9778.7
2025-07-25T08:16:45.131412,AAVE-USDT,287.17,0.0,0.94,0.0
2025-07-25T08:16:45.133691,AEVO-USDT,0.1045,0.0,39.0,0.0
2025-07-25T08:16:45.154362,ADA-USDT,0.7988,0.7989,13821.0,9076.0
2025-07-25T08:16:45.171151,ACT-USDT,0.04412,0.0,1257.0,0.0
2025-07-25T08:16:45.207047,AI16Z-USDT,0.0,0.1466,0.0,51662.0
2025-07-25T08:16:45.218243,AIXBT-USDT,0.13967,0.0,600.0,0.0
2025-07-25T08:16:45.218686,AGLD-USDT,0.7688,0.0,40.0,0.0
2025-07-25T08:16:45.220250,ALGO-USDT,0.2577,0.2578,27636.5,15778.9
2025-07-25T08:16:45.233366,AEVO-USDT,0.1045,0.0,964.8,0.0
2025-07-25T08:16:45.238964,1INCH-USDT,0.2733,0.0,2918.9,0.0
2025-07-25T08:16:45.254337,ADA-USDT,0.0,0.7989,0.0,9331.0
2025-07-25T08:16:45.306611,AI16Z-USDT,0.0,0.1466,0.0,43662.0
2025-07-25T08:16:45.320293,ALGO-USDT,0.2577,0.0,27943.1,0.0
2025-07-25T08:16:45.338279,ALT-USDT,0.03346,0.0,5568.0,0.0
2025-07-25T08:16:45.343518,AIN-USDT,0.15311,0.15312,120.0,320.0
2025-07-25T08:16:45.355190,ADA-USDT,0.7988,0.0,13827.0,0.0
2025-07-25T08:16:45.371570,AERO-USDT,0.8763,0.0,179.0,0.0
2025-07-25T08:16:45.437982,1INCH-USDT,0.0,0.2734,0.0,2371.5
2025-07-25T08:16:45.443697,AIN-USDT,0.15307,0.1531,840.0,320.0
2025-07-25T08:16:45.454400,ADA-USDT,0.7988,0.7989,14154.0,10583.0
2025-07-25T08:16:45.471475,AERO-USDT,0.8763,0.0,287.0,0.0
2025-07-25T08:16:45.519605,AGLD-USDT,0.0,0.0,0.0,0.0
2025-07-25T08:16:45.520209,ALGO-USDT,0.2577,0.0,28249.7,0.0
2025-07-25T08:16:45.537376,1INCH-USDT,0.2733,0.0,3011.5,0.0
2025-07-25T08:16:45.538157,A-USDT,0.5593,0.0,7652.0,0.0
2025-07-25T08:16:45.543105,AIN-USDT,0.0,0.15309,0.0,320.0
2025-07-25T08:16:45.571289,AERO-USDT,0.8763,0.0,341.0,0.0
2025-07-25T08:16:45.621287,ALGO-USDT,0.2577,0.0,27943.1,0.0
2025-07-25T08:16:45.631432,AAVE-USDT,287.17,0.0,2.1,0.0
2025-07-25T08:16:45.639098,A-USDT,0.5593,0.0,7712.0,0.0
2025-07-25T08:16:45.643767,AIN-USDT,0.15308,0.15309,400.0,690.0
2025-07-25T08:16:45.656019,ADA-USDT,0.7988,0.7989,10570.0,10613.0
2025-07-25T08:16:45.706710,AI16Z-USDT,0.1465,0.1466,89793.0,27165.0
2025-07-25T08:16:45.720525,ALGO-USDT,0.2577,0.2578,28249.7,15923.0
2025-07-25T08:16:45.731174,AAVE-USDT,287.19,287.2,0.71,1.59
2025-07-25T08:16:45.744002,AIN-USDT,0.15308,0.15314,970.0,160.0
2025-07-25T08:16:45.754514,ADA-USDT,0.0,0.7989,0.0,10636.0
2025-07-25T08:16:45.806727,AI16Z-USDT,0.1465,0.0,75782.0,0.0
2025-07-25T08:16:45.829851,ANIME-USDT,0.01861,0.01862,42824.0,69980.0
2025-07-25T08:16:45.838496,1INCH-USDT,0.0,0.2734,0.0,1371.5
2025-07-25T08:16:45.843534,AIN-USDT,0.15309,0.1531,560.0,320.0
2025-07-25T08:16:45.854755,ADA-USDT,0.0,0.7989,0.0,10295.0
