timestamp,symbol,bid,ask,bid_vol,ask_vol
2025-07-25T08:16:26.563434,A-USDT,0.5586,0.5587,55.0,92.0
2025-07-25T08:16:26.563487,AAVE-USDT,286.99,287.0,20.0,152.0
2025-07-25T08:16:26.564001,ACE-USDT,0.561,0.562,20.0,493.0
2025-07-25T08:16:26.564040,ADA-USDT,0.7974,0.7975,35.0,249.0
2025-07-25T08:16:26.564071,ALGO-USDT,0.2576,0.2577,1296.0,928.0
2025-07-25T08:16:27.489049,AAVE-USDT,286.99,287.0,20.0,152.0
2025-07-25T08:16:27.875608,ACE-USDT,0.561,0.562,20.0,490.0
2025-07-25T08:16:27.976489,ACE-USDT,0.561,0.562,20.0,500.0
2025-07-25T08:16:28.079227,AAVE-USDT,286.99,287.0,20.0,151.0
2025-07-25T08:16:28.079265,ADA-USDT,0.7974,0.7975,32.0,249.0
2025-07-25T08:16:28.576260,ADA-USDT,0.7974,0.7975,32.0,249.0
2025-07-25T08:16:29.275669,ADA-USDT,0.7974,0.7976,32.0,263.0
2025-07-25T08:16:29.378103,A-USDT,0.5586,0.5593,55.0,12.0
2025-07-25T08:16:29.378139,ADA-USDT,0.7975,0.7977,342.0,210.0
2025-07-25T08:16:29.478052,A-USDT,0.5587,0.5588,70.0,48.0
2025-07-25T08:16:29.478095,ALGO-USDT,0.2576,0.2578,1296.0,1366.0
2025-07-25T08:16:29.478136,ADA-USDT,0.7976,0.7977,201.0,210.0
2025-07-25T08:16:29.576908,ADA-USDT,0.7976,0.7977,201.0,203.0
2025-07-25T08:16:29.677121,ALGO-USDT,0.2576,0.2577,1296.0,205.0
2025-07-25T08:16:29.789825,AAVE-USDT,286.99,287.0,20.0,150.0
2025-07-25T08:16:29.975663,ADA-USDT,0.7976,0.7978,201.0,283.0
2025-07-25T08:16:29.975848,AAVE-USDT,286.99,287.01,20.0,125.0
2025-07-25T08:16:30.076935,ADA-USDT,0.7977,0.7978,338.0,283.0
2025-07-25T08:16:30.176427,A-USDT,0.5587,0.5594,70.0,51.0
2025-07-25T08:16:30.276087,A-USDT,0.5588,0.5589,18.0,11.0
2025-07-25T08:16:30.276128,AAVE-USDT,287.05,287.1,84.0,11.0
2025-07-25T08:16:30.280573,ADA-USDT,0.7977,0.7978,335.0,283.0
2025-07-25T08:16:30.575671,ALGO-USDT,0.2576,0.2577,1296.0,204.0
2025-07-25T08:16:30.576171,ADA-USDT,0.7977,0.7978,335.0,283.0
2025-07-25T08:16:30.576274,AAVE-USDT,287.06,287.1,22.0,11.0
2025-07-25T08:16:30.781241,ADA-USDT,0.7977,0.7979,335.0,140.0
2025-07-25T08:16:30.781509,AAVE-USDT,287.07,287.15,12.0,129.0
2025-07-25T08:16:30.781576,ALGO-USDT,0.2577,0.2578,458.0,1366.0
2025-07-25T08:16:30.883680,ADA-USDT,0.7978,0.7979,122.0,189.0
2025-07-25T08:16:30.977371,ADA-USDT,0.7977,0.7979,335.0,189.0
2025-07-25T08:16:31.076093,AAVE-USDT,287.07,287.15,12.0,129.0
2025-07-25T08:16:31.076353,ADA-USDT,0.7977,0.7978,335.0,155.0
2025-07-25T08:16:31.277528,ADA-USDT,0.7977,0.7978,335.0,155.0
2025-07-25T08:16:31.575802,ADA-USDT,0.7977,0.7979,335.0,189.0
2025-07-25T08:16:31.576924,AAVE-USDT,287.06,287.07,22.0,10.0
2025-07-25T08:16:31.776865,ALGO-USDT,0.2577,0.2578,458.0,1345.0
2025-07-25T08:16:31.879895,ALGO-USDT,0.2576,0.2578,1296.0,1345.0
2025-07-25T08:16:31.976213,AAVE-USDT,287.05,287.07,84.0,10.0
2025-07-25T08:16:31.976474,ALGO-USDT,0.2576,0.2577,1296.0,1118.0
2025-07-25T08:16:32.079047,A-USDT,0.5581,0.5589,77.0,11.0
2025-07-25T08:16:32.079093,ADA-USDT,0.7977,0.7978,335.0,143.0
2025-07-25T08:16:32.079125,AAVE-USDT,286.99,287.03,20.0,15.0
2025-07-25T08:16:32.176387,A-USDT,0.5587,0.5595,57.0,48.0
2025-07-25T08:16:32.291523,ADA-USDT,0.7977,0.7978,335.0,129.0
2025-07-25T08:16:32.291582,A-USDT,0.5587,0.5594,57.0,26.0
2025-07-25T08:16:32.376296,AAVE-USDT,287.0,287.03,27.0,15.0
2025-07-25T08:16:32.478083,AAVE-USDT,286.99,287.03,10.0,15.0
2025-07-25T08:16:32.578036,ALGO-USDT,0.2576,0.2577,1296.0,1118.0
2025-07-25T08:16:32.579249,ADA-USDT,0.7976,0.7978,201.0,129.0
2025-07-25T08:16:32.579299,AAVE-USDT,286.97,287.03,24.0,15.0
2025-07-25T08:16:32.679690,ADA-USDT,0.7975,0.7977,286.0,146.0
2025-07-25T08:16:32.679831,AAVE-USDT,286.96,287.0,63.0,19.0
2025-07-25T08:16:32.679913,A-USDT,0.5587,0.5588,57.0,45.0
2025-07-25T08:16:32.679997,ALGO-USDT,0.2576,0.2577,113.0,1071.0
2025-07-25T08:16:32.882000,A-USDT,0.558,0.5588,10.0,45.0
2025-07-25T08:16:32.882039,ADA-USDT,0.7974,0.7977,32.0,146.0
2025-07-25T08:16:32.975576,A-USDT,0.5586,0.5588,38.0,45.0
2025-07-25T08:16:32.975946,ADA-USDT,0.7975,0.7977,374.0,146.0
2025-07-25T08:16:33.076070,AAVE-USDT,286.96,287.0,63.0,19.0
2025-07-25T08:16:33.076111,ALGO-USDT,0.2575,0.2577,1280.0,1071.0
2025-07-25T08:16:33.076135,ADA-USDT,0.7974,0.7977,32.0,146.0
2025-07-25T08:16:33.176222,AAVE-USDT,286.94,286.99,116.0,16.0
2025-07-25T08:16:33.176534,ALGO-USDT,0.2575,0.2576,1280.0,535.0
2025-07-25T08:16:33.176579,A-USDT,0.5586,0.5594,38.0,26.0
2025-07-25T08:16:33.276773,ADA-USDT,0.7974,0.7976,32.0,309.0
2025-07-25T08:16:33.276839,A-USDT,0.5586,0.5587,38.0,53.0
2025-07-25T08:16:33.276866,AAVE-USDT,286.92,286.96,113.0,137.0
2025-07-25T08:16:33.375577,ACE-USDT,0.561,0.562,20.0,483.0
2025-07-25T08:16:33.376161,A-USDT,0.5579,0.5587,24.0,53.0
2025-07-25T08:16:33.376446,ADA-USDT,0.7973,0.7975,273.0,370.0
2025-07-25T08:16:33.376681,AAVE-USDT,286.89,286.94,34.0,10.0
2025-07-25T08:16:33.484048,ADA-USDT,0.7973,0.7974,273.0,203.0
2025-07-25T08:16:33.484075,AAVE-USDT,286.87,286.91,23.0,14.0
2025-07-25T08:16:33.585342,ADA-USDT,0.7972,0.7974,30.0,203.0
2025-07-25T08:16:33.585471,ALGO-USDT,0.2574,0.2576,1630.0,535.0
2025-07-25T08:16:33.585563,ACE-USDT,0.561,0.562,20.0,483.0
2025-07-25T08:16:33.687706,AAVE-USDT,286.87,286.89,23.0,131.0
2025-07-25T08:16:33.687869,A-USDT,0.5579,0.5587,24.0,53.0
2025-07-25T08:16:33.687922,ALGO-USDT,0.2574,0.2575,1630.0,1122.0
2025-07-25T08:16:33.779750,A-USDT,0.5578,0.5586,100.0,72.0
2025-07-25T08:16:33.779826,ALGO-USDT,0.2574,0.2575,1630.0,1116.0
2025-07-25T08:16:33.779867,ADA-USDT,0.7972,0.7973,30.0,240.0
2025-07-25T08:16:33.876985,ADA-USDT,0.7972,0.7973,30.0,235.0
2025-07-25T08:16:34.020804,AAVE-USDT,286.88,286.89,169.0,131.0
2025-07-25T08:16:34.275886,AAVE-USDT,286.88,286.89,169.0,118.0
2025-07-25T08:16:34.477475,ADA-USDT,0.7972,0.7974,30.0,203.0
2025-07-25T08:16:34.576846,AAVE-USDT,286.88,286.89,169.0,118.0
2025-07-25T08:16:34.576892,ADA-USDT,0.7973,0.7976,466.0,288.0
2025-07-25T08:16:34.676988,AAVE-USDT,286.92,286.94,16.0,10.0
2025-07-25T08:16:34.677016,A-USDT,0.5585,0.5586,32.0,72.0
2025-07-25T08:16:34.677438,ADA-USDT,0.7975,0.7976,366.0,288.0
2025-07-25T08:16:34.677477,ALGO-USDT,0.2574,0.2576,1630.0,535.0
2025-07-25T08:16:34.777037,AAVE-USDT,286.93,286.97,185.0,22.0
2025-07-25T08:16:34.777082,ADA-USDT,0.7975,0.7976,160.0,288.0
2025-07-25T08:16:34.777118,ALGO-USDT,0.2575,0.2576,1931.0,535.0
2025-07-25T08:16:34.895993,ALGO-USDT,0.2574,0.2576,1630.0,535.0
2025-07-25T08:16:34.975481,AAVE-USDT,286.93,286.94,185.0,52.0
2025-07-25T08:16:34.975735,ADA-USDT,0.7975,0.7976,160.0,264.0
2025-07-25T08:16:35.076848,AAVE-USDT,286.93,286.98,185.0,17.0
2025-07-25T08:16:35.076900,ALGO-USDT,0.2575,0.2576,618.0,535.0
2025-07-25T08:16:35.176423,AAVE-USDT,286.93,286.99,185.0,74.0
2025-07-25T08:16:35.276207,AAVE-USDT,286.95,287.01,195.0,75.0
2025-07-25T08:16:35.375748,A-USDT,0.5585,0.5592,32.0,33.0
2025-07-25T08:16:35.476390,ALGO-USDT,0.2575,0.2576,617.0,535.0
2025-07-25T08:16:35.576536,ADA-USDT,0.7975,0.7976,160.0,264.0
2025-07-25T08:16:35.576573,AAVE-USDT,286.95,287.01,195.0,75.0
2025-07-25T08:16:35.576762,A-USDT,0.5585,0.5587,32.0,18.0
2025-07-25T08:16:35.676034,ADA-USDT,0.7975,0.7977,160.0,146.0
2025-07-25T08:16:35.676296,AAVE-USDT,286.95,287.02,195.0,199.0
2025-07-25T08:16:35.676837,A-USDT,0.5578,0.5587,100.0,18.0
2025-07-25T08:16:35.779921,ADA-USDT,0.7977,0.7979,271.0,171.0
2025-07-25T08:16:35.779959,AAVE-USDT,287.0,287.06,35.0,40.0
2025-07-25T08:16:35.876372,A-USDT,0.5586,0.5587,90.0,18.0
2025-07-25T08:16:35.876410,AAVE-USDT,287.03,287.04,43.0,20.0
2025-07-25T08:16:35.877209,ALGO-USDT,0.2575,0.2577,617.0,1071.0
2025-07-25T08:16:35.976224,ADA-USDT,0.7977,0.7979,271.0,171.0
2025-07-25T08:16:36.078848,ALGO-USDT,0.2576,0.2577,1067.0,1071.0
2025-07-25T08:16:36.078887,ADA-USDT,0.7976,0.7979,128.0,171.0
2025-07-25T08:16:36.184050,A-USDT,0.5586,0.5594,90.0,26.0
2025-07-25T08:16:36.184115,ADA-USDT,0.7977,0.7978,110.0,148.0
2025-07-25T08:16:36.184190,AAVE-USDT,287.06,287.08,152.0,58.0
2025-07-25T08:16:36.184248,ACE-USDT,0.561,0.562,20.0,449.0
2025-07-25T08:16:36.277431,A-USDT,0.5587,0.5594,14.0,26.0
2025-07-25T08:16:36.277469,AAVE-USDT,287.08,287.14,18.0,193.0
2025-07-25T08:16:36.376967,AAVE-USDT,287.08,287.14,198.0,193.0
2025-07-25T08:16:36.476245,AAVE-USDT,287.08,287.14,184.0,193.0
2025-07-25T08:16:36.579937,ACE-USDT,0.561,0.562,20.0,449.0
2025-07-25T08:16:36.579976,AAVE-USDT,287.07,287.14,19.0,193.0
2025-07-25T08:16:36.580004,ALGO-USDT,0.2576,0.2577,1065.0,1071.0
2025-07-25T08:16:36.676112,ACE-USDT,0.561,0.562,20.0,449.0
2025-07-25T08:16:36.676140,AAVE-USDT,287.09,287.14,187.0,193.0
2025-07-25T08:16:36.676415,A-USDT,0.5588,0.5589,87.0,67.0
2025-07-25T08:16:36.676453,ALGO-USDT,0.2576,0.2577,1067.0,205.0
2025-07-25T08:16:36.778327,ADA-USDT,0.7977,0.7979,110.0,171.0
2025-07-25T08:16:36.778379,A-USDT,0.5588,0.5595,87.0,48.0
2025-07-25T08:16:36.876412,ACE-USDT,0.561,0.562,20.0,500.0
2025-07-25T08:16:36.876548,ALGO-USDT,0.2576,0.2577,1065.0,205.0
2025-07-25T08:16:36.876655,ADA-USDT,0.7978,0.798,210.0,221.0
2025-07-25T08:16:36.981646,AAVE-USDT,287.11,287.14,159.0,193.0
2025-07-25T08:16:36.981683,A-USDT,0.5589,0.559,49.0,98.0
2025-07-25T08:16:36.981713,ALGO-USDT,0.2576,0.2578,1065.0,1345.0
2025-07-25T08:16:37.077055,AAVE-USDT,287.12,287.19,48.0,62.0
2025-07-25T08:16:37.077184,ALGO-USDT,0.2577,0.2578,1762.0,1345.0
2025-07-25T08:16:37.375944,ALGO-USDT,0.2577,0.2578,1762.0,1321.0
2025-07-25T08:16:37.375980,AAVE-USDT,287.13,287.19,162.0,62.0
2025-07-25T08:16:37.376010,A-USDT,0.5589,0.5596,49.0,37.0
2025-07-25T08:16:37.475464,ADA-USDT,0.7979,0.798,58.0,221.0
2025-07-25T08:16:37.475685,AAVE-USDT,287.15,287.18,192.0,126.0
2025-07-25T08:16:37.475983,A-USDT,0.5589,0.5596,49.0,37.0
2025-07-25T08:16:37.575470,ADA-USDT,0.7979,0.798,58.0,221.0
2025-07-25T08:16:37.575817,ALGO-USDT,0.2577,0.2578,1762.0,1321.0
2025-07-25T08:16:37.575968,AAVE-USDT,287.15,287.16,192.0,129.0
2025-07-25T08:16:37.777634,AAVE-USDT,287.15,287.16,192.0,127.0
2025-07-25T08:16:37.982567,A-USDT,0.5589,0.5596,49.0,37.0
2025-07-25T08:16:37.982618,AAVE-USDT,287.15,287.19,192.0,62.0
2025-07-25T08:16:38.077472,AAVE-USDT,287.17,287.2,10.0,158.0
2025-07-25T08:16:38.275848,AAVE-USDT,287.17,287.18,10.0,53.0
2025-07-25T08:16:38.514000,ADA-USDT,0.7979,0.7981,58.0,80.0
2025-07-25T08:16:38.575884,ACE-USDT,0.561,0.562,20.0,488.0
2025-07-25T08:16:38.576122,AAVE-USDT,287.17,287.2,10.0,158.0
2025-07-25T08:16:38.577185,ADA-USDT,0.7981,0.7982,110.0,225.0
2025-07-25T08:16:38.676778,ADA-USDT,0.7981,0.7982,99.0,225.0
2025-07-25T08:16:38.676842,AAVE-USDT,287.18,287.2,36.0,158.0
2025-07-25T08:16:38.676867,ALGO-USDT,0.2577,0.2578,1762.0,1321.0
2025-07-25T08:16:38.776894,AAVE-USDT,287.18,287.24,36.0,67.0
2025-07-25T08:16:38.878446,ALGO-USDT,0.2577,0.2578,1762.0,1303.0
2025-07-25T08:16:38.878696,AAVE-USDT,287.18,287.23,36.0,89.0
2025-07-25T08:16:39.090586,AAVE-USDT,287.18,287.23,36.0,89.0
2025-07-25T08:16:39.280552,AAVE-USDT,287.18,287.23,36.0,55.0
2025-07-25T08:16:39.280592,A-USDT,0.559,0.5596,95.0,37.0
2025-07-25T08:16:39.376474,AAVE-USDT,287.17,287.23,10.0,55.0
2025-07-25T08:16:39.376511,A-USDT,0.5582,0.5591,88.0,37.0
2025-07-25T08:16:39.376541,ADA-USDT,0.7981,0.7982,38.0,221.0
2025-07-25T08:16:39.476764,AAVE-USDT,287.16,287.18,23.0,14.0
2025-07-25T08:16:39.476828,ADA-USDT,0.798,0.7982,332.0,221.0
2025-07-25T08:16:39.578599,A-USDT,0.5583,0.5591,64.0,37.0
2025-07-25T08:16:39.578652,AAVE-USDT,287.11,287.14,10.0,19.0
2025-07-25T08:16:39.685504,AAVE-USDT,287.13,287.15,128.0,11.0
2025-07-25T08:16:39.685541,ADA-USDT,0.7982,0.7983,151.0,151.0
2025-07-25T08:16:39.776315,AAVE-USDT,287.14,287.16,178.0,10.0
2025-07-25T08:16:39.879836,A-USDT,0.559,0.5591,70.0,37.0
2025-07-25T08:16:39.976270,ADA-USDT,0.7981,0.7983,320.0,151.0
2025-07-25T08:16:39.976312,AAVE-USDT,287.14,287.15,178.0,12.0
2025-07-25T08:16:40.079961,AAVE-USDT,287.15,287.16,62.0,10.0
2025-07-25T08:16:40.175676,ADA-USDT,0.798,0.7982,332.0,162.0
2025-07-25T08:16:40.276377,ADA-USDT,0.7981,0.7982,108.0,115.0
2025-07-25T08:16:40.376199,AAVE-USDT,287.14,287.15,178.0,92.0
2025-07-25T08:16:40.482872,AAVE-USDT,287.15,287.16,80.0,12.0
2025-07-25T08:16:40.875875,AAVE-USDT,287.14,287.16,178.0,12.0
2025-07-25T08:16:40.975744,ALGO-USDT,0.2576,0.2578,1065.0,1303.0
2025-07-25T08:16:40.976054,ADA-USDT,0.798,0.7982,332.0,115.0
2025-07-25T08:16:40.976580,AAVE-USDT,287.13,287.15,128.0,15.0
2025-07-25T08:16:41.076705,ALGO-USDT,0.2577,0.2578,115.0,1302.0
2025-07-25T08:16:41.076744,ADA-USDT,0.798,0.7981,74.0,146.0
2025-07-25T08:16:41.175718,AAVE-USDT,287.11,287.14,10.0,14.0
2025-07-25T08:16:41.275716,ALGO-USDT,0.2576,0.2578,1065.0,1302.0
2025-07-25T08:16:41.383508,AAVE-USDT,287.1,287.14,17.0,14.0
2025-07-25T08:16:41.383547,ALGO-USDT,0.2576,0.2577,1065.0,893.0
2025-07-25T08:16:41.475466,AAVE-USDT,287.09,287.13,10.0,24.0
2025-07-25T08:16:41.776935,ADA-USDT,0.798,0.7981,74.0,139.0
2025-07-25T08:16:42.076080,ADA-USDT,0.798,0.7982,74.0,115.0
2025-07-25T08:16:42.175651,ADA-USDT,0.7981,0.7982,299.0,115.0
2025-07-25T08:16:42.278843,ALGO-USDT,0.2576,0.2578,1065.0,1302.0
2025-07-25T08:16:42.279426,ADA-USDT,0.7981,0.7983,299.0,151.0
2025-07-25T08:16:42.377072,ALGO-USDT,0.2577,0.2578,720.0,1302.0
2025-07-25T08:16:42.377167,ADA-USDT,0.7982,0.7983,403.0,151.0
2025-07-25T08:16:42.377211,ACE-USDT,0.561,0.562,20.0,486.0
2025-07-25T08:16:42.475951,AAVE-USDT,287.1,287.13,177.0,24.0
2025-07-25T08:16:42.577377,ADA-USDT,0.7981,0.7983,299.0,151.0
2025-07-25T08:16:42.577421,ACE-USDT,0.561,0.562,20.0,486.0
2025-07-25T08:16:42.577451,AAVE-USDT,287.09,287.11,10.0,107.0
2025-07-25T08:16:42.676304,ADA-USDT,0.7982,0.7983,85.0,151.0
2025-07-25T08:16:42.676342,AAVE-USDT,287.09,287.12,10.0,72.0
2025-07-25T08:16:42.776419,ALGO-USDT,0.2577,0.2578,1295.0,1302.0
2025-07-25T08:16:42.878774,AAVE-USDT,287.12,287.13,109.0,113.0
2025-07-25T08:16:43.197631,ADA-USDT,0.7982,0.7983,85.0,151.0
2025-07-25T08:16:43.376028,ADA-USDT,0.7982,0.7983,85.0,130.0
2025-07-25T08:16:43.476165,AAVE-USDT,287.11,287.12,149.0,155.0
2025-07-25T08:16:43.586073,ALGO-USDT,0.2576,0.2578,1065.0,1302.0
2025-07-25T08:16:43.676167,AAVE-USDT,287.11,287.13,149.0,113.0
2025-07-25T08:16:43.782573,ADA-USDT,0.7982,0.7983,85.0,130.0
2025-07-25T08:16:43.782614,AAVE-USDT,287.12,287.13,36.0,113.0
2025-07-25T08:16:43.880325,ALGO-USDT,0.2577,0.2578,106.0,1302.0
2025-07-25T08:16:44.083107,ADA-USDT,0.7982,0.7983,85.0,129.0
2025-07-25T08:16:44.203344,AAVE-USDT,287.11,287.13,149.0,113.0
2025-07-25T08:16:44.275910,ADA-USDT,0.7982,0.7984,85.0,177.0
2025-07-25T08:16:44.275955,AAVE-USDT,287.1,287.12,35.0,17.0
2025-07-25T08:16:44.475950,ADA-USDT,0.7983,0.7985,295.0,270.0
2025-07-25T08:16:44.579962,ADA-USDT,0.7984,0.7985,343.0,270.0
2025-07-25T08:16:44.580004,AAVE-USDT,287.1,287.11,35.0,157.0
2025-07-25T08:16:44.678964,ADA-USDT,0.7984,0.7986,343.0,159.0
2025-07-25T08:16:44.779662,AAVE-USDT,287.1,287.12,35.0,17.0
2025-07-25T08:16:44.779701,ADA-USDT,0.7985,0.7986,137.0,159.0
2025-07-25T08:16:44.876400,AAVE-USDT,287.1,287.11,35.0,112.0
2025-07-25T08:16:45.177536,ADA-USDT,0.7985,0.7986,137.0,159.0
2025-07-25T08:16:45.276620,AAVE-USDT,287.1,287.11,35.0,26.0
2025-07-25T08:16:45.475380,ADA-USDT,0.7985,0.7986,71.0,159.0
2025-07-25T08:16:45.776169,AAVE-USDT,287.1,287.13,35.0,113.0
2025-07-25T08:16:46.176006,AAVE-USDT,287.12,287.13,187.0,113.0
2025-07-25T08:16:46.776289,A-USDT,0.559,0.5597,70.0,22.0
2025-07-25T08:16:46.877389,AAVE-USDT,287.11,287.13,109.0,113.0
2025-07-25T08:16:46.877708,A-USDT,0.5591,0.5592,64.0,11.0
2025-07-25T08:16:46.982896,AAVE-USDT,287.12,287.13,14.0,113.0
2025-07-25T08:16:47.276557,ADA-USDT,0.7986,0.7987,289.0,248.0
2025-07-25T08:16:47.276652,AAVE-USDT,287.12,287.13,14.0,113.0
2025-07-25T08:16:47.377290,AAVE-USDT,287.12,287.13,7.0,113.0
2025-07-25T08:16:47.576423,ADA-USDT,0.7986,0.7988,289.0,194.0
2025-07-25T08:16:47.680266,ADA-USDT,0.7987,0.7988,51.0,194.0
2025-07-25T08:16:47.680341,ALGO-USDT,0.2577,0.2579,106.0,1255.0
2025-07-25T08:16:47.776949,ACE-USDT,0.561,0.562,20.0,485.0
2025-07-25T08:16:47.876655,ALGO-USDT,0.2577,0.2578,106.0,139.0
2025-07-25T08:16:47.976031,A-USDT,0.5591,0.5592,64.0,10.0
2025-07-25T08:16:48.078505,ACE-USDT,0.561,0.562,20.0,485.0
2025-07-25T08:16:48.078611,ALGO-USDT,0.2577,0.2578,106.0,139.0
2025-07-25T08:16:48.176703,AAVE-USDT,287.13,287.17,67.0,187.0
2025-07-25T08:16:48.276476,ALGO-USDT,0.2577,0.2578,106.0,137.0
2025-07-25T08:16:48.380020,AAVE-USDT,287.13,287.14,67.0,187.0
2025-07-25T08:16:48.581750,A-USDT,0.5591,0.5598,64.0,11.0
2025-07-25T08:16:48.581809,AAVE-USDT,287.13,287.17,67.0,187.0
2025-07-25T08:16:48.581839,ADA-USDT,0.7987,0.7989,51.0,194.0
2025-07-25T08:16:48.581863,ALGO-USDT,0.2577,0.2579,106.0,1255.0
2025-07-25T08:16:48.675802,A-USDT,0.5592,0.5593,14.0,27.0
2025-07-25T08:16:48.676191,ALGO-USDT,0.2578,0.2579,1963.0,1255.0
2025-07-25T08:16:48.678189,ADA-USDT,0.7988,0.799,283.0,235.0
2025-07-25T08:16:48.784101,ADA-USDT,0.7989,0.799,182.0,235.0
2025-07-25T08:16:48.880976,AAVE-USDT,287.17,287.24,142.0,42.0
2025-07-25T08:16:48.881016,ADA-USDT,0.7989,0.7991,182.0,189.0
2025-07-25T08:16:48.976068,ADA-USDT,0.799,0.7991,8.0,189.0
2025-07-25T08:16:48.976431,AAVE-USDT,287.18,287.19,159.0,146.0
2025-07-25T08:16:49.076622,ALGO-USDT,0.2578,0.2579,1963.0,1255.0
2025-07-25T08:16:49.077381,AAVE-USDT,287.18,287.2,159.0,180.0
2025-07-25T08:16:49.077752,ADA-USDT,0.7989,0.7991,182.0,189.0
2025-07-25T08:16:49.194221,AAVE-USDT,287.18,287.24,159.0,42.0
2025-07-25T08:16:49.194268,A-USDT,0.5592,0.5599,12.0,16.0
2025-07-25T08:16:49.194309,ADA-USDT,0.799,0.7992,194.0,237.0
2025-07-25T08:16:49.277255,AAVE-USDT,287.21,287.24,165.0,42.0
2025-07-25T08:16:49.277293,ADA-USDT,0.7991,0.7992,148.0,237.0
2025-07-25T08:16:49.277322,A-USDT,0.5593,0.5594,11.0,15.0
2025-07-25T08:16:49.376445,AAVE-USDT,287.22,287.26,100.0,105.0
2025-07-25T08:16:49.376492,ALGO-USDT,0.2578,0.2579,1944.0,1255.0
2025-07-25T08:16:49.376886,A-USDT,0.5593,0.56,11.0,81.0
2025-07-25T08:16:49.478171,AAVE-USDT,287.24,287.33,131.0,51.0
2025-07-25T08:16:49.579003,ALGO-USDT,0.2578,0.258,1944.0,1595.0
2025-07-25T08:16:49.579043,AAVE-USDT,287.24,287.3,131.0,83.0
2025-07-25T08:16:49.579072,A-USDT,0.5593,0.56,11.0,81.0
2025-07-25T08:16:49.679906,ADA-USDT,0.7991,0.7992,148.0,237.0
2025-07-25T08:16:49.776471,A-USDT,0.5594,0.56,34.0,81.0
2025-07-25T08:16:49.776655,AAVE-USDT,287.27,287.3,159.0,83.0
2025-07-25T08:16:49.882640,A-USDT,0.5594,0.5595,34.0,61.0
2025-07-25T08:16:49.882677,ADA-USDT,0.7991,0.7993,133.0,229.0
2025-07-25T08:16:49.882705,AAVE-USDT,287.27,287.33,159.0,51.0
2025-07-25T08:16:49.976845,ADA-USDT,0.7992,0.7993,259.0,229.0
2025-07-25T08:16:49.976887,AAVE-USDT,287.27,287.28,159.0,67.0
2025-07-25T08:16:50.101463,ACE-USDT,0.561,0.562,20.0,282.0
2025-07-25T08:16:50.101707,ADA-USDT,0.7991,0.7993,133.0,229.0
2025-07-25T08:16:50.101908,AAVE-USDT,287.27,287.28,159.0,63.0
2025-07-25T08:16:50.277213,ADA-USDT,0.7991,0.7992,133.0,132.0
2025-07-25T08:16:50.379888,ALGO-USDT,0.2579,0.258,1205.0,1595.0
2025-07-25T08:16:50.576945,ADA-USDT,0.7991,0.7992,133.0,126.0
2025-07-25T08:16:50.579609,ACE-USDT,0.561,0.562,20.0,282.0
2025-07-25T08:16:50.976704,ALGO-USDT,0.2579,0.258,1205.0,1592.0
2025-07-25T08:16:50.976742,AAVE-USDT,287.27,287.32,159.0,15.0
2025-07-25T08:16:51.076340,ADA-USDT,0.7991,0.7992,133.0,126.0
2025-07-25T08:16:51.076377,AAVE-USDT,287.29,287.3,35.0,151.0
2025-07-25T08:16:51.176543,AAVE-USDT,287.29,287.31,35.0,1.0
2025-07-25T08:16:51.278093,AAVE-USDT,287.3,287.33,82.0,51.0
2025-07-25T08:16:51.376468,AAVE-USDT,287.3,287.31,82.0,122.0
2025-07-25T08:16:51.376506,ALGO-USDT,0.2579,0.258,1205.0,1592.0
2025-07-25T08:16:51.476860,ADA-USDT,0.7991,0.7992,133.0,126.0
2025-07-25T08:16:51.476899,AAVE-USDT,287.28,287.31,11.0,122.0
2025-07-25T08:16:51.575906,AAVE-USDT,287.24,287.28,131.0,10.0
2025-07-25T08:16:51.695177,AAVE-USDT,287.24,287.27,131.0,17.0
2025-07-25T08:16:51.695233,ADA-USDT,0.7991,0.7992,133.0,125.0
2025-07-25T08:16:51.776019,ADA-USDT,0.7991,0.7993,133.0,229.0
2025-07-25T08:16:51.875541,ADA-USDT,0.7992,0.7993,258.0,229.0
2025-07-25T08:16:52.183326,AAVE-USDT,287.26,287.27,146.0,17.0
2025-07-25T08:16:52.276021,ADA-USDT,0.7992,0.7994,70.0,176.0
2025-07-25T08:16:52.375772,ADA-USDT,0.7993,0.7994,161.0,176.0
2025-07-25T08:16:52.482332,ACE-USDT,0.561,0.562,20.0,281.0
2025-07-25T08:16:52.482386,AAVE-USDT,287.26,287.28,146.0,10.0
2025-07-25T08:16:52.579876,ACE-USDT,0.561,0.562,20.0,281.0
2025-07-25T08:16:52.579919,AAVE-USDT,287.32,287.33,182.0,51.0
2025-07-25T08:16:52.675327,ADA-USDT,0.7993,0.7994,161.0,142.0
2025-07-25T08:16:52.675608,AAVE-USDT,287.32,287.33,166.0,51.0
2025-07-25T08:16:52.776597,ALGO-USDT,0.2579,0.258,1205.0,1588.0
2025-07-25T08:16:52.876097,ALGO-USDT,0.258,0.2581,1109.0,436.0
2025-07-25T08:16:53.076431,A-USDT,0.5594,0.5601,34.0,245.0
2025-07-25T08:16:53.076448,ACE-USDT,0.561,0.562,20.0,500.0
2025-07-25T08:16:53.076464,ADA-USDT,0.7993,0.7994,161.0,142.0
2025-07-25T08:16:53.176996,A-USDT,0.5595,0.5596,95.0,64.0
2025-07-25T08:16:53.275344,ALGO-USDT,0.2579,0.2581,1205.0,436.0
2025-07-25T08:16:53.392807,ALGO-USDT,0.258,0.2581,353.0,436.0
2025-07-25T08:16:53.392847,AAVE-USDT,287.31,287.33,10.0,51.0
2025-07-25T08:16:53.475838,AAVE-USDT,287.3,287.33,192.0,51.0
2025-07-25T08:16:53.775989,AAVE-USDT,287.32,287.33,158.0,51.0
2025-07-25T08:16:54.179558,ALGO-USDT,0.258,0.2581,353.0,436.0
2025-07-25T08:16:54.519669,ALGO-USDT,0.258,0.2581,353.0,435.0
2025-07-25T08:16:54.519818,ADA-USDT,0.7993,0.7994,161.0,142.0
2025-07-25T08:16:54.587296,AAVE-USDT,287.3,287.33,192.0,51.0
2025-07-25T08:16:54.675480,ACE-USDT,0.561,0.563,20.0,305.0
2025-07-25T08:16:54.687375,ADA-USDT,0.7993,0.7994,161.0,141.0
2025-07-25T08:16:54.875374,ACE-USDT,0.562,0.563,95.0,305.0
2025-07-25T08:16:55.075651,AAVE-USDT,287.32,287.33,11.0,51.0
2025-07-25T08:16:55.187166,ACE-USDT,0.562,0.563,95.0,305.0
2025-07-25T08:16:55.377204,ACE-USDT,0.562,0.563,95.0,296.0
2025-07-25T08:16:55.577878,ALGO-USDT,0.258,0.2581,353.0,433.0
2025-07-25T08:16:56.382940,ADA-USDT,0.7993,0.7995,161.0,183.0
2025-07-25T08:16:56.382979,ALGO-USDT,0.258,0.2581,353.0,433.0
2025-07-25T08:16:56.479365,AAVE-USDT,287.32,287.36,11.0,140.0
2025-07-25T08:16:56.479407,ADA-USDT,0.7994,0.7995,39.0,183.0
2025-07-25T08:16:56.576878,AAVE-USDT,287.34,287.35,19.0,105.0
2025-07-25T08:16:56.676179,ADA-USDT,0.7994,0.7996,39.0,160.0
2025-07-25T08:16:56.776518,ADA-USDT,0.7995,0.7996,77.0,160.0
2025-07-25T08:16:56.975058,AAVE-USDT,287.34,287.35,8.0,105.0
2025-07-25T08:16:56.975331,ADA-USDT,0.7995,0.7996,77.0,121.0
2025-07-25T08:16:57.076417,AAVE-USDT,287.34,287.35,8.0,105.0
2025-07-25T08:16:57.076529,A-USDT,0.5595,0.5596,95.0,64.0
2025-07-25T08:16:57.280377,A-USDT,0.5595,0.5602,95.0,67.0
2025-07-25T08:16:57.280417,ACE-USDT,0.561,0.563,20.0,296.0
2025-07-25T08:16:57.387936,AAVE-USDT,287.34,287.38,8.0,61.0
2025-07-25T08:16:57.387976,ACE-USDT,0.561,0.562,20.0,500.0
2025-07-25T08:16:57.388000,ADA-USDT,0.7996,0.7997,162.0,375.0
2025-07-25T08:16:57.477176,AAVE-USDT,287.41,287.45,144.0,111.0
2025-07-25T08:16:57.477213,A-USDT,0.5596,0.5598,80.0,55.0
2025-07-25T08:16:57.477242,ACE-USDT,0.561,0.562,20.0,486.0
2025-07-25T08:16:57.590772,A-USDT,0.5597,0.5598,75.0,55.0
2025-07-25T08:16:57.592096,ALGO-USDT,0.258,0.2582,353.0,1915.0
2025-07-25T08:16:57.679448,AAVE-USDT,287.45,287.46,199.0,192.0
2025-07-25T08:16:57.679532,ALGO-USDT,0.2581,0.2582,1193.0,1915.0
2025-07-25T08:16:57.786606,AAVE-USDT,287.4,287.44,82.0,28.0
2025-07-25T08:16:57.786647,A-USDT,0.5597,0.5598,51.0,55.0
2025-07-25T08:16:57.876570,AAVE-USDT,287.38,287.42,59.0,16.0
2025-07-25T08:16:57.876636,ALGO-USDT,0.2581,0.2582,1141.0,1915.0
2025-07-25T08:16:58.076075,AAVE-USDT,287.38,287.42,59.0,16.0
2025-07-25T08:16:58.077074,ACE-USDT,0.561,0.562,20.0,486.0
2025-07-25T08:16:58.077097,ALGO-USDT,0.258,0.2582,353.0,1915.0
2025-07-25T08:16:58.175684,ADA-USDT,0.7996,0.7997,160.0,375.0
2025-07-25T08:16:58.276570,ALGO-USDT,0.2581,0.2582,369.0,1915.0
2025-07-25T08:16:58.593538,ADA-USDT,0.7996,0.7997,160.0,375.0
2025-07-25T08:16:58.976093,ADA-USDT,0.7996,0.7997,160.0,374.0
2025-07-25T08:16:59.075274,ADA-USDT,0.7996,0.7997,160.0,374.0
2025-07-25T08:16:59.176715,ACE-USDT,0.561,0.563,20.0,296.0
2025-07-25T08:16:59.176758,AAVE-USDT,287.38,287.42,59.0,16.0
2025-07-25T08:16:59.285505,ADA-USDT,0.7995,0.7997,77.0,374.0
2025-07-25T08:16:59.285551,AAVE-USDT,287.37,287.42,108.0,16.0
2025-07-25T08:16:59.382462,ACE-USDT,0.562,0.563,92.0,296.0
2025-07-25T08:16:59.382534,AAVE-USDT,287.34,287.39,54.0,28.0
2025-07-25T08:16:59.588351,AAVE-USDT,287.38,287.39,10.0,28.0
2025-07-25T08:16:59.588397,ADA-USDT,0.7996,0.7997,280.0,374.0
2025-07-25T08:16:59.876190,ADA-USDT,0.7996,0.7997,264.0,374.0
2025-07-25T08:16:59.995159,AAVE-USDT,287.36,287.39,86.0,28.0
2025-07-25T08:17:00.176073,A-USDT,0.559,0.5598,56.0,55.0
2025-07-25T08:17:00.278146,AAVE-USDT,287.33,287.34,135.0,178.0
2025-07-25T08:17:00.278189,ALGO-USDT,0.2581,0.2582,369.0,1914.0
2025-07-25T08:17:00.278216,A-USDT,0.5596,0.5598,85.0,55.0
2025-07-25T08:17:00.376019,AAVE-USDT,287.3,287.34,22.0,178.0
2025-07-25T08:17:00.376551,ADA-USDT,0.7995,0.7997,77.0,374.0
2025-07-25T08:17:00.376597,A-USDT,0.5589,0.5597,80.0,13.0
2025-07-25T08:17:00.476035,ALGO-USDT,0.258,0.2581,353.0,1120.0
2025-07-25T08:17:00.477711,AAVE-USDT,287.3,287.34,22.0,171.0
2025-07-25T08:17:00.478108,ADA-USDT,0.7996,0.7997,86.0,374.0
2025-07-25T08:17:00.478141,A-USDT,0.5588,0.5597,26.0,13.0
2025-07-25T08:17:00.581615,AAVE-USDT,287.28,287.34,17.0,171.0
2025-07-25T08:17:00.581660,A-USDT,0.5595,0.5597,13.0,13.0
2025-07-25T08:17:00.581690,ACE-USDT,0.561,0.563,20.0,296.0
2025-07-25T08:17:00.676035,ADA-USDT,0.7995,0.7996,77.0,233.0
2025-07-25T08:17:00.676075,AAVE-USDT,287.29,287.34,25.0,171.0
2025-07-25T08:17:00.785367,AAVE-USDT,287.3,287.34,49.0,171.0
2025-07-25T08:17:00.785404,ADA-USDT,0.7994,0.7996,39.0,233.0
2025-07-25T08:17:00.785429,ACE-USDT,0.562,0.563,11.0,296.0
2025-07-25T08:17:00.881761,ADA-USDT,0.7995,0.7996,24.0,233.0
2025-07-25T08:17:00.975319,ADA-USDT,0.7995,0.7997,22.0,374.0
2025-07-25T08:17:01.176593,AAVE-USDT,287.29,287.34,25.0,171.0
2025-07-25T08:17:01.176746,A-USDT,0.5595,0.5603,13.0,51.0
2025-07-25T08:17:01.276452,ADA-USDT,0.7996,0.7997,120.0,374.0
2025-07-25T08:17:01.276502,AAVE-USDT,287.31,287.32,58.0,12.0
2025-07-25T08:17:01.276534,A-USDT,0.5595,0.5596,13.0,62.0
2025-07-25T08:17:01.377560,ACE-USDT,0.561,0.563,20.0,296.0
2025-07-25T08:17:01.377599,AAVE-USDT,287.31,287.32,55.0,12.0
2025-07-25T08:17:01.475457,ACE-USDT,0.561,0.562,20.0,6.0
2025-07-25T08:17:01.475654,ADA-USDT,0.7996,0.7998,120.0,256.0
2025-07-25T08:17:01.575542,AAVE-USDT,287.31,287.34,55.0,171.0
2025-07-25T08:17:01.575857,ADA-USDT,0.7997,0.7998,267.0,256.0
2025-07-25T08:17:01.576140,A-USDT,0.5595,0.5603,13.0,51.0
2025-07-25T08:17:01.576179,ALGO-USDT,0.258,0.2581,353.0,1117.0
2025-07-25T08:17:01.681594,AAVE-USDT,287.36,287.37,25.0,13.0
2025-07-25T08:17:01.681630,A-USDT,0.5596,0.5597,30.0,15.0
2025-07-25T08:17:01.775391,ADA-USDT,0.7997,0.7998,267.0,256.0
2025-07-25T08:17:01.775429,ACE-USDT,0.562,0.563,161.0,296.0
2025-07-25T08:17:01.876168,ADA-USDT,0.7997,0.7999,250.0,59.0
2025-07-25T08:17:01.876598,AAVE-USDT,287.37,287.38,131.0,79.0
2025-07-25T08:17:01.993714,ADA-USDT,0.7998,0.7999,200.0,59.0
2025-07-25T08:17:02.076719,AAVE-USDT,287.37,287.39,131.0,28.0
2025-07-25T08:17:02.178185,AAVE-USDT,287.38,287.4,187.0,12.0
2025-07-25T08:17:02.276674,AAVE-USDT,287.39,287.4,40.0,12.0
2025-07-25T08:17:02.378271,ALGO-USDT,0.258,0.2581,353.0,1117.0
2025-07-25T08:17:02.594203,AAVE-USDT,287.39,287.4,40.0,3.0
2025-07-25T08:17:02.786643,AAVE-USDT,287.38,287.4,187.0,3.0
2025-07-25T08:17:02.876095,AAVE-USDT,287.33,287.35,126.0,18.0
2025-07-25T08:17:02.876360,ADA-USDT,0.7998,0.7999,66.0,59.0
2025-07-25T08:17:02.975838,AAVE-USDT,287.32,287.35,12.0,18.0
2025-07-25T08:17:03.075558,AAVE-USDT,287.32,287.33,12.0,10.0
2025-07-25T08:17:03.075881,ADA-USDT,0.7997,0.7999,250.0,59.0
2025-07-25T08:17:03.177366,AAVE-USDT,287.32,287.34,12.0,39.0
2025-07-25T08:17:03.177413,ADA-USDT,0.7997,0.7998,250.0,168.0
2025-07-25T08:17:03.276129,A-USDT,0.5589,0.5597,42.0,15.0
2025-07-25T08:17:03.276438,AAVE-USDT,287.32,287.37,12.0,16.0
2025-07-25T08:17:03.276693,ADA-USDT,0.7997,0.7998,250.0,133.0
2025-07-25T08:17:03.695327,ACE-USDT,0.562,0.563,161.0,295.0
2025-07-25T08:17:03.695367,A-USDT,0.5596,0.5597,93.0,15.0
2025-07-25T08:17:03.900076,AAVE-USDT,287.36,287.37,83.0,16.0
2025-07-25T08:17:04.080427,ACE-USDT,0.562,0.563,161.0,295.0
2025-07-25T08:17:04.080476,ALGO-USDT,0.258,0.2582,353.0,1914.0
2025-07-25T08:17:04.175892,AAVE-USDT,287.38,287.4,133.0,3.0
2025-07-25T08:17:04.275877,ALGO-USDT,0.258,0.2581,353.0,56.0
2025-07-25T08:17:04.276108,AAVE-USDT,287.37,287.4,94.0,3.0
2025-07-25T08:17:04.276302,ADA-USDT,0.7994,0.7996,39.0,147.0
2025-07-25T08:17:04.375998,ADA-USDT,0.7994,0.7995,39.0,179.0
2025-07-25T08:17:04.376085,AAVE-USDT,287.36,287.39,83.0,14.0
2025-07-25T08:17:04.480380,ADA-USDT,0.7993,0.7995,161.0,179.0
2025-07-25T08:17:04.480420,AAVE-USDT,287.34,287.37,17.0,10.0
2025-07-25T08:17:04.590509,ADA-USDT,0.7991,0.7993,133.0,200.0
2025-07-25T08:17:04.675321,ADA-USDT,0.7991,0.7992,133.0,144.0
2025-07-25T08:17:04.675666,ALGO-USDT,0.2579,0.2581,1205.0,56.0
2025-07-25T08:17:04.675968,AAVE-USDT,287.33,287.37,11.0,7.0
2025-07-25T08:17:04.778607,ALGO-USDT,0.2579,0.258,1205.0,1053.0
2025-07-25T08:17:04.977642,ALGO-USDT,0.2579,0.258,1205.0,1053.0
2025-07-25T08:17:05.075920,AAVE-USDT,287.33,287.37,11.0,7.0
2025-07-25T08:17:05.380363,ALGO-USDT,0.2579,0.258,1205.0,1026.0
2025-07-25T08:17:05.380401,ADA-USDT,0.7991,0.7993,133.0,200.0
2025-07-25T08:17:05.475928,AAVE-USDT,287.36,287.37,39.0,7.0
2025-07-25T08:17:05.475969,ADA-USDT,0.7992,0.7993,54.0,200.0
2025-07-25T08:17:05.696874,AAVE-USDT,287.33,287.37,11.0,7.0
2025-07-25T08:17:05.876154,AAVE-USDT,287.36,287.37,171.0,7.0
2025-07-25T08:17:06.375735,ADA-USDT,0.7992,0.7993,4.0,200.0
2025-07-25T08:17:06.376172,AAVE-USDT,287.34,287.37,57.0,7.0
2025-07-25T08:17:06.481827,AAVE-USDT,287.33,287.34,115.0,135.0
2025-07-25T08:17:06.577225,ADA-USDT,0.7992,0.7993,4.0,200.0
2025-07-25T08:17:06.678439,AAVE-USDT,287.29,287.34,182.0,135.0
2025-07-25T08:17:06.802871,ADA-USDT,0.7991,0.7992,133.0,145.0
2025-07-25T08:17:06.802911,AAVE-USDT,287.33,287.34,24.0,135.0
2025-07-25T08:17:06.877098,A-USDT,0.5589,0.5597,42.0,15.0
2025-07-25T08:17:06.975759,AAVE-USDT,287.33,287.34,24.0,131.0
2025-07-25T08:17:06.976029,ADA-USDT,0.799,0.7992,194.0,145.0
2025-07-25T08:17:07.076299,AAVE-USDT,287.33,287.34,24.0,131.0
2025-07-25T08:17:07.175327,ALGO-USDT,0.2578,0.258,1944.0,1026.0
2025-07-25T08:17:07.281107,ALGO-USDT,0.2579,0.258,130.0,1026.0
2025-07-25T08:17:07.281149,A-USDT,0.5589,0.5595,42.0,1.0
2025-07-25T08:17:07.493306,A-USDT,0.5589,0.5597,42.0,15.0
2025-07-25T08:17:07.493363,ACE-USDT,0.562,0.563,161.0,288.0
2025-07-25T08:17:07.493389,AAVE-USDT,287.33,287.35,24.0,11.0
2025-07-25T08:17:07.576263,ADA-USDT,0.7991,0.7992,352.0,145.0
2025-07-25T08:17:07.576447,A-USDT,0.5596,0.5597,10.0,15.0
2025-07-25T08:17:07.680632,ADA-USDT,0.7991,0.7992,346.0,145.0
2025-07-25T08:17:07.680671,AAVE-USDT,287.33,287.37,24.0,7.0
2025-07-25T08:17:07.931740,AAVE-USDT,287.33,287.34,24.0,12.0
2025-07-25T08:17:07.931795,ADA-USDT,0.7991,0.7993,346.0,200.0
2025-07-25T08:17:07.977294,ADA-USDT,0.7992,0.7993,221.0,200.0
2025-07-25T08:17:08.082215,ACE-USDT,0.562,0.563,161.0,288.0
2025-07-25T08:17:08.082255,AAVE-USDT,287.33,287.34,24.0,11.0
2025-07-25T08:17:08.082295,ADA-USDT,0.7992,0.7994,221.0,255.0
2025-07-25T08:17:08.082329,A-USDT,0.5589,0.5597,42.0,15.0
2025-07-25T08:17:08.189912,ACE-USDT,0.562,0.563,161.0,282.0
2025-07-25T08:17:08.277264,ADA-USDT,0.7993,0.7994,151.0,255.0
2025-07-25T08:17:08.376752,AAVE-USDT,287.33,287.37,24.0,7.0
2025-07-25T08:17:08.482262,AAVE-USDT,287.36,287.37,10.0,7.0
2025-07-25T08:17:08.606394,ACE-USDT,0.562,0.563,161.0,282.0
2025-07-25T08:17:08.783581,ADA-USDT,0.7993,0.7995,151.0,179.0
2025-07-25T08:17:08.783633,ALGO-USDT,0.2579,0.258,128.0,1026.0
2025-07-25T08:17:08.875533,ADA-USDT,0.7994,0.7995,173.0,179.0
2025-07-25T08:17:08.875890,ALGO-USDT,0.258,0.2581,949.0,56.0
2025-07-25T08:17:08.975350,ADA-USDT,0.7994,0.7995,173.0,179.0
2025-07-25T08:17:09.275972,A-USDT,0.5596,0.5597,98.0,15.0
2025-07-25T08:17:09.276299,AAVE-USDT,287.36,287.37,7.0,7.0
2025-07-25T08:17:09.377991,ALGO-USDT,0.258,0.2581,949.0,56.0
2025-07-25T08:17:09.378043,AAVE-USDT,287.35,287.37,110.0,7.0
2025-07-25T08:17:09.575807,ADA-USDT,0.7994,0.7995,173.0,178.0
2025-07-25T08:17:09.575844,ALGO-USDT,0.258,0.2581,948.0,56.0
2025-07-25T08:17:09.575874,AAVE-USDT,287.36,287.37,156.0,7.0
2025-07-25T08:17:09.975773,AAVE-USDT,287.36,287.4,156.0,3.0
2025-07-25T08:17:09.976078,ADA-USDT,0.7994,0.7996,173.0,147.0
2025-07-25T08:17:10.076441,AAVE-USDT,287.39,287.4,88.0,3.0
2025-07-25T08:17:10.077088,A-USDT,0.5596,0.5603,98.0,51.0
2025-07-25T08:17:10.077125,ADA-USDT,0.7994,0.7996,173.0,147.0
2025-07-25T08:17:10.176184,ADA-USDT,0.7996,0.7997,213.0,451.0
2025-07-25T08:17:10.278851,A-USDT,0.5597,0.5598,77.0,74.0
2025-07-25T08:17:10.375284,ADA-USDT,0.7996,0.7997,213.0,155.0
2025-07-25T08:17:10.475544,AAVE-USDT,287.39,287.4,83.0,3.0
2025-07-25T08:17:10.891235,AAVE-USDT,287.39,287.42,83.0,195.0
2025-07-25T08:17:10.975699,AAVE-USDT,287.39,287.41,83.0,10.0
2025-07-25T08:17:11.090569,AAVE-USDT,287.4,287.41,38.0,10.0
2025-07-25T08:17:11.175568,AAVE-USDT,287.38,287.41,15.0,10.0
2025-07-25T08:17:11.277230,ALGO-USDT,0.2579,0.2581,128.0,56.0
2025-07-25T08:17:11.277268,AAVE-USDT,287.33,287.36,24.0,15.0
2025-07-25T08:17:11.277296,A-USDT,0.559,0.5598,61.0,74.0
2025-07-25T08:17:11.277320,ADA-USDT,0.7992,0.7995,221.0,558.0
2025-07-25T08:17:11.376313,ALGO-USDT,0.2579,0.258,128.0,1172.0
2025-07-25T08:17:11.376368,A-USDT,0.5596,0.5597,13.0,14.0
2025-07-25T08:17:11.377038,ADA-USDT,0.7993,0.7995,50.0,558.0
2025-07-25T08:17:11.475291,ADA-USDT,0.7994,0.7998,458.0,656.0
2025-07-25T08:17:11.475486,ALGO-USDT,0.2579,0.258,128.0,1171.0
2025-07-25T08:17:11.576001,AAVE-USDT,287.33,287.36,24.0,15.0
2025-07-25T08:17:11.577264,ADA-USDT,0.7995,0.7997,347.0,481.0
2025-07-25T08:17:11.676172,ADA-USDT,0.7996,0.7997,338.0,481.0
2025-07-25T08:17:11.775128,AAVE-USDT,287.36,287.38,19.0,20.0
2025-07-25T08:17:11.976159,AAVE-USDT,287.36,287.37,19.0,190.0
2025-07-25T08:17:12.178238,AAVE-USDT,287.36,287.38,19.0,20.0
2025-07-25T08:17:12.178275,A-USDT,0.5596,0.5603,13.0,25.0
2025-07-25T08:17:12.287010,AAVE-USDT,287.36,287.4,19.0,15.0
2025-07-25T08:17:12.287050,ADA-USDT,0.7996,0.7997,134.0,164.0
2025-07-25T08:17:12.378286,AAVE-USDT,287.34,287.37,13.0,5.0
2025-07-25T08:17:12.378330,ACE-USDT,0.562,0.563,161.0,252.0
2025-07-25T08:17:12.378356,A-USDT,0.5596,0.5597,13.0,52.0
2025-07-25T08:17:12.612926,ACE-USDT,0.562,0.563,161.0,252.0
2025-07-25T08:17:12.612963,ALGO-USDT,0.2578,0.258,1944.0,1171.0
2025-07-25T08:17:12.612993,AAVE-USDT,287.33,287.35,24.0,150.0
2025-07-25T08:17:12.676281,ADA-USDT,0.7996,0.7997,134.0,162.0
2025-07-25T08:17:12.676321,AAVE-USDT,287.35,287.37,30.0,5.0
2025-07-25T08:17:12.875361,AAVE-USDT,287.36,287.38,116.0,80.0
2025-07-25T08:17:12.977973,ADA-USDT,0.7996,0.7998,134.0,194.0
2025-07-25T08:17:13.077907,ADA-USDT,0.7998,0.7999,462.0,59.0
2025-07-25T08:17:13.077957,ALGO-USDT,0.2578,0.2579,1944.0,716.0
2025-07-25T08:17:13.197338,AAVE-USDT,287.36,287.4,116.0,15.0
2025-07-25T08:17:13.197378,ADA-USDT,0.7998,0.7999,192.0,59.0
2025-07-25T08:17:13.284885,AAVE-USDT,287.37,287.42,16.0,42.0
2025-07-25T08:17:13.393693,ADA-USDT,0.7997,0.7999,541.0,59.0
2025-07-25T08:17:13.393734,ALGO-USDT,0.2579,0.258,2040.0,1171.0
2025-07-25T08:17:13.475503,AAVE-USDT,287.37,287.42,14.0,42.0
2025-07-25T08:17:13.475867,A-USDT,0.5596,0.5603,13.0,25.0
2025-07-25T08:17:13.475903,ADA-USDT,0.7997,0.7998,47.0,204.0
2025-07-25T08:17:13.588560,A-USDT,0.5597,0.5598,24.0,15.0
2025-07-25T08:17:13.588598,ADA-USDT,0.7996,0.7998,134.0,204.0
2025-07-25T08:17:13.588632,AAVE-USDT,287.37,287.38,14.0,60.0
2025-07-25T08:17:13.675217,ADA-USDT,0.7995,0.7997,347.0,183.0
2025-07-25T08:17:13.775584,AAVE-USDT,287.36,287.38,116.0,60.0
2025-07-25T08:17:13.775884,ADA-USDT,0.7994,0.7996,458.0,327.0
2025-07-25T08:17:13.889915,AAVE-USDT,287.33,287.35,24.0,11.0
2025-07-25T08:17:13.889951,ADA-USDT,0.7993,0.7995,50.0,356.0
2025-07-25T08:17:13.975308,ALGO-USDT,0.2579,0.258,2040.0,1171.0
2025-07-25T08:17:13.975550,ADA-USDT,0.7991,0.7993,346.0,147.0
2025-07-25T08:17:14.076381,AAVE-USDT,287.3,287.35,39.0,11.0
2025-07-25T08:17:14.176713,AAVE-USDT,287.29,287.31,66.0,26.0
2025-07-25T08:17:14.176754,ADA-USDT,0.799,0.7991,71.0,230.0
2025-07-25T08:17:14.176777,A-USDT,0.5596,0.5597,40.0,14.0
2025-07-25T08:17:14.279867,ADA-USDT,0.799,0.7992,71.0,711.0
2025-07-25T08:17:14.382550,A-USDT,0.5596,0.5597,40.0,5.0
2025-07-25T08:17:14.382581,AAVE-USDT,287.29,287.31,66.0,26.0
2025-07-25T08:17:14.382609,ALGO-USDT,0.2578,0.2579,1944.0,1027.0
2025-07-25T08:17:14.382925,ADA-USDT,0.7991,0.7992,182.0,711.0
2025-07-25T08:17:14.576071,AAVE-USDT,287.29,287.31,66.0,23.0
2025-07-25T08:17:14.878271,ADA-USDT,0.799,0.7992,71.0,711.0
2025-07-25T08:17:14.878309,AAVE-USDT,287.3,287.33,94.0,12.0
2025-07-25T08:17:14.976566,ADA-USDT,0.799,0.7991,71.0,162.0
2025-07-25T08:17:14.976622,AAVE-USDT,287.34,287.37,12.0,18.0
2025-07-25T08:17:15.079433,ADA-USDT,0.7989,0.7991,182.0,162.0
2025-07-25T08:17:15.079542,AAVE-USDT,287.35,287.37,199.0,18.0
2025-07-25T08:17:15.179221,ALGO-USDT,0.2577,0.2579,106.0,1027.0
2025-07-25T08:17:15.179283,ADA-USDT,0.7988,0.7989,85.0,215.0
2025-07-25T08:17:15.279138,ADA-USDT,0.7987,0.7989,217.0,215.0
2025-07-25T08:17:15.279178,AAVE-USDT,287.36,287.37,15.0,18.0
2025-07-25T08:17:15.279207,ALGO-USDT,0.2578,0.2579,132.0,1027.0
2025-07-25T08:17:15.409030,AAVE-USDT,287.36,287.4,15.0,132.0
2025-07-25T08:17:15.409067,ADA-USDT,0.7987,0.7988,217.0,139.0
2025-07-25T08:17:15.683358,AAVE-USDT,287.36,287.41,15.0,65.0
2025-07-25T08:17:15.683395,ADA-USDT,0.7987,0.7988,217.0,137.0
2025-07-25T08:17:15.787009,AAVE-USDT,287.4,287.43,10.0,62.0
2025-07-25T08:17:15.891407,AAVE-USDT,287.42,287.43,167.0,62.0
2025-07-25T08:17:16.081984,ADA-USDT,0.7987,0.7988,217.0,137.0
2025-07-25T08:17:16.176285,AAVE-USDT,287.42,287.45,167.0,181.0
2025-07-25T08:17:16.276129,ADA-USDT,0.7986,0.7988,376.0,137.0
2025-07-25T08:17:16.276177,AAVE-USDT,287.43,287.45,4.0,181.0
2025-07-25T08:17:16.376422,ADA-USDT,0.7986,0.7987,58.0,180.0
2025-07-25T08:17:16.475724,AAVE-USDT,287.42,287.45,167.0,181.0
2025-07-25T08:17:16.582732,ADA-USDT,0.7985,0.7987,174.0,180.0
2025-07-25T08:17:16.582770,ACE-USDT,0.562,0.563,161.0,251.0
2025-07-25T08:17:16.582818,AAVE-USDT,287.42,287.44,167.0,91.0
2025-07-25T08:17:16.675574,ALGO-USDT,0.2577,0.2579,106.0,1027.0
2025-07-25T08:17:16.675625,ADA-USDT,0.7984,0.7986,384.0,188.0
2025-07-25T08:17:16.675975,AAVE-USDT,287.41,287.43,21.0,93.0
2025-07-25T08:17:16.676018,ACE-USDT,0.561,0.563,20.0,251.0
2025-07-25T08:17:16.779831,ALGO-USDT,0.2577,0.2578,106.0,461.0
2025-07-25T08:17:16.779872,A-USDT,0.5588,0.5596,26.0,23.0
2025-07-25T08:17:16.779923,AAVE-USDT,287.37,287.39,120.0,13.0
2025-07-25T08:17:16.779961,ADA-USDT,0.7983,0.7985,68.0,248.0
2025-07-25T08:17:16.876473,A-USDT,0.5594,0.5596,47.0,23.0
2025-07-25T08:17:16.876538,ADA-USDT,0.7982,0.7984,24.0,413.0
2025-07-25T08:17:16.877165,AAVE-USDT,287.38,287.39,185.0,13.0
2025-07-25T08:17:16.997755,A-USDT,0.5594,0.5595,47.0,39.0
2025-07-25T08:17:16.997821,ACE-USDT,0.561,0.562,20.0,500.0
2025-07-25T08:17:17.077732,ADA-USDT,0.7982,0.7983,24.0,161.0
2025-07-25T08:17:17.190113,ADA-USDT,0.7982,0.7983,24.0,150.0
2025-07-25T08:17:17.190210,A-USDT,0.5594,0.5595,47.0,39.0
2025-07-25T08:17:17.388817,A-USDT,0.5594,0.5595,47.0,26.0
2025-07-25T08:17:17.475754,AAVE-USDT,287.38,287.4,185.0,12.0
2025-07-25T08:17:17.575930,AAVE-USDT,287.42,287.43,154.0,93.0
2025-07-25T08:17:17.576103,A-USDT,0.5594,0.5601,47.0,36.0
2025-07-25T08:17:17.777044,A-USDT,0.5588,0.5596,73.0,27.0
2025-07-25T08:17:17.777314,AAVE-USDT,287.42,287.43,108.0,93.0
2025-07-25T08:17:17.877755,ALGO-USDT,0.2577,0.2578,106.0,448.0
2025-07-25T08:17:18.107143,AAVE-USDT,287.42,287.43,108.0,93.0
2025-07-25T08:17:18.107184,ACE-USDT,0.561,0.562,20.0,467.0
2025-07-25T08:17:18.175068,AAVE-USDT,287.42,287.46,108.0,126.0
2025-07-25T08:17:18.399190,ADA-USDT,0.7982,0.7983,24.0,147.0
2025-07-25T08:17:18.399227,ALGO-USDT,0.2577,0.2578,106.0,448.0
2025-07-25T08:17:18.399259,AAVE-USDT,287.42,287.43,108.0,127.0
2025-07-25T08:17:18.475248,ADA-USDT,0.7981,0.7982,299.0,191.0
2025-07-25T08:17:18.475523,AAVE-USDT,287.42,287.45,108.0,111.0
2025-07-25T08:17:18.690535,AAVE-USDT,287.43,287.46,26.0,126.0
2025-07-25T08:17:18.776062,AAVE-USDT,287.43,287.47,26.0,112.0
2025-07-25T08:17:18.876212,AAVE-USDT,287.46,287.47,11.0,112.0
2025-07-25T08:17:18.976051,ADA-USDT,0.798,0.7982,98.0,191.0
2025-07-25T08:17:19.075701,ADA-USDT,0.798,0.7981,98.0,230.0
2025-07-25T08:17:19.178068,ADA-USDT,0.798,0.7982,98.0,359.0
2025-07-25T08:17:19.275252,AAVE-USDT,287.48,287.5,52.0,68.0
2025-07-25T08:17:19.275568,ADA-USDT,0.7981,0.7983,69.0,147.0
2025-07-25T08:17:19.275602,ALGO-USDT,0.2577,0.2578,106.0,447.0
2025-07-25T08:17:19.376593,ALGO-USDT,0.2577,0.2578,106.0,447.0
2025-07-25T08:17:19.376630,AAVE-USDT,287.5,287.52,14.0,29.0
2025-07-25T08:17:19.376660,A-USDT,0.5595,0.5596,58.0,27.0
2025-07-25T08:17:19.376693,ADA-USDT,0.7982,0.7984,340.0,413.0
2025-07-25T08:17:19.476564,AAVE-USDT,287.51,287.53,199.0,167.0
2025-07-25T08:17:19.604520,AAVE-USDT,287.52,287.53,156.0,167.0
2025-07-25T08:17:19.604583,ADA-USDT,0.7983,0.7984,140.0,147.0
2025-07-25T08:17:19.676037,AAVE-USDT,287.52,287.56,156.0,152.0
2025-07-25T08:17:19.779499,ADA-USDT,0.7983,0.7984,140.0,104.0
2025-07-25T08:17:19.779540,AAVE-USDT,287.53,287.56,66.0,152.0
2025-07-25T08:17:19.877720,AAVE-USDT,287.53,287.54,66.0,132.0
2025-07-25T08:17:20.206404,AAVE-USDT,287.53,287.57,66.0,82.0
2025-07-25T08:17:20.276430,ADA-USDT,0.7985,0.7986,329.0,188.0
2025-07-25T08:17:20.276468,AAVE-USDT,287.53,287.54,66.0,89.0
2025-07-25T08:17:20.375157,A-USDT,0.5595,0.5602,58.0,57.0
2025-07-25T08:17:20.480755,ADA-USDT,0.7985,0.7987,329.0,180.0
2025-07-25T08:17:20.480815,A-USDT,0.5596,0.5597,30.0,12.0
2025-07-25T08:17:20.574996,ALGO-USDT,0.2577,0.2579,106.0,1027.0
2025-07-25T08:17:20.686566,ADA-USDT,0.7986,0.7987,436.0,180.0
2025-07-25T08:17:20.686605,AAVE-USDT,287.53,287.57,66.0,82.0
2025-07-25T08:17:20.801983,ADA-USDT,0.7985,0.7987,80.0,180.0
2025-07-25T08:17:20.802020,AAVE-USDT,287.49,287.55,13.0,135.0
2025-07-25T08:17:20.802050,A-USDT,0.5589,0.5597,22.0,12.0
2025-07-25T08:17:20.982877,AAVE-USDT,287.49,287.52,13.0,12.0
2025-07-25T08:17:20.982918,A-USDT,0.5588,0.5597,73.0,12.0
2025-07-25T08:17:21.112703,ADA-USDT,0.7986,0.7987,186.0,180.0
2025-07-25T08:17:21.112743,AAVE-USDT,287.47,287.48,69.0,67.0
2025-07-25T08:17:21.176179,A-USDT,0.5598,0.5599,12.0,21.0
2025-07-25T08:17:21.276699,ALGO-USDT,0.2577,0.2578,106.0,979.0
2025-07-25T08:17:21.276744,AAVE-USDT,287.46,287.48,11.0,169.0
2025-07-25T08:17:21.276778,ADA-USDT,0.7985,0.7987,80.0,180.0
2025-07-25T08:17:21.276830,A-USDT,0.5589,0.5598,23.0,18.0
2025-07-25T08:17:21.375566,ALGO-USDT,0.2577,0.2578,106.0,979.0
2025-07-25T08:17:21.375882,AAVE-USDT,287.44,287.45,14.0,15.0
2025-07-25T08:17:21.477542,ADA-USDT,0.7985,0.7986,15.0,271.0
2025-07-25T08:17:21.477582,A-USDT,0.5596,0.5604,34.0,37.0
2025-07-25T08:17:21.588839,AAVE-USDT,287.45,287.46,147.0,10.0
2025-07-25T08:17:21.588885,A-USDT,0.5596,0.5597,34.0,69.0
2025-07-25T08:17:21.681327,AAVE-USDT,287.47,287.48,23.0,169.0
2025-07-25T08:17:21.681374,ADA-USDT,0.7987,0.7988,223.0,137.0
2025-07-25T08:17:21.775646,AAVE-USDT,287.49,287.51,110.0,23.0
2025-07-25T08:17:21.775886,ADA-USDT,0.7987,0.7989,81.0,215.0
2025-07-25T08:17:21.877290,ACE-USDT,0.561,0.562,20.0,462.0
2025-07-25T08:17:21.877337,AAVE-USDT,287.49,287.5,75.0,142.0
2025-07-25T08:17:21.980838,ADA-USDT,0.7987,0.7988,81.0,260.0
2025-07-25T08:17:22.076385,ACE-USDT,0.561,0.562,20.0,462.0
2025-07-25T08:17:22.377238,ALGO-USDT,0.2577,0.2578,106.0,976.0
2025-07-25T08:17:22.481858,ADA-USDT,0.7986,0.7988,587.0,260.0
2025-07-25T08:17:22.575848,ADA-USDT,0.7985,0.7987,15.0,339.0
2025-07-25T08:17:22.575883,ALGO-USDT,0.2577,0.2578,106.0,976.0
2025-07-25T08:17:22.678385,ALGO-USDT,0.2576,0.2578,1065.0,976.0
2025-07-25T08:17:22.775619,ADA-USDT,0.7986,0.7987,230.0,339.0
2025-07-25T08:17:22.881097,ALGO-USDT,0.2577,0.2578,1323.0,976.0
2025-07-25T08:17:22.976074,ADA-USDT,0.7985,0.7987,15.0,339.0
2025-07-25T08:17:22.976113,ALGO-USDT,0.2576,0.2578,1065.0,976.0
2025-07-25T08:17:23.075549,ALGO-USDT,0.2577,0.2578,72.0,976.0
2025-07-25T08:17:23.185524,ADA-USDT,0.7986,0.7987,57.0,339.0
2025-07-25T08:17:23.185566,AAVE-USDT,287.48,287.5,20.0,142.0
2025-07-25T08:17:23.582012,AAVE-USDT,287.45,287.48,147.0,12.0
2025-07-25T08:17:23.674974,A-USDT,0.5596,0.5597,34.0,69.0
2025-07-25T08:17:23.775881,ALGO-USDT,0.2577,0.2578,72.0,969.0
2025-07-25T08:17:23.877036,ACE-USDT,0.561,0.562,20.0,454.0
2025-07-25T08:17:23.992650,A-USDT,0.5596,0.5597,34.0,60.0
2025-07-25T08:17:24.083693,AAVE-USDT,287.47,287.48,86.0,12.0
2025-07-25T08:17:24.083732,ACE-USDT,0.561,0.562,20.0,454.0
2025-07-25T08:17:24.083760,ADA-USDT,0.7986,0.7988,57.0,170.0
2025-07-25T08:17:24.206128,ADA-USDT,0.7988,0.7989,198.0,215.0
2025-07-25T08:17:24.375469,ADA-USDT,0.7987,0.7989,351.0,215.0
2025-07-25T08:17:24.375518,ALGO-USDT,0.2577,0.2578,72.0,969.0
2025-07-25T08:17:24.375549,AAVE-USDT,287.45,287.48,147.0,12.0
2025-07-25T08:17:24.475981,ADA-USDT,0.7986,0.7987,57.0,285.0
2025-07-25T08:17:24.476611,AAVE-USDT,287.4,287.45,14.0,10.0
2025-07-25T08:17:24.596223,AAVE-USDT,287.43,287.44,92.0,16.0
2025-07-25T08:17:24.676548,AAVE-USDT,287.43,287.45,92.0,10.0
2025-07-25T08:17:24.798421,ADA-USDT,0.7987,0.7988,174.0,148.0
2025-07-25T08:17:24.798458,AAVE-USDT,287.43,287.46,92.0,122.0
2025-07-25T08:17:24.975092,AAVE-USDT,287.46,287.48,35.0,12.0
2025-07-25T08:17:24.975312,ADA-USDT,0.7986,0.7988,57.0,148.0
2025-07-25T08:17:25.079951,AAVE-USDT,287.46,287.47,35.0,10.0
2025-07-25T08:17:25.176251,AAVE-USDT,287.44,287.47,12.0,10.0
2025-07-25T08:17:25.176289,ADA-USDT,0.7986,0.7987,22.0,286.0
2025-07-25T08:17:25.275351,AAVE-USDT,287.44,287.47,12.0,10.0
2025-07-25T08:17:25.275660,ADA-USDT,0.7985,0.7987,15.0,286.0
2025-07-25T08:17:25.376046,ADA-USDT,0.7985,0.7986,15.0,235.0
2025-07-25T08:17:25.603357,AAVE-USDT,287.44,287.48,12.0,12.0
2025-07-25T08:17:25.675981,ADA-USDT,0.7985,0.7986,15.0,235.0
2025-07-25T08:17:25.779943,AAVE-USDT,287.44,287.45,12.0,113.0
2025-07-25T08:17:26.080036,ADA-USDT,0.7984,0.7986,312.0,202.0
2025-07-25T08:17:26.180631,ADA-USDT,0.7984,0.7985,142.0,215.0
2025-07-25T08:17:26.294214,AAVE-USDT,287.45,287.46,181.0,49.0
2025-07-25T08:17:26.375749,AAVE-USDT,287.45,287.46,163.0,49.0
2025-07-25T08:17:26.376064,ADA-USDT,0.7984,0.7985,142.0,215.0
2025-07-25T08:17:26.579955,ADA-USDT,0.7984,0.7985,142.0,174.0
2025-07-25T08:17:26.775348,A-USDT,0.5589,0.5597,23.0,60.0
2025-07-25T08:17:26.775398,ADA-USDT,0.7983,0.7985,140.0,174.0
2025-07-25T08:17:26.898455,A-USDT,0.5588,0.5597,73.0,60.0
2025-07-25T08:17:26.898494,ALGO-USDT,0.2576,0.2578,1065.0,969.0
2025-07-25T08:17:26.983963,ALGO-USDT,0.2576,0.2577,1065.0,963.0
2025-07-25T08:17:26.984071,A-USDT,0.5588,0.5596,73.0,12.0
2025-07-25T08:17:27.077402,ADA-USDT,0.7984,0.7985,21.0,174.0
2025-07-25T08:17:27.185933,A-USDT,0.5595,0.5596,10.0,12.0
2025-07-25T08:17:27.279014,ALGO-USDT,0.2576,0.2578,1065.0,969.0
2025-07-25T08:17:27.383010,ALGO-USDT,0.2577,0.2578,998.0,969.0
2025-07-25T08:17:27.383047,AAVE-USDT,287.46,287.47,10.0,127.0
2025-07-25T08:17:27.481915,A-USDT,0.5595,0.5596,10.0,12.0
2025-07-25T08:17:27.481956,AAVE-USDT,287.46,287.47,10.0,127.0
2025-07-25T08:17:27.675609,AAVE-USDT,287.46,287.49,10.0,13.0
2025-07-25T08:17:27.782073,AAVE-USDT,287.46,287.5,10.0,142.0
2025-07-25T08:17:27.782110,ADA-USDT,0.7984,0.7986,21.0,97.0
2025-07-25T08:17:27.891672,A-USDT,0.5595,0.5597,10.0,18.0
2025-07-25T08:17:27.891712,ADA-USDT,0.7986,0.7987,25.0,286.0
2025-07-25T08:17:27.891739,AAVE-USDT,287.49,287.51,161.0,23.0
2025-07-25T08:17:27.891764,ALGO-USDT,0.2577,0.2578,998.0,969.0
2025-07-25T08:17:27.976542,A-USDT,0.5596,0.5597,42.0,18.0
2025-07-25T08:17:27.976850,AAVE-USDT,287.51,287.55,20.0,17.0
2025-07-25T08:17:27.976897,ADA-USDT,0.7985,0.7987,869.0,286.0
2025-07-25T08:17:28.099952,ALGO-USDT,0.2577,0.2578,998.0,602.0
2025-07-25T08:17:28.099989,AAVE-USDT,287.51,287.52,20.0,79.0
2025-07-25T08:17:28.100019,ADA-USDT,0.7984,0.7985,21.0,261.0
2025-07-25T08:17:28.187252,ADA-USDT,0.7983,0.7985,140.0,261.0
2025-07-25T08:17:28.276991,AAVE-USDT,287.5,287.52,12.0,79.0
2025-07-25T08:17:28.374917,ADA-USDT,0.7983,0.7984,140.0,185.0
2025-07-25T08:17:28.375442,AAVE-USDT,287.46,287.5,10.0,27.0
2025-07-25T08:17:28.576114,AAVE-USDT,287.46,287.51,10.0,10.0
2025-07-25T08:17:28.576160,ADA-USDT,0.7983,0.7985,140.0,261.0
2025-07-25T08:17:28.576512,A-USDT,0.5597,0.5604,68.0,37.0
2025-07-25T08:17:28.576547,ALGO-USDT,0.2577,0.2579,998.0,1027.0
2025-07-25T08:17:28.676659,AAVE-USDT,287.5,287.54,120.0,27.0
2025-07-25T08:17:28.676698,A-USDT,0.5598,0.5599,83.0,75.0
2025-07-25T08:17:28.676727,ADA-USDT,0.7984,0.7986,434.0,592.0
2025-07-25T08:17:28.776478,AAVE-USDT,287.51,287.55,55.0,17.0
2025-07-25T08:17:28.776516,ALGO-USDT,0.2578,0.2579,397.0,1027.0
2025-07-25T08:17:28.776543,ACE-USDT,0.561,0.563,20.0,251.0
2025-07-25T08:17:28.885935,AAVE-USDT,287.54,287.55,122.0,17.0
2025-07-25T08:17:28.885981,ADA-USDT,0.7985,0.7987,268.0,286.0
2025-07-25T08:17:28.886018,ACE-USDT,0.562,0.563,61.0,251.0
2025-07-25T08:17:28.984578,ADA-USDT,0.7985,0.7987,268.0,203.0
2025-07-25T08:17:28.984638,A-USDT,0.5599,0.5605,14.0,20.0
2025-07-25T08:17:29.075825,A-USDT,0.5599,0.56,14.0,66.0
2025-07-25T08:17:29.375390,ADA-USDT,0.7986,0.7988,52.0,148.0
2025-07-25T08:17:29.375664,AAVE-USDT,287.54,287.56,122.0,17.0
2025-07-25T08:17:29.375701,ACE-USDT,0.562,0.563,13.0,251.0
2025-07-25T08:17:29.475272,AAVE-USDT,287.59,287.6,68.0,25.0
2025-07-25T08:17:29.475507,A-USDT,0.5599,0.56,14.0,66.0
2025-07-25T08:17:29.576499,AAVE-USDT,287.58,287.59,112.0,11.0
2025-07-25T08:17:29.576538,ADA-USDT,0.7984,0.7986,434.0,343.0
2025-07-25T08:17:29.675981,ADA-USDT,0.7984,0.7985,136.0,144.0
2025-07-25T08:17:29.676019,ACE-USDT,0.561,0.563,20.0,251.0
2025-07-25T08:17:29.676048,AAVE-USDT,287.59,287.6,47.0,78.0
2025-07-25T08:17:29.776039,ACE-USDT,0.561,0.562,20.0,500.0
2025-07-25T08:17:29.776080,AAVE-USDT,287.59,287.6,47.0,184.0
2025-07-25T08:17:29.875146,A-USDT,0.5599,0.56,14.0,75.0
2025-07-25T08:17:29.875314,ADA-USDT,0.7984,0.7986,136.0,343.0
2025-07-25T08:17:29.974970,ALGO-USDT,0.2578,0.2579,397.0,1027.0
2025-07-25T08:17:29.975195,ADA-USDT,0.7985,0.7986,455.0,343.0
2025-07-25T08:17:30.092485,AAVE-USDT,287.59,287.63,47.0,173.0
2025-07-25T08:17:30.092531,ADA-USDT,0.7985,0.7987,437.0,457.0
2025-07-25T08:17:30.176480,ADA-USDT,0.7986,0.7987,151.0,179.0
2025-07-25T08:17:30.378854,ALGO-USDT,0.2578,0.2579,397.0,1014.0
2025-07-25T08:17:30.475491,AAVE-USDT,287.59,287.6,47.0,180.0
2025-07-25T08:17:30.676535,AAVE-USDT,287.59,287.63,47.0,173.0
2025-07-25T08:17:30.782694,AAVE-USDT,287.6,287.63,66.0,173.0
2025-07-25T08:17:30.891588,AAVE-USDT,287.6,287.61,65.0,81.0
2025-07-25T08:17:31.579555,A-USDT,0.5599,0.5606,14.0,33.0
2025-07-25T08:17:31.676440,A-USDT,0.5599,0.56,14.0,85.0
2025-07-25T08:17:31.676478,ACE-USDT,0.561,0.563,20.0,251.0
2025-07-25T08:17:31.676508,ADA-USDT,0.7985,0.7987,437.0,179.0
2025-07-25T08:17:31.775933,ADA-USDT,0.7984,0.7986,136.0,275.0
2025-07-25T08:17:31.775983,AAVE-USDT,287.57,287.61,12.0,81.0
2025-07-25T08:17:31.776018,ALGO-USDT,0.2578,0.2579,397.0,1003.0
2025-07-25T08:17:31.877116,ADA-USDT,0.7984,0.7985,136.0,233.0
2025-07-25T08:17:31.877150,AAVE-USDT,287.54,287.59,122.0,10.0
2025-07-25T08:17:31.981700,AAVE-USDT,287.58,287.6,103.0,22.0
2025-07-25T08:17:31.981752,ACE-USDT,0.562,0.563,106.0,251.0
2025-07-25T08:17:32.075950,AAVE-USDT,287.59,287.6,149.0,22.0
2025-07-25T08:17:32.175762,ADA-USDT,0.7984,0.7986,136.0,275.0
2025-07-25T08:17:32.277178,A-USDT,0.5599,0.5606,14.0,33.0
2025-07-25T08:17:32.277225,AAVE-USDT,287.62,287.63,10.0,173.0
2025-07-25T08:17:32.277261,ADA-USDT,0.7985,0.7986,279.0,275.0
2025-07-25T08:17:32.381238,AAVE-USDT,287.62,287.66,10.0,98.0
2025-07-25T08:17:32.381282,ADA-USDT,0.7984,0.7986,136.0,275.0
2025-07-25T08:17:32.381334,ALGO-USDT,0.2578,0.2579,397.0,1003.0
2025-07-25T08:17:32.476367,AAVE-USDT,287.62,287.63,10.0,86.0
2025-07-25T08:17:32.685862,ADA-USDT,0.7985,0.7986,55.0,275.0
2025-07-25T08:17:33.093962,ADA-USDT,0.7985,0.7986,55.0,275.0
2025-07-25T08:17:33.376209,AAVE-USDT,287.62,287.66,10.0,98.0
2025-07-25T08:17:33.376306,ADA-USDT,0.7984,0.7986,136.0,275.0
2025-07-25T08:17:33.475200,AAVE-USDT,287.63,287.64,112.0,10.0
2025-07-25T08:17:33.475955,ADA-USDT,0.7985,0.7986,14.0,275.0
2025-07-25T08:17:33.576282,AAVE-USDT,287.6,287.64,11.0,10.0
2025-07-25T08:17:33.576322,A-USDT,0.5599,0.56,14.0,22.0
2025-07-25T08:17:33.688204,ADA-USDT,0.7984,0.7985,136.0,434.0
2025-07-25T08:17:33.688319,AAVE-USDT,287.59,287.63,149.0,22.0
2025-07-25T08:17:33.780355,ADA-USDT,0.7983,0.7985,140.0,434.0
2025-07-25T08:17:33.780394,AAVE-USDT,287.58,287.63,103.0,22.0
2025-07-25T08:17:33.899643,AAVE-USDT,287.6,287.61,48.0,16.0
2025-07-25T08:17:33.899681,ADA-USDT,0.7983,0.7984,54.0,386.0
2025-07-25T08:17:33.899709,A-USDT,0.5592,0.56,28.0,22.0
2025-07-25T08:17:33.985088,ADA-USDT,0.7983,0.7985,54.0,434.0
2025-07-25T08:17:34.098481,ADA-USDT,0.7984,0.7985,161.0,182.0
2025-07-25T08:17:34.177324,AAVE-USDT,287.62,287.64,21.0,10.0
2025-07-25T08:17:34.275963,AAVE-USDT,287.63,287.65,95.0,78.0
2025-07-25T08:17:34.276177,A-USDT,0.5599,0.56,25.0,22.0
2025-07-25T08:17:34.575112,A-USDT,0.5599,0.5606,25.0,33.0
2025-07-25T08:17:34.575391,AAVE-USDT,287.63,287.65,95.0,78.0
2025-07-25T08:17:34.790294,ADA-USDT,0.7984,0.7985,161.0,170.0
2025-07-25T08:17:34.790341,AAVE-USDT,287.64,287.65,83.0,78.0
2025-07-25T08:17:35.075728,ADA-USDT,0.7984,0.7985,161.0,170.0
2025-07-25T08:17:35.075768,A-USDT,0.5599,0.56,25.0,92.0
2025-07-25T08:17:35.476639,AAVE-USDT,287.64,287.68,83.0,12.0
2025-07-25T08:17:35.476677,A-USDT,0.5599,0.5606,25.0,33.0
2025-07-25T08:17:35.582322,AAVE-USDT,287.67,287.7,19.0,188.0
2025-07-25T08:17:35.582360,ALGO-USDT,0.2578,0.258,397.0,1171.0
2025-07-25T08:17:35.582389,ADA-USDT,0.7984,0.7986,161.0,275.0
2025-07-25T08:17:35.582414,A-USDT,0.5592,0.5602,28.0,56.0
2025-07-25T08:17:35.702270,AAVE-USDT,287.68,287.7,10.0,188.0
2025-07-25T08:17:35.702309,A-USDT,0.5601,0.5602,27.0,55.0
2025-07-25T08:17:35.775527,AAVE-USDT,287.68,287.7,2.0,188.0
2025-07-25T08:17:35.775695,ALGO-USDT,0.2579,0.258,320.0,1171.0
2025-07-25T08:17:35.876238,ADA-USDT,0.7984,0.7986,161.0,275.0
2025-07-25T08:17:35.876277,ALGO-USDT,0.2579,0.258,320.0,1169.0
2025-07-25T08:17:36.075366,ADA-USDT,0.7984,0.7985,161.0,174.0
2025-07-25T08:17:36.206500,A-USDT,0.56,0.5601,16.0,14.0
2025-07-25T08:17:36.575501,ADA-USDT,0.7984,0.7985,161.0,172.0
2025-07-25T08:17:36.576090,AAVE-USDT,287.68,287.69,2.0,86.0
2025-07-25T08:17:36.778040,ADA-USDT,0.7984,0.7986,161.0,275.0
2025-07-25T08:17:36.879188,AAVE-USDT,287.67,287.69,19.0,86.0
2025-07-25T08:17:36.879517,ALGO-USDT,0.2579,0.258,320.0,1155.0
2025-07-25T08:17:37.079607,AAVE-USDT,287.66,287.69,90.0,86.0
2025-07-25T08:17:37.079647,A-USDT,0.5593,0.5601,77.0,14.0
2025-07-25T08:17:37.193615,AAVE-USDT,287.66,287.67,90.0,12.0
2025-07-25T08:17:37.278080,AAVE-USDT,287.66,287.67,90.0,7.0
2025-07-25T08:17:37.379295,AAVE-USDT,287.66,287.68,90.0,171.0
2025-07-25T08:17:37.379352,ALGO-USDT,0.2579,0.258,320.0,1155.0
2025-07-25T08:17:37.482261,AAVE-USDT,287.68,287.69,198.0,86.0
2025-07-25T08:17:37.575558,ADA-USDT,0.7983,0.7984,18.0,256.0
2025-07-25T08:17:37.675874,ADA-USDT,0.7983,0.7984,18.0,256.0
2025-07-25T08:17:37.876395,ADA-USDT,0.7983,0.7984,18.0,220.0
2025-07-25T08:17:37.975669,AAVE-USDT,287.68,287.7,198.0,188.0
2025-07-25T08:17:37.975929,ADA-USDT,0.7983,0.7985,18.0,793.0
2025-07-25T08:17:38.094604,AAVE-USDT,287.69,287.7,16.0,188.0
2025-07-25T08:17:38.094891,ADA-USDT,0.7984,0.7985,336.0,793.0
2025-07-25T08:17:38.178353,ADA-USDT,0.7984,0.7986,336.0,275.0
2025-07-25T08:17:38.178402,AAVE-USDT,287.69,287.7,16.0,188.0
2025-07-25T08:17:38.275752,ADA-USDT,0.7983,0.7985,18.0,146.0
2025-07-25T08:17:38.375714,AAVE-USDT,287.66,287.7,90.0,188.0
2025-07-25T08:17:38.375760,ADA-USDT,0.7984,0.7985,27.0,146.0
2025-07-25T08:17:38.577886,AAVE-USDT,287.69,287.7,145.0,188.0
2025-07-25T08:17:38.577913,ADA-USDT,0.7984,0.7986,27.0,275.0
2025-07-25T08:17:38.577940,A-USDT,0.56,0.5601,26.0,14.0
2025-07-25T08:17:38.695388,ADA-USDT,0.7985,0.7986,368.0,275.0
2025-07-25T08:17:38.876823,ADA-USDT,0.7985,0.7986,365.0,275.0
2025-07-25T08:17:38.975527,ADA-USDT,0.7985,0.7987,365.0,67.0
2025-07-25T08:17:39.075947,ADA-USDT,0.7986,0.7987,185.0,67.0
2025-07-25T08:17:39.075995,A-USDT,0.5601,0.5602,13.0,55.0
2025-07-25T08:17:39.280145,A-USDT,0.5601,0.5608,13.0,84.0
2025-07-25T08:17:39.381891,AAVE-USDT,287.69,287.7,145.0,188.0
2025-07-25T08:17:39.381937,A-USDT,0.5601,0.5603,13.0,71.0
2025-07-25T08:17:39.480451,A-USDT,0.5602,0.5609,56.0,10.0
2025-07-25T08:17:39.575332,AAVE-USDT,287.69,287.7,145.0,188.0
2025-07-25T08:17:40.083171,AAVE-USDT,287.69,287.7,145.0,187.0
2025-07-25T08:17:40.275998,ALGO-USDT,0.2579,0.2581,320.0,56.0
2025-07-25T08:17:40.377978,ADA-USDT,0.7986,0.7988,185.0,148.0
2025-07-25T08:17:40.378016,AAVE-USDT,287.69,287.74,145.0,18.0
2025-07-25T08:17:40.476383,A-USDT,0.5603,0.5609,14.0,10.0
2025-07-25T08:17:40.476422,ADA-USDT,0.7988,0.799,33.0,317.0
2025-07-25T08:17:40.476726,ACE-USDT,0.563,0.564,5.0,276.0
2025-07-25T08:17:40.476766,AAVE-USDT,287.76,287.8,16.0,107.0
2025-07-25T08:17:40.586195,A-USDT,0.5607,0.561,5.0,41.0
2025-07-25T08:17:40.586235,ALGO-USDT,0.258,0.2581,1363.0,56.0
2025-07-25T08:17:40.586265,ACE-USDT,0.562,0.563,106.0,500.0
2025-07-25T08:17:40.586298,ADA-USDT,0.7988,0.799,14.0,317.0
2025-07-25T08:17:40.688143,A-USDT,0.5604,0.5605,70.0,6.0
2025-07-25T08:17:40.688185,ADA-USDT,0.7989,0.799,116.0,317.0
2025-07-25T08:17:40.787383,AAVE-USDT,287.76,287.8,16.0,107.0
2025-07-25T08:17:40.879819,AAVE-USDT,287.79,287.82,40.0,193.0
2025-07-25T08:17:41.075586,ADA-USDT,0.7989,0.799,116.0,317.0
2025-07-25T08:17:41.075652,A-USDT,0.5603,0.5611,38.0,13.0
2025-07-25T08:17:41.194953,A-USDT,0.5603,0.561,38.0,15.0
2025-07-25T08:17:41.195003,AAVE-USDT,287.79,287.8,40.0,23.0
2025-07-25T08:17:41.276069,AAVE-USDT,287.79,287.82,40.0,193.0
2025-07-25T08:17:41.276360,A-USDT,0.5604,0.561,42.0,15.0
2025-07-25T08:17:41.378873,A-USDT,0.5604,0.5605,42.0,60.0
2025-07-25T08:17:41.378915,AAVE-USDT,287.83,287.84,129.0,116.0
2025-07-25T08:17:41.475080,AAVE-USDT,287.82,287.83,167.0,26.0
2025-07-25T08:17:41.598225,ADA-USDT,0.7989,0.799,114.0,317.0
2025-07-25T08:17:41.681768,ACE-USDT,0.562,0.563,106.0,453.0
2025-07-25T08:17:41.681843,ALGO-USDT,0.258,0.2581,1363.0,56.0
2025-07-25T08:17:41.775854,AAVE-USDT,287.79,287.83,40.0,26.0
2025-07-25T08:17:41.875379,AAVE-USDT,287.76,287.82,38.0,34.0
2025-07-25T08:17:41.875415,ALGO-USDT,0.258,0.2581,1337.0,56.0
2025-07-25T08:17:42.078297,AAVE-USDT,287.83,287.84,124.0,116.0
2025-07-25T08:17:42.078338,ACE-USDT,0.562,0.563,106.0,453.0
2025-07-25T08:17:42.175640,AAVE-USDT,287.76,287.82,38.0,30.0
2025-07-25T08:17:42.284323,ALGO-USDT,0.258,0.2582,1337.0,1914.0
2025-07-25T08:17:42.377584,AAVE-USDT,287.79,287.82,123.0,30.0
2025-07-25T08:17:42.377634,ADA-USDT,0.7989,0.7991,114.0,244.0
2025-07-25T08:17:42.377670,ALGO-USDT,0.2581,0.2582,1190.0,1914.0
2025-07-25T08:17:42.476386,AAVE-USDT,287.79,287.8,123.0,10.0
2025-07-25T08:17:42.575634,ADA-USDT,0.7989,0.7991,114.0,244.0
2025-07-25T08:17:42.675627,ALGO-USDT,0.2581,0.2582,1190.0,1914.0
2025-07-25T08:17:42.778550,AAVE-USDT,287.81,287.82,186.0,20.0
2025-07-25T08:17:42.778597,ALGO-USDT,0.2581,0.2582,952.0,1914.0
2025-07-25T08:17:42.878840,AAVE-USDT,287.81,287.86,186.0,85.0
2025-07-25T08:17:42.976355,AAVE-USDT,287.84,287.85,141.0,59.0
2025-07-25T08:17:43.076502,AAVE-USDT,287.82,287.85,48.0,59.0
2025-07-25T08:17:43.076539,ADA-USDT,0.799,0.7991,49.0,244.0
2025-07-25T08:17:43.176271,AAVE-USDT,287.83,287.84,142.0,96.0
2025-07-25T08:17:43.276470,ADA-USDT,0.799,0.7991,18.0,244.0
2025-07-25T08:17:43.276525,AAVE-USDT,287.82,287.83,48.0,77.0
2025-07-25T08:17:43.577299,AAVE-USDT,287.82,287.84,48.0,96.0
2025-07-25T08:17:43.675233,A-USDT,0.5597,0.5605,35.0,60.0
2025-07-25T08:17:43.675727,AAVE-USDT,287.83,287.85,57.0,59.0
2025-07-25T08:17:43.779347,AAVE-USDT,287.84,287.86,193.0,85.0
2025-07-25T08:17:43.779396,A-USDT,0.5603,0.561,16.0,42.0
2025-07-25T08:17:43.975607,AAVE-USDT,287.84,287.89,193.0,10.0
2025-07-25T08:17:44.192386,AAVE-USDT,287.82,287.83,48.0,65.0
2025-07-25T08:17:44.475456,AAVE-USDT,287.8,287.83,22.0,65.0
2025-07-25T08:17:44.475826,ADA-USDT,0.7989,0.7991,114.0,244.0
2025-07-25T08:17:44.479377,A-USDT,0.5603,0.5604,16.0,46.0
2025-07-25T08:17:44.576676,ADA-USDT,0.7988,0.799,14.0,382.0
2025-07-25T08:17:44.576722,AAVE-USDT,287.79,287.83,123.0,65.0
2025-07-25T08:17:44.675426,ADA-USDT,0.7988,0.7989,14.0,305.0
2025-07-25T08:17:44.977540,AAVE-USDT,287.76,287.82,38.0,42.0
2025-07-25T08:17:45.078265,ALGO-USDT,0.258,0.2582,1337.0,1914.0
2025-07-25T08:17:45.078317,ADA-USDT,0.7987,0.7989,585.0,305.0
2025-07-25T08:17:45.179182,ALGO-USDT,0.258,0.2581,1337.0,989.0
2025-07-25T08:17:45.179551,AAVE-USDT,287.71,287.77,11.0,27.0
2025-07-25T08:17:45.179592,ADA-USDT,0.7986,0.7988,185.0,304.0
2025-07-25T08:17:45.278610,ADA-USDT,0.7986,0.7987,185.0,131.0
2025-07-25T08:17:45.375877,ADA-USDT,0.7986,0.7987,185.0,126.0
2025-07-25T08:17:45.576568,ADA-USDT,0.7986,0.7988,185.0,304.0
2025-07-25T08:17:45.576887,AAVE-USDT,287.76,287.77,29.0,27.0
2025-07-25T08:17:45.675591,AAVE-USDT,287.76,287.78,29.0,128.0
2025-07-25T08:17:45.676666,ADA-USDT,0.7987,0.7989,385.0,305.0
2025-07-25T08:17:45.779276,ALGO-USDT,0.258,0.2582,1337.0,1914.0
2025-07-25T08:17:45.779315,ADA-USDT,0.7988,0.799,288.0,382.0
2025-07-25T08:17:45.875668,ADA-USDT,0.799,0.7991,50.0,244.0
2025-07-25T08:17:45.875934,ALGO-USDT,0.2581,0.2582,410.0,1914.0
2025-07-25T08:17:45.976111,AAVE-USDT,287.76,287.8,29.0,75.0
2025-07-25T08:17:45.976145,ADA-USDT,0.799,0.7992,50.0,53.0
2025-07-25T08:17:46.079466,AAVE-USDT,287.79,287.82,17.0,42.0
2025-07-25T08:17:46.175479,ADA-USDT,0.7989,0.7991,391.0,202.0
2025-07-25T08:17:46.175664,AAVE-USDT,287.79,287.84,17.0,50.0
2025-07-25T08:17:46.283697,ADA-USDT,0.799,0.7992,23.0,53.0
2025-07-25T08:17:46.376094,AAVE-USDT,287.79,287.85,17.0,14.0
2025-07-25T08:17:46.376147,ADA-USDT,0.7991,0.7992,123.0,53.0
2025-07-25T08:17:46.476106,AAVE-USDT,287.81,287.85,163.0,14.0
2025-07-25T08:17:46.576043,AAVE-USDT,287.81,287.82,163.0,187.0
2025-07-25T08:17:46.576082,A-USDT,0.5603,0.561,16.0,42.0
2025-07-25T08:17:46.779719,ADA-USDT,0.799,0.7992,23.0,53.0
2025-07-25T08:17:47.080869,ADA-USDT,0.7991,0.7992,46.0,53.0
2025-07-25T08:17:47.178539,AAVE-USDT,287.8,287.82,147.0,187.0
2025-07-25T08:17:47.375489,AAVE-USDT,287.8,287.81,147.0,17.0
2025-07-25T08:17:47.475359,ADA-USDT,0.799,0.7991,23.0,419.0
2025-07-25T08:17:47.475594,AAVE-USDT,287.81,287.82,152.0,15.0
2025-07-25T08:17:47.875956,ADA-USDT,0.799,0.7992,23.0,53.0
2025-07-25T08:17:47.979350,ADA-USDT,0.7991,0.7992,180.0,53.0
2025-07-25T08:17:48.077034,AAVE-USDT,287.81,287.85,152.0,14.0
2025-07-25T08:17:48.179366,AAVE-USDT,287.83,287.84,193.0,170.0
2025-07-25T08:17:48.281464,AAVE-USDT,287.83,287.88,193.0,182.0
2025-07-25T08:17:48.477246,AAVE-USDT,287.82,287.84,76.0,73.0
2025-07-25T08:17:48.579095,ADA-USDT,0.799,0.7992,23.0,53.0
2025-07-25T08:17:48.579133,AAVE-USDT,287.81,287.83,152.0,86.0
2025-07-25T08:17:48.675582,ACE-USDT,0.562,0.563,106.0,449.0
2025-07-25T08:17:48.776343,AAVE-USDT,287.8,287.83,147.0,86.0
2025-07-25T08:17:48.875637,ADA-USDT,0.7991,0.7992,70.0,53.0
2025-07-25T08:17:48.975569,ACE-USDT,0.562,0.563,106.0,500.0
2025-07-25T08:17:48.976854,AAVE-USDT,287.82,287.83,162.0,86.0
2025-07-25T08:17:49.075257,ADA-USDT,0.7991,0.7993,70.0,97.0
2025-07-25T08:17:49.189714,ADA-USDT,0.7991,0.7992,70.0,179.0
2025-07-25T08:17:49.275702,AAVE-USDT,287.82,287.86,162.0,109.0
2025-07-25T08:17:49.275753,A-USDT,0.5603,0.5604,16.0,78.0
2025-07-25T08:17:49.476464,ADA-USDT,0.7991,0.7992,32.0,179.0
2025-07-25T08:17:49.476511,A-USDT,0.5603,0.561,16.0,42.0
2025-07-25T08:17:49.476548,AAVE-USDT,287.82,287.83,162.0,17.0
2025-07-25T08:17:49.577251,AAVE-USDT,287.8,287.83,147.0,17.0
2025-07-25T08:17:49.577294,A-USDT,0.5603,0.5604,16.0,50.0
2025-07-25T08:17:49.875838,A-USDT,0.5603,0.561,16.0,42.0
2025-07-25T08:17:49.976060,AAVE-USDT,287.79,287.83,17.0,17.0
2025-07-25T08:17:50.082242,A-USDT,0.5603,0.5604,16.0,20.0
2025-07-25T08:17:50.082283,ADA-USDT,0.799,0.7992,23.0,179.0
2025-07-25T08:17:50.082311,AAVE-USDT,287.76,287.78,29.0,82.0
2025-07-25T08:17:50.182985,ADA-USDT,0.799,0.7991,23.0,381.0
2025-07-25T08:17:50.183169,AAVE-USDT,287.76,287.77,29.0,11.0
2025-07-25T08:17:50.288876,A-USDT,0.5596,0.5604,39.0,20.0
2025-07-25T08:17:50.288912,ADA-USDT,0.7989,0.7991,292.0,381.0
2025-07-25T08:17:50.390516,AAVE-USDT,287.72,287.77,16.0,11.0
2025-07-25T08:17:50.475522,AAVE-USDT,287.72,287.76,16.0,32.0
2025-07-25T08:17:50.596427,ADA-USDT,0.7989,0.799,77.0,172.0
2025-07-25T08:17:50.976250,AAVE-USDT,287.72,287.76,16.0,32.0
2025-07-25T08:17:51.076590,A-USDT,0.5602,0.5609,18.0,13.0
2025-07-25T08:17:51.177257,ADA-USDT,0.7989,0.799,77.0,169.0
2025-07-25T08:17:51.177295,ALGO-USDT,0.258,0.2582,1337.0,1914.0
2025-07-25T08:17:51.177324,AAVE-USDT,287.72,287.76,16.0,30.0
2025-07-25T08:17:51.281315,AAVE-USDT,287.7,287.75,170.0,26.0
2025-07-25T08:17:51.281358,ALGO-USDT,0.258,0.2581,1337.0,1156.0
2025-07-25T08:17:51.281383,ADA-USDT,0.7988,0.7989,131.0,223.0
2025-07-25T08:17:51.381960,AAVE-USDT,287.74,287.75,88.0,26.0
2025-07-25T08:17:51.382006,A-USDT,0.5595,0.5609,30.0,13.0
2025-07-25T08:17:51.475956,ADA-USDT,0.7988,0.799,131.0,361.0
2025-07-25T08:17:51.575773,A-USDT,0.5595,0.5604,30.0,18.0
2025-07-25T08:17:51.575837,ADA-USDT,0.7989,0.799,184.0,361.0
2025-07-25T08:17:51.675265,ALGO-USDT,0.258,0.2581,1337.0,1156.0
2025-07-25T08:17:51.899455,A-USDT,0.5596,0.5604,47.0,18.0
2025-07-25T08:17:51.899507,ALGO-USDT,0.258,0.2581,1337.0,1136.0
2025-07-25T08:17:51.899550,AAVE-USDT,287.71,287.75,108.0,26.0
2025-07-25T08:17:51.975007,ADA-USDT,0.7988,0.799,131.0,361.0
2025-07-25T08:17:52.175013,AAVE-USDT,287.7,287.75,170.0,26.0
2025-07-25T08:17:52.287984,ADA-USDT,0.7989,0.799,66.0,131.0
2025-07-25T08:17:52.376026,AAVE-USDT,287.74,287.75,118.0,26.0
2025-07-25T08:17:52.610266,ADA-USDT,0.7989,0.799,66.0,127.0
2025-07-25T08:17:52.776204,ADA-USDT,0.7989,0.799,66.0,142.0
2025-07-25T08:17:52.975811,AAVE-USDT,287.7,287.75,170.0,26.0
2025-07-25T08:17:53.276295,AAVE-USDT,287.71,287.75,27.0,26.0
2025-07-25T08:17:53.276344,ADA-USDT,0.7989,0.7991,66.0,381.0
2025-07-25T08:17:53.375072,ADA-USDT,0.799,0.7991,229.0,381.0
2025-07-25T08:17:53.375120,AAVE-USDT,287.74,287.76,95.0,30.0
2025-07-25T08:17:53.675590,ALGO-USDT,0.258,0.2582,1337.0,1914.0
2025-07-25T08:17:53.795535,ADA-USDT,0.799,0.7992,229.0,179.0
2025-07-25T08:17:53.878165,ADA-USDT,0.7991,0.7992,137.0,179.0
2025-07-25T08:17:53.878203,ALGO-USDT,0.258,0.2581,1337.0,57.0
2025-07-25T08:17:53.975671,AAVE-USDT,287.74,287.75,95.0,39.0
2025-07-25T08:17:54.080027,ADA-USDT,0.7991,0.7992,137.0,179.0
2025-07-25T08:17:54.181413,ADA-USDT,0.799,0.7992,229.0,179.0
2025-07-25T08:17:54.294490,AAVE-USDT,287.72,287.76,134.0,30.0
2025-07-25T08:17:54.294531,ADA-USDT,0.7991,0.7992,54.0,179.0
2025-07-25T08:17:54.375177,AAVE-USDT,287.74,287.75,87.0,66.0
2025-07-25T08:17:54.575861,AAVE-USDT,287.74,287.76,87.0,30.0
2025-07-25T08:17:54.775553,AAVE-USDT,287.74,287.75,87.0,119.0
2025-07-25T08:17:56.314365,A-USDT,0.5595,0.5604,30.0,18.0
2025-07-25T08:17:56.314411,A-USDT,0.5595,0.5603,30.0,13.0
2025-07-25T08:17:56.474934,ADA-USDT,0.799,0.7992,229.0,179.0
2025-07-25T08:17:56.574983,ADA-USDT,0.7989,0.799,66.0,150.0
2025-07-25T08:17:56.678634,ADA-USDT,0.7989,0.7991,66.0,561.0
2025-07-25T08:17:56.775662,ALGO-USDT,0.258,0.2582,1337.0,1914.0
2025-07-25T08:17:56.775920,ADA-USDT,0.799,0.7992,273.0,179.0
2025-07-25T08:17:56.775969,AAVE-USDT,287.74,287.76,87.0,30.0
2025-07-25T08:17:56.877987,ADA-USDT,0.7991,0.7992,101.0,179.0
2025-07-25T08:17:56.878024,ALGO-USDT,0.2581,0.2582,674.0,1914.0
2025-07-25T08:17:56.878052,AAVE-USDT,287.79,287.83,95.0,17.0
2025-07-25T08:17:56.878099,A-USDT,0.5602,0.5603,41.0,13.0
2025-07-25T08:17:57.078981,AAVE-USDT,287.78,287.79,195.0,13.0
2025-07-25T08:17:57.079043,ALGO-USDT,0.258,0.2582,1337.0,1914.0
2025-07-25T08:17:57.178974,ALGO-USDT,0.2581,0.2582,827.0,1914.0
2025-07-25T08:17:57.475660,ADA-USDT,0.799,0.7992,273.0,179.0
2025-07-25T08:17:57.580508,AAVE-USDT,287.79,287.8,33.0,172.0
2025-07-25T08:17:57.681839,AAVE-USDT,287.75,287.77,60.0,10.0
2025-07-25T08:17:57.778565,ADA-USDT,0.7989,0.7991,66.0,136.0
2025-07-25T08:17:57.778616,ALGO-USDT,0.258,0.2582,1337.0,1914.0
2025-07-25T08:17:57.889345,AAVE-USDT,287.75,287.76,60.0,197.0
2025-07-25T08:17:57.889382,ADA-USDT,0.7989,0.7991,66.0,136.0
2025-07-25T08:17:57.978826,AAVE-USDT,287.72,287.76,139.0,197.0
2025-07-25T08:17:58.077872,ALGO-USDT,0.258,0.2581,1337.0,1057.0
2025-07-25T08:17:58.077935,ADA-USDT,0.7989,0.799,66.0,142.0
2025-07-25T08:17:58.209777,AAVE-USDT,287.72,287.77,139.0,10.0
2025-07-25T08:17:58.275750,ALGO-USDT,0.258,0.2581,1337.0,1055.0
2025-07-25T08:17:58.275815,A-USDT,0.5595,0.5603,30.0,13.0
2025-07-25T08:17:58.376095,AAVE-USDT,287.71,287.76,27.0,14.0
2025-07-25T08:17:58.376140,ALGO-USDT,0.258,0.2581,1337.0,1055.0
2025-07-25T08:17:58.476335,ADA-USDT,0.7988,0.799,131.0,142.0
2025-07-25T08:17:58.477659,A-USDT,0.5595,0.5603,30.0,13.0
2025-07-25T08:17:58.580186,AAVE-USDT,287.69,287.72,194.0,38.0
2025-07-25T08:17:58.580806,ALGO-USDT,0.2579,0.2581,320.0,1055.0
2025-07-25T08:17:58.580863,ADA-USDT,0.7987,0.7989,385.0,352.0
2025-07-25T08:17:58.675866,A-USDT,0.5594,0.5609,77.0,62.0
2025-07-25T08:17:58.676323,AAVE-USDT,287.66,287.71,197.0,30.0
2025-07-25T08:17:58.676567,ALGO-USDT,0.2579,0.258,320.0,1075.0
2025-07-25T08:17:58.676969,ADA-USDT,0.7987,0.7988,69.0,279.0
2025-07-25T08:17:58.877146,A-USDT,0.5594,0.5602,77.0,77.0
2025-07-25T08:17:58.877191,AAVE-USDT,287.66,287.7,197.0,27.0
2025-07-25T08:17:59.077167,ADA-USDT,0.7986,0.7988,185.0,279.0
2025-07-25T08:17:59.077216,A-USDT,0.5594,0.5602,77.0,77.0
2025-07-25T08:17:59.191261,ADA-USDT,0.7985,0.7987,365.0,185.0
2025-07-25T08:17:59.275220,ADA-USDT,0.7986,0.7987,51.0,185.0
2025-07-25T08:17:59.275271,AAVE-USDT,287.64,287.68,35.0,18.0
2025-07-25T08:17:59.375435,AAVE-USDT,287.67,287.69,183.0,111.0
2025-07-25T08:17:59.375474,A-USDT,0.5593,0.5602,77.0,77.0
2025-07-25T08:17:59.475307,ADA-USDT,0.7986,0.7988,51.0,279.0
2025-07-25T08:17:59.475612,AAVE-USDT,287.69,287.73,59.0,111.0
2025-07-25T08:17:59.475895,ALGO-USDT,0.2579,0.258,320.0,1075.0
2025-07-25T08:17:59.476177,A-USDT,0.5601,0.5602,94.0,77.0
2025-07-25T08:17:59.576150,ADA-USDT,0.7987,0.7989,758.0,352.0
2025-07-25T08:17:59.576223,AAVE-USDT,287.74,287.75,155.0,55.0
2025-07-25T08:17:59.676154,ALGO-USDT,0.2579,0.258,320.0,1068.0
2025-07-25T08:17:59.676200,ADA-USDT,0.7987,0.7988,74.0,286.0
2025-07-25T08:17:59.875266,A-USDT,0.5594,0.5602,23.0,77.0
2025-07-25T08:17:59.875626,AAVE-USDT,287.72,287.75,16.0,55.0
2025-07-25T08:17:59.977754,ALGO-USDT,0.2579,0.2581,320.0,1055.0
2025-07-25T08:17:59.977826,ADA-USDT,0.7987,0.7988,74.0,286.0
2025-07-25T08:17:59.977858,AAVE-USDT,287.73,287.75,24.0,55.0
2025-07-25T08:18:00.082594,AAVE-USDT,287.75,287.76,74.0,58.0
2025-07-25T08:18:00.082644,ADA-USDT,0.7987,0.7989,74.0,242.0
2025-07-25T08:18:00.082675,ALGO-USDT,0.2579,0.258,320.0,347.0
2025-07-25T08:18:00.178070,AAVE-USDT,287.74,287.76,62.0,58.0
2025-07-25T08:18:00.278065,ADA-USDT,0.7988,0.7989,31.0,242.0
2025-07-25T08:18:00.377130,AAVE-USDT,287.73,287.76,24.0,58.0
2025-07-25T08:18:00.377417,ALGO-USDT,0.2579,0.2581,320.0,1055.0
2025-07-25T08:18:00.377679,ADA-USDT,0.7988,0.799,31.0,142.0
2025-07-25T08:18:00.480827,AAVE-USDT,287.77,287.78,57.0,82.0
2025-07-25T08:18:00.480866,ALGO-USDT,0.258,0.2581,696.0,1055.0
2025-07-25T08:18:00.480892,A-USDT,0.5601,0.5602,35.0,77.0
2025-07-25T08:18:00.703314,ALGO-USDT,0.258,0.2581,696.0,1055.0
2025-07-25T08:18:00.703358,AAVE-USDT,287.8,287.82,26.0,192.0
2025-07-25T08:18:00.976054,AAVE-USDT,287.8,287.81,26.0,22.0
2025-07-25T08:18:00.976107,ADA-USDT,0.7989,0.799,372.0,142.0
2025-07-25T08:18:01.182503,AAVE-USDT,287.8,287.81,26.0,2.0
2025-07-25T08:18:01.278214,A-USDT,0.5601,0.5608,35.0,46.0
2025-07-25T08:18:01.376685,ADA-USDT,0.7988,0.7989,31.0,264.0
2025-07-25T08:18:01.376719,A-USDT,0.5595,0.5603,11.0,74.0
2025-07-25T08:18:01.376738,ALGO-USDT,0.258,0.2581,695.0,1055.0
2025-07-25T08:18:01.875756,AAVE-USDT,287.8,287.88,26.0,134.0
2025-07-25T08:18:01.979757,AAVE-USDT,287.82,287.91,43.0,172.0
2025-07-25T08:18:01.979818,ADA-USDT,0.7988,0.799,31.0,142.0
2025-07-25T08:18:02.077826,ADA-USDT,0.7989,0.7991,314.0,136.0
2025-07-25T08:18:02.079241,A-USDT,0.5602,0.5609,69.0,62.0
2025-07-25T08:18:02.079271,ALGO-USDT,0.258,0.2582,695.0,1914.0
2025-07-25T08:18:02.079289,AAVE-USDT,287.87,287.92,143.0,12.0
2025-07-25T08:18:02.175490,ADA-USDT,0.799,0.7991,376.0,136.0
2025-07-25T08:18:02.176388,A-USDT,0.5602,0.561,69.0,42.0
2025-07-25T08:18:02.176947,ALGO-USDT,0.2581,0.2582,1867.0,1914.0
2025-07-25T08:18:02.178091,AAVE-USDT,287.87,287.92,143.0,12.0
2025-07-25T08:18:02.278029,A-USDT,0.5602,0.5609,69.0,82.0
2025-07-25T08:18:02.278907,ALGO-USDT,0.2581,0.2582,603.0,1914.0
2025-07-25T08:18:02.279014,ACE-USDT,0.562,0.564,106.0,276.0
2025-07-25T08:18:02.376368,ADA-USDT,0.7988,0.7991,31.0,114.0
2025-07-25T08:18:02.377528,ACE-USDT,0.563,0.564,87.0,276.0
2025-07-25T08:18:02.382056,AAVE-USDT,287.86,287.87,117.0,91.0
2025-07-25T08:18:02.476113,ADA-USDT,0.7988,0.799,31.0,400.0
2025-07-25T08:18:02.476837,A-USDT,0.5602,0.5603,69.0,25.0
2025-07-25T08:18:02.477778,AAVE-USDT,287.84,287.87,23.0,91.0
2025-07-25T08:18:02.576073,ADA-USDT,0.7988,0.7989,31.0,136.0
2025-07-25T08:18:02.576145,AAVE-USDT,287.83,287.87,31.0,91.0
2025-07-25T08:18:02.676835,ACE-USDT,0.562,0.563,106.0,872.0
2025-07-25T08:18:02.781375,ACE-USDT,0.563,0.564,303.0,276.0
2025-07-25T08:18:02.894917,AAVE-USDT,287.82,287.86,43.0,19.0
2025-07-25T08:18:02.983008,AAVE-USDT,287.81,287.82,107.0,17.0
2025-07-25T08:18:02.983047,ALGO-USDT,0.258,0.2581,695.0,935.0
2025-07-25T08:18:03.215388,AAVE-USDT,287.81,287.83,107.0,107.0
2025-07-25T08:18:03.288008,ALGO-USDT,0.258,0.2582,695.0,1914.0
2025-07-25T08:18:03.288047,ADA-USDT,0.7988,0.7989,31.0,136.0
2025-07-25T08:18:03.375521,AAVE-USDT,287.82,287.84,12.0,47.0
2025-07-25T08:18:03.376132,ALGO-USDT,0.2581,0.2582,995.0,1914.0
2025-07-25T08:18:03.475242,AAVE-USDT,287.82,287.83,12.0,183.0
2025-07-25T08:18:03.475461,ADA-USDT,0.7988,0.7989,31.0,131.0
2025-07-25T08:18:03.575758,ALGO-USDT,0.2581,0.2582,995.0,1914.0
2025-07-25T08:18:03.575813,AAVE-USDT,287.82,287.83,193.0,183.0
2025-07-25T08:18:03.575846,A-USDT,0.5602,0.5609,69.0,82.0
2025-07-25T08:18:03.795999,AAVE-USDT,287.82,287.84,193.0,47.0
2025-07-25T08:18:03.875583,AAVE-USDT,287.87,287.88,96.0,128.0
2025-07-25T08:18:03.997635,AAVE-USDT,287.84,287.88,48.0,128.0
2025-07-25T08:18:03.997693,ALGO-USDT,0.258,0.2582,695.0,1909.0
2025-07-25T08:18:04.079439,ACE-USDT,0.563,0.564,299.0,276.0
2025-07-25T08:18:04.079578,AAVE-USDT,287.83,287.84,158.0,147.0
2025-07-25T08:18:04.079671,ALGO-USDT,0.258,0.2581,695.0,51.0
2025-07-25T08:18:04.079703,A-USDT,0.5602,0.5603,69.0,79.0
2025-07-25T08:18:04.175841,AAVE-USDT,287.83,287.85,158.0,98.0
2025-07-25T08:18:04.175886,ALGO-USDT,0.258,0.2582,695.0,1909.0
2025-07-25T08:18:04.276106,ALGO-USDT,0.2581,0.2582,632.0,1909.0
2025-07-25T08:18:04.276151,AAVE-USDT,287.85,287.86,31.0,157.0
2025-07-25T08:18:04.576181,AAVE-USDT,287.85,287.86,31.0,157.0
2025-07-25T08:18:04.576653,ACE-USDT,0.563,0.564,299.0,276.0
2025-07-25T08:18:04.779587,AAVE-USDT,287.87,287.9,82.0,182.0
2025-07-25T08:18:04.878043,AAVE-USDT,287.91,287.94,28.0,127.0
2025-07-25T08:18:04.974921,AAVE-USDT,287.91,287.97,28.0,32.0
2025-07-25T08:18:05.074986,AAVE-USDT,287.88,287.91,151.0,12.0
2025-07-25T08:18:05.174934,AAVE-USDT,287.86,287.91,197.0,12.0
2025-07-25T08:18:05.175181,A-USDT,0.5595,0.5603,11.0,77.0
2025-07-25T08:18:05.279972,AAVE-USDT,287.88,287.89,135.0,153.0
2025-07-25T08:18:05.375230,AAVE-USDT,287.89,287.91,155.0,12.0
2025-07-25T08:18:05.476280,ACE-USDT,0.563,0.565,299.0,47.0
2025-07-25T08:18:05.574973,AAVE-USDT,287.9,287.91,175.0,12.0
2025-07-25T08:18:05.575395,ACE-USDT,0.564,0.565,7.0,47.0
2025-07-25T08:18:05.899274,AAVE-USDT,287.89,287.91,145.0,12.0
2025-07-25T08:18:05.899521,ACE-USDT,0.563,0.564,299.0,92.0
2025-07-25T08:18:05.899634,A-USDT,0.5602,0.5603,11.0,77.0
2025-07-25T08:18:05.979956,ACE-USDT,0.564,0.565,7.0,47.0
2025-07-25T08:18:05.979996,AAVE-USDT,287.9,287.91,178.0,12.0
2025-07-25T08:18:06.576375,A-USDT,0.5602,0.5609,11.0,13.0
2025-07-25T08:18:06.675142,AAVE-USDT,287.94,287.99,171.0,131.0
2025-07-25T08:18:06.675184,A-USDT,0.5602,0.5604,11.0,83.0
2025-07-25T08:18:06.795264,A-USDT,0.5603,0.5604,59.0,83.0
2025-07-25T08:18:06.874942,ACE-USDT,0.564,0.565,7.0,46.0
2025-07-25T08:18:07.075032,ACE-USDT,0.564,0.565,7.0,46.0
2025-07-25T08:18:07.179840,AAVE-USDT,287.99,288.0,100.0,61.0
2025-07-25T08:18:07.179877,ADA-USDT,0.7988,0.799,31.0,321.0
2025-07-25T08:18:07.274949,ALGO-USDT,0.2581,0.2583,632.0,1705.0
2025-07-25T08:18:07.386952,ADA-USDT,0.7989,0.7991,263.0,114.0
2025-07-25T08:18:07.480604,ADA-USDT,0.799,0.7991,377.0,114.0
2025-07-25T08:18:07.480645,AAVE-USDT,287.99,288.0,100.0,61.0
2025-07-25T08:18:07.480678,ALGO-USDT,0.2581,0.2582,632.0,208.0
2025-07-25T08:18:07.480703,A-USDT,0.5603,0.561,59.0,42.0
2025-07-25T08:18:07.575994,AAVE-USDT,287.99,288.0,100.0,162.0
2025-07-25T08:18:07.689009,ADA-USDT,0.7989,0.7991,263.0,114.0
2025-07-25T08:18:07.689094,ALGO-USDT,0.2581,0.2582,632.0,203.0
2025-07-25T08:18:07.790451,ADA-USDT,0.7988,0.799,31.0,237.0
2025-07-25T08:18:07.878599,A-USDT,0.5603,0.5604,59.0,94.0
2025-07-25T08:18:07.878638,ALGO-USDT,0.2581,0.2582,632.0,792.0
2025-07-25T08:18:07.878672,ADA-USDT,0.7988,0.799,31.0,236.0
2025-07-25T08:18:07.975131,ACE-USDT,0.564,0.565,7.0,5.0
2025-07-25T08:18:07.975355,AAVE-USDT,287.98,288.0,26.0,162.0
2025-07-25T08:18:08.095999,ADA-USDT,0.7988,0.7989,31.0,146.0
2025-07-25T08:18:08.179135,AAVE-USDT,288.03,288.04,27.0,40.0
2025-07-25T08:18:08.383386,A-USDT,0.5603,0.561,59.0,42.0
2025-07-25T08:18:08.383425,AAVE-USDT,287.99,288.04,177.0,40.0
2025-07-25T08:18:08.479385,AAVE-USDT,287.99,288.02,177.0,113.0
2025-07-25T08:18:08.579638,AAVE-USDT,287.98,288.01,26.0,179.0
2025-07-25T08:18:08.579678,ACE-USDT,0.564,0.565,7.0,5.0
2025-07-25T08:18:08.675213,A-USDT,0.5603,0.5604,59.0,13.0
2025-07-25T08:18:08.675267,AAVE-USDT,287.97,287.99,186.0,67.0
2025-07-25T08:18:08.780166,AAVE-USDT,287.94,287.98,171.0,26.0
2025-07-25T08:18:09.075674,ADA-USDT,0.7987,0.7989,74.0,146.0
2025-07-25T08:18:09.175952,ADA-USDT,0.7986,0.7987,51.0,208.0
2025-07-25T08:18:09.285013,ADA-USDT,0.7986,0.7987,51.0,197.0
2025-07-25T08:18:09.384302,AAVE-USDT,287.92,287.97,12.0,20.0
2025-07-25T08:18:09.482708,AAVE-USDT,287.91,287.95,11.0,22.0
2025-07-25T08:18:09.575658,A-USDT,0.5596,0.5604,34.0,13.0
2025-07-25T08:18:09.678052,AAVE-USDT,287.92,287.95,62.0,22.0
2025-07-25T08:18:09.775545,AAVE-USDT,287.94,287.95,34.0,22.0
2025-07-25T08:18:09.881245,ADA-USDT,0.7986,0.7987,51.0,197.0
2025-07-25T08:18:09.975967,ACE-USDT,0.564,0.565,7.0,2.0
2025-07-25T08:18:09.976647,ADA-USDT,0.7986,0.7988,51.0,240.0
2025-07-25T08:18:09.978049,AAVE-USDT,287.96,288.0,138.0,71.0
2025-07-25T08:18:10.078294,ACE-USDT,0.564,0.565,7.0,2.0
2025-07-25T08:18:10.078327,AAVE-USDT,287.96,287.99,138.0,191.0
2025-07-25T08:18:10.202620,ACE-USDT,0.564,0.565,7.0,500.0
2025-07-25T08:18:10.202665,AAVE-USDT,287.97,287.98,170.0,73.0
2025-07-25T08:18:10.202698,ADA-USDT,0.7986,0.7987,51.0,145.0
2025-07-25T08:18:10.275863,AAVE-USDT,287.98,288.0,21.0,71.0
2025-07-25T08:18:10.380243,AAVE-USDT,287.98,287.99,21.0,106.0
2025-07-25T08:18:10.380279,ADA-USDT,0.7986,0.7988,51.0,240.0
2025-07-25T08:18:10.576077,A-USDT,0.5602,0.5604,73.0,13.0
2025-07-25T08:18:10.677474,ADA-USDT,0.7986,0.7987,51.0,132.0
2025-07-25T08:18:10.677508,A-USDT,0.5602,0.5603,73.0,10.0
2025-07-25T08:18:10.878050,AAVE-USDT,287.98,287.99,21.0,98.0
2025-07-25T08:18:10.878085,ADA-USDT,0.7989,0.799,153.0,236.0
2025-07-25T08:18:11.003002,A-USDT,0.5602,0.5603,73.0,10.0
2025-07-25T08:18:11.003857,ADA-USDT,0.7989,0.799,153.0,169.0
2025-07-25T08:18:11.078244,AAVE-USDT,287.98,287.99,21.0,98.0
2025-07-25T08:18:11.308196,ADA-USDT,0.7988,0.799,250.0,169.0
2025-07-25T08:18:11.308224,AAVE-USDT,287.94,287.98,34.0,18.0
2025-07-25T08:18:11.376090,ADA-USDT,0.7987,0.7988,154.0,142.0
2025-07-25T08:18:11.376232,AAVE-USDT,287.92,287.98,62.0,18.0
2025-07-25T08:18:11.487386,ADA-USDT,0.7986,0.7988,51.0,142.0
2025-07-25T08:18:11.491983,AAVE-USDT,287.91,287.95,11.0,19.0
2025-07-25T08:18:11.692184,A-USDT,0.5595,0.5603,11.0,10.0
2025-07-25T08:18:11.692227,ACE-USDT,0.564,0.565,7.0,500.0
2025-07-25T08:18:11.692262,ADA-USDT,0.7986,0.7988,51.0,142.0
2025-07-25T08:18:11.877475,ACE-USDT,0.563,0.564,299.0,500.0
2025-07-25T08:18:12.074843,ADA-USDT,0.7986,0.7987,51.0,143.0
2025-07-25T08:18:12.198895,ALGO-USDT,0.2581,0.2582,632.0,787.0
2025-07-25T08:18:12.374995,ALGO-USDT,0.2581,0.2582,632.0,787.0
2025-07-25T08:18:12.577116,AAVE-USDT,287.94,287.95,163.0,19.0
2025-07-25T08:18:12.678962,AAVE-USDT,287.92,287.95,46.0,19.0
2025-07-25T08:18:12.775068,AAVE-USDT,287.91,287.95,11.0,19.0
2025-07-25T08:18:12.776803,A-USDT,0.5602,0.5603,21.0,10.0
2025-07-25T08:18:12.887394,AAVE-USDT,287.91,287.94,11.0,147.0
2025-07-25T08:18:12.980341,AAVE-USDT,287.91,287.92,11.0,117.0
2025-07-25T08:18:13.076977,A-USDT,0.5595,0.5603,11.0,10.0
2025-07-25T08:18:13.077033,AAVE-USDT,287.91,287.94,11.0,147.0
2025-07-25T08:18:13.178564,ALGO-USDT,0.258,0.2582,695.0,787.0
2025-07-25T08:18:13.178605,ADA-USDT,0.7985,0.7987,313.0,140.0
2025-07-25T08:18:13.178638,AAVE-USDT,287.91,287.96,11.0,32.0
2025-07-25T08:18:13.178668,A-USDT,0.5595,0.5603,11.0,10.0
2025-07-25T08:18:13.291861,ADA-USDT,0.7984,0.7985,27.0,148.0
2025-07-25T08:18:13.291910,ALGO-USDT,0.258,0.2581,695.0,686.0
2025-07-25T08:18:13.291961,AAVE-USDT,287.91,287.92,11.0,16.0
2025-07-25T08:18:13.375320,ALGO-USDT,0.258,0.2581,695.0,679.0
2025-07-25T08:18:13.580562,ALGO-USDT,0.258,0.2581,695.0,679.0
2025-07-25T08:18:13.580613,A-USDT,0.5595,0.5603,11.0,10.0
2025-07-25T08:18:13.675519,AAVE-USDT,287.9,287.92,152.0,16.0
2025-07-25T08:18:13.675555,ADA-USDT,0.7983,0.7985,18.0,148.0
2025-07-25T08:18:13.675885,A-USDT,0.5594,0.5609,23.0,26.0
2025-07-25T08:18:13.776225,AAVE-USDT,287.87,287.91,15.0,34.0
2025-07-25T08:18:13.776261,ADA-USDT,0.7982,0.7984,167.0,730.0
2025-07-25T08:18:13.776284,ALGO-USDT,0.2579,0.2581,320.0,679.0
2025-07-25T08:18:13.776303,ACE-USDT,0.563,0.564,299.0,268.0
2025-07-25T08:18:13.877185,AAVE-USDT,287.84,287.87,29.0,139.0
2025-07-25T08:18:13.877213,A-USDT,0.5601,0.5608,24.0,14.0
2025-07-25T08:18:13.877239,ADA-USDT,0.7984,0.7986,101.0,378.0
2025-07-25T08:18:13.877266,ALGO-USDT,0.258,0.2582,1631.0,787.0
2025-07-25T08:18:14.076734,ALGO-USDT,0.258,0.2581,1631.0,82.0
2025-07-25T08:18:14.076807,AAVE-USDT,287.92,287.99,90.0,220.0
2025-07-25T08:18:14.077087,ACE-USDT,0.563,0.564,299.0,268.0
2025-07-25T08:18:14.077896,A-USDT,0.5602,0.5603,45.0,12.0
2025-07-25T08:18:14.177362,AAVE-USDT,287.94,287.96,22.0,198.0
2025-07-25T08:18:14.277691,AAVE-USDT,287.93,287.96,99.0,11.0
2025-07-25T08:18:14.488286,ADA-USDT,0.7984,0.7986,101.0,297.0
2025-07-25T08:18:14.488346,AAVE-USDT,287.95,287.98,141.0,49.0
2025-07-25T08:18:14.488407,A-USDT,0.5602,0.5603,45.0,12.0
2025-07-25T08:18:14.488438,ACE-USDT,0.563,0.564,299.0,190.0
2025-07-25T08:18:14.577714,ADA-USDT,0.7986,0.7987,311.0,140.0
2025-07-25T08:18:14.577805,AAVE-USDT,287.97,288.02,112.0,69.0
2025-07-25T08:18:14.578854,ALGO-USDT,0.258,0.2582,1631.0,787.0
2025-07-25T08:18:14.578893,A-USDT,0.5602,0.5603,45.0,10.0
2025-07-25T08:18:14.675489,AAVE-USDT,287.99,288.02,137.0,69.0
2025-07-25T08:18:14.675528,ALGO-USDT,0.2581,0.2582,1091.0,787.0
2025-07-25T08:18:14.776758,ACE-USDT,0.564,0.565,119.0,450.0
2025-07-25T08:18:14.777846,AAVE-USDT,287.99,288.04,23.0,99.0
2025-07-25T08:18:14.877335,AAVE-USDT,288.01,288.04,47.0,99.0
2025-07-25T08:18:14.877383,A-USDT,0.5602,0.5609,45.0,26.0
2025-07-25T08:18:14.877611,ALGO-USDT,0.2581,0.2583,1003.0,1705.0
2025-07-25T08:18:14.978026,AAVE-USDT,288.01,288.06,47.0,93.0
2025-07-25T08:18:14.978068,A-USDT,0.5603,0.5604,94.0,96.0
2025-07-25T08:18:15.076209,ADA-USDT,0.7986,0.7987,311.0,91.0
2025-07-25T08:18:15.076664,ALGO-USDT,0.2581,0.2582,1003.0,244.0
2025-07-25T08:18:15.076992,AAVE-USDT,288.02,288.03,83.0,40.0
2025-07-25T08:18:15.277130,ALGO-USDT,0.2581,0.2582,1003.0,210.0
2025-07-25T08:18:15.377079,ALGO-USDT,0.2581,0.2582,1003.0,680.0
2025-07-25T08:18:15.377113,AAVE-USDT,288.01,288.03,47.0,40.0
2025-07-25T08:18:15.576137,AAVE-USDT,288.02,288.05,96.0,129.0
2025-07-25T08:18:15.577678,ADA-USDT,0.7986,0.7987,21.0,91.0
2025-07-25T08:18:15.676238,ACE-USDT,0.564,0.565,119.0,450.0
2025-07-25T08:18:15.676585,ADA-USDT,0.7985,0.7986,518.0,163.0
2025-07-25T08:18:15.776796,AAVE-USDT,288.01,288.05,47.0,129.0
2025-07-25T08:18:15.776871,ALGO-USDT,0.258,0.2582,1631.0,680.0
