timestamp,symbol,bid,ask,bid_vol,ask_vol
2025-07-25T08:16:28.447908,AAVE-USDT,287.07,287.13,18.0,139.0
2025-07-25T08:16:28.448030,AAVE-USDT,287.06,287.13,20.0,139.0
2025-07-25T08:16:28.448075,ACE-USDT,0.5606,0.5618,5351.0,9548.0
2025-07-25T08:16:28.448103,AAVE-USDT,287.08,287.13,20.0,139.0
2025-07-25T08:16:28.448125,AAVE-USDT,287.05,287.13,10.0,139.0
2025-07-25T08:16:28.448144,ADA-USDT,0.7973,0.7974,86.0,74.0
2025-07-25T08:16:28.448166,AAVE-USDT,287.06,287.13,20.0,139.0
2025-07-25T08:16:28.448187,AERGO-USDT,0.13062,0.13073,692.0,24.0
2025-07-25T08:16:28.448209,ADA-USDT,0.7973,0.7974,77.0,74.0
2025-07-25T08:16:28.453698,ADA-USDT,0.7973,0.7974,77.0,152.0
2025-07-25T08:16:28.453739,A-USDT,0.5591,0.5593,16.0,15.0
2025-07-25T08:16:28.453767,ADA-USDT,0.7973,0.7974,77.0,74.0
2025-07-25T08:16:28.453821,ACH-USDT,0.02161,0.02163,175.0,908.0
2025-07-25T08:16:28.453858,AERGO-USDT,0.13062,0.13073,721.0,24.0
2025-07-25T08:16:28.453889,AERGO-USDT,0.13062,0.13079,721.0,50.0
2025-07-25T08:16:28.453917,ADA-USDT,0.7973,0.7974,155.0,74.0
2025-07-25T08:16:28.453942,AERGO-USDT,0.13062,0.13079,29.0,50.0
2025-07-25T08:16:28.453967,AERGO-USDT,0.13063,0.13079,692.0,50.0
2025-07-25T08:16:28.453997,1INCH-USDT,0.2729,0.2731,224.0,9711.0
2025-07-25T08:16:28.454028,ADA-USDT,0.7973,0.7974,77.0,74.0
2025-07-25T08:16:28.454071,ADA-USDT,0.7973,0.7974,155.0,74.0
2025-07-25T08:16:28.454101,ACH-USDT,0.0216,0.02163,174.0,908.0
2025-07-25T08:16:28.454131,1INCH-USDT,0.2728,0.2731,220.0,9711.0
2025-07-25T08:16:28.454152,1INCH-USDT,0.2729,0.2731,12.0,9711.0
2025-07-25T08:16:28.454172,ADA-USDT,0.7973,0.7974,520.0,74.0
2025-07-25T08:16:28.454201,ADA-USDT,0.7973,0.7974,520.0,24.0
2025-07-25T08:16:28.454220,ADA-USDT,0.7973,0.7974,493.0,24.0
2025-07-25T08:16:28.454240,ADA-USDT,0.7973,0.7974,520.0,24.0
2025-07-25T08:16:28.454261,ADA-USDT,0.7973,0.7974,520.0,74.0
2025-07-25T08:16:28.454280,ADA-USDT,0.7973,0.7974,155.0,74.0
2025-07-25T08:16:28.454301,ALCH-USDT,0.13748,0.1376,31.0,31.0
2025-07-25T08:16:28.454323,AI16Z-USDT,0.1464,0.1465,813.0,7064.0
2025-07-25T08:16:28.454345,ADA-USDT,0.7973,0.7974,77.0,74.0
2025-07-25T08:16:28.454364,ADA-USDT,0.7973,0.7974,77.0,152.0
2025-07-25T08:16:28.454382,AGT-USDT,0.005595,0.005604,6.0,349.0
2025-07-25T08:16:28.454405,AGT-USDT,0.005595,0.005603,6.0,2.0
2025-07-25T08:16:28.454430,AI16Z-USDT,0.1464,0.1465,813.0,6064.0
2025-07-25T08:16:28.454451,AGT-USDT,0.005595,0.005603,355.0,2.0
2025-07-25T08:16:28.454471,1INCH-USDT,0.2729,0.2731,236.0,9711.0
2025-07-25T08:16:28.454491,ADA-USDT,0.7973,0.7974,77.0,74.0
2025-07-25T08:16:28.454510,ALT-USDT,0.03343,0.03348,703.0,84951.0
2025-07-25T08:16:28.454530,AAVE-USDT,287.07,287.13,18.0,139.0
2025-07-25T08:16:28.456038,AAVE-USDT,287.08,287.13,38.0,139.0
2025-07-25T08:16:28.500965,ADA-USDT,0.7973,0.7974,155.0,74.0
2025-07-25T08:16:28.540927,ADA-USDT,0.7973,0.7974,77.0,74.0
2025-07-25T08:16:28.572716,AERO-USDT,0.8756,0.8767,464.0,231.0
2025-07-25T08:16:28.685137,AIXBT-USDT,0.1395,0.13957,591.0,695.0
2025-07-25T08:16:28.689149,ALT-USDT,0.03342,0.03348,13982.0,84951.0
2025-07-25T08:16:28.714777,AIXBT-USDT,0.13943,0.13957,71.0,731.0
2025-07-25T08:16:28.716618,AGT-USDT,0.005599,0.005603,1049.0,2.0
2025-07-25T08:16:28.763005,AAVE-USDT,287.08,287.11,38.0,766.0
2025-07-25T08:16:28.766702,AGT-USDT,0.005595,0.005603,355.0,133.0
2025-07-25T08:16:28.771115,ADA-USDT,0.7973,0.7974,155.0,74.0
2025-07-25T08:16:28.778810,AAVE-USDT,287.08,287.14,18.0,652.0
2025-07-25T08:16:28.783021,ADA-USDT,0.7973,0.7974,520.0,74.0
2025-07-25T08:16:28.797458,AGT-USDT,0.005595,0.005603,355.0,131.0
2025-07-25T08:16:28.823007,AGT-USDT,0.005595,0.005602,355.0,2.0
2025-07-25T08:16:28.824872,AI16Z-USDT,0.1464,0.1465,813.0,8475.0
2025-07-25T08:16:28.863239,AERGO-USDT,0.13063,0.13069,692.0,520.0
2025-07-25T08:16:28.870996,AIXBT-USDT,0.13944,0.13957,19.0,731.0
2025-07-25T08:16:28.879043,ADA-USDT,0.7973,0.7974,493.0,74.0
2025-07-25T08:16:28.894853,AAVE-USDT,287.08,287.13,18.0,74.0
2025-07-25T08:16:28.969411,ADA-USDT,0.7973,0.7974,493.0,24.0
2025-07-25T08:16:28.974186,AAVE-USDT,287.09,287.13,20.0,74.0
2025-07-25T08:16:28.987034,ADA-USDT,0.7973,0.7974,507.0,24.0
2025-07-25T08:16:28.993092,AGT-USDT,0.005595,0.0056,6.0,349.0
2025-07-25T08:16:29.001094,AAVE-USDT,287.09,287.13,30.0,74.0
2025-07-25T08:16:29.004915,AGT-USDT,0.005595,0.0056,6.0,480.0
2025-07-25T08:16:29.013085,AAVE-USDT,287.09,287.13,10.0,74.0
2025-07-25T08:16:29.015080,ADA-USDT,0.7973,0.7974,548.0,24.0
2025-07-25T08:16:29.033113,AERGO-USDT,0.13063,0.13079,692.0,50.0
2025-07-25T08:16:29.045089,ADA-USDT,0.7973,0.7974,534.0,24.0
2025-07-25T08:16:29.062922,ADA-USDT,0.7973,0.7974,548.0,24.0
2025-07-25T08:16:29.072925,1INCH-USDT,0.2729,0.2731,224.0,9711.0
2025-07-25T08:16:29.073188,AI16Z-USDT,0.1464,0.1465,813.0,6064.0
2025-07-25T08:16:29.114934,1INCH-USDT,0.2729,0.2731,220.0,9711.0
2025-07-25T08:16:29.135145,AIXBT-USDT,0.13944,0.13957,19.0,767.0
2025-07-25T08:16:29.165403,ADA-USDT,0.7973,0.7974,549.0,24.0
2025-07-25T08:16:29.175459,1INCH-USDT,0.2729,0.2731,12.0,9711.0
2025-07-25T08:16:29.194736,AAVE-USDT,287.1,287.13,20.0,74.0
2025-07-25T08:16:29.197425,AGT-USDT,0.005595,0.005599,6.0,2.0
2025-07-25T08:16:29.202994,AI16Z-USDT,0.1464,0.1465,2413.0,6064.0
2025-07-25T08:16:29.204958,A-USDT,0.5591,0.5593,23.0,15.0
2025-07-25T08:16:29.218924,ALT-USDT,0.03344,0.03348,703.0,84951.0
2025-07-25T08:16:29.222919,ADA-USDT,0.7974,0.7975,134.0,8.0
2025-07-25T08:16:29.236743,ADA-USDT,0.7974,0.7975,212.0,8.0
2025-07-25T08:16:29.242866,AIXBT-USDT,0.13943,0.13957,71.0,767.0
2025-07-25T08:16:29.249186,AAVE-USDT,287.09,287.13,10.0,74.0
2025-07-25T08:16:29.263186,AAVE-USDT,287.09,287.13,30.0,74.0
2025-07-25T08:16:29.265302,ADA-USDT,0.7974,0.7975,225.0,8.0
2025-07-25T08:16:29.271162,AEVO-USDT,0.1043,0.1044,168.0,254.0
2025-07-25T08:16:29.274977,1INCH-USDT,0.2729,0.2731,236.0,9711.0
2025-07-25T08:16:29.275022,ADA-USDT,0.7974,0.7975,406.0,8.0
2025-07-25T08:16:29.278946,A-USDT,0.5591,0.5593,23.0,7.0
2025-07-25T08:16:29.280695,AEVO-USDT,0.10431,0.10441,9382.0,166.0
2025-07-25T08:16:29.289220,A-USDT,0.5591,0.5594,23.0,15.0
2025-07-25T08:16:29.298590,AEVO-USDT,0.10432,0.10441,2981.0,166.0
2025-07-25T08:16:29.307215,ALT-USDT,0.03344,0.03347,703.0,25485.0
2025-07-25T08:16:29.310271,AIXBT-USDT,0.13945,0.13957,19.0,767.0
2025-07-25T08:16:29.310313,1INCH-USDT,0.2729,0.2731,16.0,9711.0
2025-07-25T08:16:29.317178,AEVO-USDT,0.10433,0.10442,166.0,500.0
2025-07-25T08:16:29.319132,ADA-USDT,0.7975,0.7976,125.0,50.0
2025-07-25T08:16:29.329418,ADA-USDT,0.7975,0.7976,139.0,50.0
2025-07-25T08:16:29.336917,AIXBT-USDT,0.13949,0.13957,71.0,731.0
2025-07-25T08:16:29.355680,ALGO-USDT,0.25748,0.25775,127.0,122.0
2025-07-25T08:16:29.366774,AIXBT-USDT,0.13949,0.13957,71.0,695.0
2025-07-25T08:16:29.368976,AEVO-USDT,0.10433,0.10442,3041.0,500.0
2025-07-25T08:16:29.377865,ADA-USDT,0.7975,0.7977,528.0,53.0
2025-07-25T08:16:29.378804,AEVO-USDT,0.10434,0.10442,166.0,500.0
2025-07-25T08:16:29.386958,ADA-USDT,0.7976,0.7977,95.0,53.0
2025-07-25T08:16:29.388835,AEVO-USDT,0.10434,0.10442,211.0,500.0
2025-07-25T08:16:29.396110,AIXBT-USDT,0.13949,0.13957,71.0,623.0
2025-07-25T08:16:29.399035,AEVO-USDT,0.10435,0.10442,166.0,500.0
2025-07-25T08:16:29.405904,AIXBT-USDT,0.1395,0.13966,19.0,362.0
2025-07-25T08:16:29.410920,AEVO-USDT,0.10435,0.10442,211.0,500.0
2025-07-25T08:16:29.411226,AI-USDT,0.13077,0.13105,43.0,92.0
2025-07-25T08:16:29.411264,AGLD-USDT,0.7676,0.7688,390.0,780.0
2025-07-25T08:16:29.422419,AIXBT-USDT,0.1395,0.13969,19.0,71.0
2025-07-25T08:16:29.422988,AI-USDT,0.13077,0.13105,133.0,92.0
2025-07-25T08:16:29.423165,AGLD-USDT,0.7677,0.7688,100.0,780.0
2025-07-25T08:16:29.425302,AEVO-USDT,0.10436,0.10442,166.0,500.0
2025-07-25T08:16:29.427158,1INCH-USDT,0.2729,0.2731,236.0,9711.0
2025-07-25T08:16:29.444950,AI-USDT,0.13077,0.13105,43.0,92.0
2025-07-25T08:16:29.447144,AIXBT-USDT,0.1395,0.13966,19.0,51.0
2025-07-25T08:16:29.458906,ADA-USDT,0.7976,0.7977,122.0,53.0
2025-07-25T08:16:29.466900,AI-USDT,0.13078,0.13103,90.0,377.0
2025-07-25T08:16:29.470868,AGLD-USDT,0.7677,0.7688,490.0,780.0
2025-07-25T08:16:29.471317,AIXBT-USDT,0.1395,0.13966,19.0,44.0
2025-07-25T08:16:29.472722,1INCH-USDT,0.2729,0.2731,224.0,9711.0
2025-07-25T08:16:29.485187,AI-USDT,0.13078,0.13102,90.0,467.0
2025-07-25T08:16:29.488109,ALT-USDT,0.03344,0.03348,703.0,84951.0
2025-07-25T08:16:29.495258,ADA-USDT,0.7976,0.7977,200.0,53.0
2025-07-25T08:16:29.498998,AIXBT-USDT,0.13949,0.13966,71.0,44.0
2025-07-25T08:16:29.506920,AI-USDT,0.13078,0.13101,90.0,467.0
2025-07-25T08:16:29.510940,AIXBT-USDT,0.13951,0.13966,19.0,44.0
2025-07-25T08:16:29.525197,AI-USDT,0.13077,0.131,43.0,467.0
2025-07-25T08:16:29.544777,ADA-USDT,0.7976,0.7977,173.0,53.0
2025-07-25T08:16:29.546711,AI-USDT,0.13079,0.13099,43.0,537.0
2025-07-25T08:16:29.547119,1INCH-USDT,0.2729,0.2731,220.0,9711.0
2025-07-25T08:16:29.556928,AI-USDT,0.13079,0.13098,43.0,467.0
2025-07-25T08:16:29.564304,AIN-USDT,0.15305,0.1532,7.0,23.0
2025-07-25T08:16:29.565205,AGLD-USDT,0.7677,0.7688,490.0,390.0
2025-07-25T08:16:29.568328,AI-USDT,0.13079,0.13097,43.0,467.0
2025-07-25T08:16:29.579556,1INCH-USDT,0.2728,0.2731,220.0,9711.0
2025-07-25T08:16:29.583360,AIXBT-USDT,0.13951,0.13965,19.0,1954.0
2025-07-25T08:16:29.585126,AI-USDT,0.13079,0.13096,43.0,467.0
2025-07-25T08:16:29.585165,AIN-USDT,0.15305,0.15317,7.0,32.0
2025-07-25T08:16:29.604949,AI-USDT,0.13079,0.13095,43.0,90.0
2025-07-25T08:16:29.606996,AIN-USDT,0.15305,0.15317,5.0,35.0
2025-07-25T08:16:29.613183,AIXBT-USDT,0.13951,0.13964,21.0,586.0
2025-07-25T08:16:29.619033,AIN-USDT,0.15303,0.15317,2.0,35.0
2025-07-25T08:16:29.629186,AGLD-USDT,0.7677,0.7696,490.0,56.0
2025-07-25T08:16:29.629235,AI-USDT,0.13079,0.13095,26.0,90.0
2025-07-25T08:16:29.647840,AI-USDT,0.13074,0.13095,133.0,90.0
2025-07-25T08:16:29.647881,ADA-USDT,0.7976,0.7977,173.0,66.0
2025-07-25T08:16:29.651294,ALGO-USDT,0.25748,0.25775,204.0,122.0
2025-07-25T08:16:29.654954,AGLD-USDT,0.7677,0.7696,490.0,389.0
2025-07-25T08:16:29.666830,AI-USDT,0.13074,0.13093,133.0,90.0
2025-07-25T08:16:29.680970,AEVO-USDT,0.10436,0.10441,166.0,166.0
2025-07-25T08:16:29.686816,AI-USDT,0.13075,0.13093,90.0,90.0
2025-07-25T08:16:29.701140,1INCH-USDT,0.2729,0.2731,12.0,9711.0
2025-07-25T08:16:29.701189,ACE-USDT,0.5606,0.5618,10702.0,9548.0
2025-07-25T08:16:29.702882,ADA-USDT,0.7976,0.7977,200.0,66.0
2025-07-25T08:16:29.729382,AIXBT-USDT,0.13951,0.13964,2.0,586.0
2025-07-25T08:16:29.733502,1INCH-USDT,0.2729,0.2731,236.0,9711.0
2025-07-25T08:16:29.746697,AI-USDT,0.13076,0.13092,43.0,377.0
2025-07-25T08:16:29.762948,ACE-USDT,0.5606,0.5618,16053.0,9548.0
2025-07-25T08:16:29.766605,AI-USDT,0.13076,0.13091,43.0,377.0
2025-07-25T08:16:29.784996,AI-USDT,0.13076,0.1309,43.0,377.0
2025-07-25T08:16:29.791124,AEVO-USDT,0.10436,0.10442,166.0,500.0
2025-07-25T08:16:29.803087,ADA-USDT,0.7976,0.7977,214.0,16.0
2025-07-25T08:16:29.813005,AAVE-USDT,287.1,287.13,18.0,74.0
2025-07-25T08:16:29.823398,ADA-USDT,0.7976,0.7977,200.0,16.0
2025-07-25T08:16:29.833119,AAVE-USDT,287.12,287.13,18.0,74.0
2025-07-25T08:16:29.842063,ADA-USDT,0.7976,0.7977,228.0,16.0
2025-07-25T08:16:29.842112,AI16Z-USDT,0.1464,0.1465,2413.0,5208.0
2025-07-25T08:16:29.843354,AAVE-USDT,287.12,287.14,18.0,791.0
2025-07-25T08:16:29.849339,AI-USDT,0.13076,0.1309,133.0,377.0
2025-07-25T08:16:29.851286,AI16Z-USDT,0.1464,0.1465,3405.0,2956.0
2025-07-25T08:16:29.851752,ALT-USDT,0.03344,0.03347,703.0,25485.0
2025-07-25T08:16:29.855005,AAVE-USDT,287.13,287.14,18.0,791.0
2025-07-25T08:16:29.855293,ALGO-USDT,0.25748,0.25775,77.0,122.0
2025-07-25T08:16:29.858147,A-USDT,0.5591,0.5594,280.0,15.0
2025-07-25T08:16:29.861307,AIXBT-USDT,0.13952,0.13964,19.0,637.0
2025-07-25T08:16:29.863335,AI16Z-USDT,0.1464,0.1465,4105.0,2472.0
2025-07-25T08:16:29.866917,AAVE-USDT,287.13,287.15,48.0,1819.0
2025-07-25T08:16:29.867222,AI-USDT,0.13077,0.1309,90.0,377.0
2025-07-25T08:16:29.879410,AAVE-USDT,287.14,287.15,18.0,1819.0
2025-07-25T08:16:29.881881,ACT-USDT,0.044,0.04403,199.0,111.0
2025-07-25T08:16:29.892872,AI16Z-USDT,0.1464,0.1465,3405.0,2472.0
2025-07-25T08:16:29.893258,ACH-USDT,0.0216,0.02163,174.0,732.0
2025-07-25T08:16:29.894928,A-USDT,0.5592,0.5594,3.0,15.0
2025-07-25T08:16:29.898988,ACT-USDT,0.044,0.04405,199.0,104.0
2025-07-25T08:16:29.911059,ACT-USDT,0.044,0.04403,199.0,1362.0
2025-07-25T08:16:29.919378,AAVE-USDT,287.14,287.17,18.0,10.0
2025-07-25T08:16:29.921198,ACT-USDT,0.044,0.04403,199.0,681.0
2025-07-25T08:16:29.925252,ADA-USDT,0.7976,0.7977,214.0,16.0
2025-07-25T08:16:29.933447,ACT-USDT,0.044,0.04405,199.0,104.0
2025-07-25T08:16:29.933973,AAVE-USDT,287.16,287.17,18.0,10.0
2025-07-25T08:16:29.942351,AIN-USDT,0.15303,0.15317,5.0,35.0
2025-07-25T08:16:29.943570,ALGO-USDT,0.25749,0.25775,127.0,122.0
2025-07-25T08:16:29.943600,ADA-USDT,0.7976,0.7977,200.0,16.0
2025-07-25T08:16:29.946997,ALT-USDT,0.03344,0.03348,703.0,84951.0
2025-07-25T08:16:29.947036,1INCH-USDT,0.2729,0.2731,16.0,9711.0
2025-07-25T08:16:29.948737,ACT-USDT,0.04401,0.04409,1135.0,1136.0
2025-07-25T08:16:29.955466,AIXBT-USDT,0.13953,0.13964,19.0,637.0
2025-07-25T08:16:29.959256,ACT-USDT,0.04401,0.04409,1201.0,1136.0
2025-07-25T08:16:29.971540,ACT-USDT,0.04401,0.04409,1201.0,1.0
2025-07-25T08:16:29.984064,AIXBT-USDT,0.13953,0.13964,19.0,586.0
2025-07-25T08:16:29.984298,AAVE-USDT,287.13,287.17,10.0,10.0
2025-07-25T08:16:29.991637,AI16Z-USDT,0.1464,0.1465,3678.0,2472.0
2025-07-25T08:16:29.991707,ACT-USDT,0.04402,0.04408,12.0,111.0
2025-07-25T08:16:29.992059,ALCH-USDT,0.13748,0.13761,31.0,142.0
2025-07-25T08:16:29.992101,AI-USDT,0.13078,0.1309,133.0,377.0
2025-07-25T08:16:29.998015,AAVE-USDT,287.13,287.17,30.0,10.0
2025-07-25T08:16:30.011224,ACT-USDT,0.04402,0.04407,12.0,111.0
2025-07-25T08:16:30.023596,ADA-USDT,0.7976,0.7977,173.0,16.0
2025-07-25T08:16:30.025362,A-USDT,0.5592,0.5594,10.0,15.0
2025-07-25T08:16:30.031114,AI16Z-USDT,0.1464,0.1465,3678.0,33.0
2025-07-25T08:16:30.033341,AIN-USDT,0.15303,0.15317,5.0,3.0
2025-07-25T08:16:30.051085,AIN-USDT,0.15303,0.15317,2.0,3.0
2025-07-25T08:16:30.063133,ACT-USDT,0.04402,0.04407,78.0,111.0
2025-07-25T08:16:30.069542,AIXBT-USDT,0.13955,0.13964,71.0,586.0
2025-07-25T08:16:30.077921,1INCH-USDT,0.2729,0.2731,224.0,9711.0
2025-07-25T08:16:30.079272,A-USDT,0.5592,0.5594,10.0,8.0
2025-07-25T08:16:30.079311,AI-USDT,0.13078,0.1309,43.0,377.0
2025-07-25T08:16:30.085922,AI16Z-USDT,0.1464,0.1465,3678.0,1.0
2025-07-25T08:16:30.089376,1INCH-USDT,0.273,0.2731,220.0,9711.0
2025-07-25T08:16:30.092446,AI-USDT,0.13079,0.13089,90.0,377.0
2025-07-25T08:16:30.094761,A-USDT,0.5592,0.5595,10.0,15.0
2025-07-25T08:16:30.099216,AGT-USDT,0.005595,0.005604,6.0,349.0
2025-07-25T08:16:30.101129,AI16Z-USDT,0.1464,0.1466,6654.0,7384.0
2025-07-25T08:16:30.107140,1INCH-USDT,0.273,0.2732,220.0,9929.0
2025-07-25T08:16:30.114767,ANIME-USDT,0.018611,0.018641,6339.0,1281.0
2025-07-25T08:16:30.122852,ACH-USDT,0.0216,0.02164,174.0,2460.0
2025-07-25T08:16:30.130960,AI-USDT,0.1308,0.13089,17.0,377.0
2025-07-25T08:16:30.131007,ANIME-USDT,0.018611,0.018645,6339.0,1324.0
2025-07-25T08:16:30.133661,ACH-USDT,0.0216,0.02164,1437.0,2460.0
2025-07-25T08:16:30.145037,ACH-USDT,0.02161,0.02164,175.0,2360.0
2025-07-25T08:16:30.147111,AI-USDT,0.1308,0.13088,43.0,377.0
2025-07-25T08:16:30.147162,AERGO-USDT,0.13064,0.13079,721.0,50.0
2025-07-25T08:16:30.149079,A-USDT,0.5592,0.5595,365.0,15.0
2025-07-25T08:16:30.164409,AI16Z-USDT,0.1464,0.1466,9423.0,7384.0
2025-07-25T08:16:30.177080,ADA-USDT,0.7976,0.7977,200.0,16.0
2025-07-25T08:16:30.184809,AGLD-USDT,0.7677,0.7695,490.0,100.0
2025-07-25T08:16:30.190652,AI16Z-USDT,0.1464,0.1466,10423.0,7384.0
2025-07-25T08:16:30.190938,ANIME-USDT,0.018611,0.018634,6339.0,6339.0
2025-07-25T08:16:30.199105,AGT-USDT,0.005595,0.005603,6.0,2.0
2025-07-25T08:16:30.199720,A-USDT,0.5592,0.5596,365.0,15.0
2025-07-25T08:16:30.204732,AI-USDT,0.1308,0.13087,43.0,377.0
2025-07-25T08:16:30.209218,ACH-USDT,0.02161,0.02164,175.0,3091.0
2025-07-25T08:16:30.215021,AERGO-USDT,0.13064,0.13079,29.0,50.0
2025-07-25T08:16:30.216728,ACT-USDT,0.04406,0.04409,1135.0,105.0
2025-07-25T08:16:30.228935,AI-USDT,0.1308,0.13087,26.0,377.0
2025-07-25T08:16:30.234824,AI16Z-USDT,0.1464,0.1466,10423.0,9806.0
2025-07-25T08:16:30.240918,AGLD-USDT,0.7678,0.7695,390.0,100.0
2025-07-25T08:16:30.241195,1INCH-USDT,0.2729,0.2732,220.0,9929.0
2025-07-25T08:16:30.244936,ANIME-USDT,0.018611,0.018634,6339.0,7028.0
2025-07-25T08:16:30.246870,AI-USDT,0.13074,0.13086,43.0,377.0
2025-07-25T08:16:30.254553,AGLD-USDT,0.7679,0.7695,100.0,100.0
2025-07-25T08:16:30.265996,AERGO-USDT,0.13066,0.13079,692.0,50.0
2025-07-25T08:16:30.276303,1INCH-USDT,0.2729,0.2732,12.0,9929.0
2025-07-25T08:16:30.283705,ANIME-USDT,0.01861,0.018634,4322.0,7868.0
2025-07-25T08:16:30.288050,AI-USDT,0.13075,0.13085,90.0,377.0
2025-07-25T08:16:30.289103,AI16Z-USDT,0.1464,0.1466,8354.0,9806.0
2025-07-25T08:16:30.290905,ACT-USDT,0.04406,0.04409,1147.0,105.0
2025-07-25T08:16:30.296896,AEVO-USDT,0.10436,0.10442,3041.0,500.0
2025-07-25T08:16:30.300853,AGT-USDT,0.005595,0.005603,355.0,2.0
2025-07-25T08:16:30.304778,AI16Z-USDT,0.1464,0.1466,7654.0,9806.0
2025-07-25T08:16:30.305250,ADA-USDT,0.7976,0.7977,250.0,16.0
2025-07-25T08:16:30.313492,ACE-USDT,0.5606,0.5618,16063.0,9548.0
2025-07-25T08:16:30.318737,AEVO-USDT,0.10437,0.10442,166.0,500.0
2025-07-25T08:16:30.324693,AERGO-USDT,0.13066,0.13079,29.0,50.0
2025-07-25T08:16:30.329162,ACH-USDT,0.0216,0.02164,174.0,3091.0
2025-07-25T08:16:30.331065,AI-USDT,0.13076,0.13085,26.0,377.0
2025-07-25T08:16:30.338734,AEVO-USDT,0.10438,0.10442,166.0,500.0
2025-07-25T08:16:30.341055,ACT-USDT,0.04406,0.04409,12.0,105.0
2025-07-25T08:16:30.344667,AI-USDT,0.13076,0.131,425.0,90.0
2025-07-25T08:16:30.344996,AERGO-USDT,0.13066,0.13079,237.0,50.0
2025-07-25T08:16:30.357710,AI-USDT,0.13077,0.13103,90.0,90.0
2025-07-25T08:16:30.359529,AEVO-USDT,0.10439,0.10442,166.0,500.0
2025-07-25T08:16:30.374744,ACT-USDT,0.04406,0.04409,5.0,105.0
2025-07-25T08:16:30.387173,AI-USDT,0.13077,0.13101,90.0,90.0
2025-07-25T08:16:30.389295,AERO-USDT,0.8756,0.8773,464.0,231.0
2025-07-25T08:16:30.390770,ACT-USDT,0.04405,0.04409,132.0,105.0
2025-07-25T08:16:30.396957,1INCH-USDT,0.2729,0.2732,236.0,9929.0
2025-07-25T08:16:30.407125,AI-USDT,0.13077,0.13099,90.0,377.0
2025-07-25T08:16:30.426888,AI-USDT,0.13077,0.13098,90.0,377.0
2025-07-25T08:16:30.430748,AERO-USDT,0.8756,0.8769,807.0,231.0
2025-07-25T08:16:30.435303,AGLD-USDT,0.7679,0.7695,100.0,490.0
2025-07-25T08:16:30.444656,AERO-USDT,0.8756,0.8769,1150.0,231.0
2025-07-25T08:16:30.446769,AI-USDT,0.13078,0.13097,43.0,467.0
2025-07-25T08:16:30.448622,AGLD-USDT,0.7679,0.7694,490.0,264.0
2025-07-25T08:16:30.450852,ACE-USDT,0.5606,0.5618,16053.0,9548.0
2025-07-25T08:16:30.467015,AI-USDT,0.13078,0.13096,43.0,467.0
2025-07-25T08:16:30.470904,AEVO-USDT,0.10439,0.10445,166.0,170.0
2025-07-25T08:16:30.471812,AAVE-USDT,287.13,287.17,131.0,10.0
2025-07-25T08:16:30.474312,ADA-USDT,0.7976,0.7977,250.0,13.0
2025-07-25T08:16:30.474361,AI16Z-USDT,0.1465,0.1466,717.0,9806.0
2025-07-25T08:16:30.474397,A-USDT,0.5592,0.5596,622.0,15.0
2025-07-25T08:16:30.475989,1INCH-USDT,0.273,0.2732,220.0,9929.0
2025-07-25T08:16:30.482932,AAVE-USDT,287.16,287.17,18.0,10.0
2025-07-25T08:16:30.483129,ADA-USDT,0.7977,0.7978,50.0,5.0
2025-07-25T08:16:30.483343,AI16Z-USDT,0.1465,0.1466,2000.0,8109.0
2025-07-25T08:16:30.483713,A-USDT,0.5593,0.5596,257.0,15.0
2025-07-25T08:16:30.491422,AI-USDT,0.13078,0.13095,2427.0,467.0
2025-07-25T08:16:30.492675,AERO-USDT,0.8757,0.8769,1.0,231.0
2025-07-25T08:16:30.493956,AAVE-USDT,287.16,287.17,36.0,10.0
2025-07-25T08:16:30.494217,ADA-USDT,0.7977,0.7978,159.0,5.0
2025-07-25T08:16:30.495724,AEVO-USDT,0.10439,0.10445,166.0,166.0
2025-07-25T08:16:30.506149,ADA-USDT,0.7977,0.7978,237.0,5.0
2025-07-25T08:16:30.507388,A-USDT,0.5592,0.5596,622.0,15.0
2025-07-25T08:16:30.508162,AI16Z-USDT,0.1465,0.1466,2000.0,7391.0
2025-07-25T08:16:30.508581,AI-USDT,0.13079,0.13094,90.0,377.0
2025-07-25T08:16:30.517567,ALT-USDT,0.03344,0.03348,703.0,78895.0
2025-07-25T08:16:30.521352,AI-USDT,0.13079,0.13101,90.0,90.0
2025-07-25T08:16:30.525569,ADA-USDT,0.7977,0.7978,629.0,5.0
2025-07-25T08:16:30.533279,AI-USDT,0.1308,0.13105,26.0,92.0
2025-07-25T08:16:30.541653,ACH-USDT,0.0216,0.02164,175.0,3091.0
2025-07-25T08:16:30.542637,AERO-USDT,0.8758,0.8769,464.0,231.0
2025-07-25T08:16:30.544355,AI-USDT,0.1308,0.13104,133.0,377.0
2025-07-25T08:16:30.548724,ADA-USDT,0.7977,0.7978,671.0,5.0
2025-07-25T08:16:30.555099,AI-USDT,0.13081,0.13103,90.0,90.0
2025-07-25T08:16:30.559304,ADA-USDT,0.7977,0.7978,644.0,5.0
2025-07-25T08:16:30.563653,ACH-USDT,0.02161,0.02164,175.0,3091.0
2025-07-25T08:16:30.567341,AI-USDT,0.13081,0.13101,90.0,90.0
2025-07-25T08:16:30.586349,AIN-USDT,0.15304,0.15317,15.0,3.0
2025-07-25T08:16:30.592253,AI16Z-USDT,0.1464,0.1466,8709.0,7391.0
2025-07-25T08:16:30.595383,AIN-USDT,0.15305,0.15317,17.0,3.0
2025-07-25T08:16:30.604990,AI16Z-USDT,0.1464,0.1466,8009.0,8485.0
2025-07-25T08:16:30.623110,1INCH-USDT,0.2729,0.2732,220.0,9929.0
2025-07-25T08:16:30.631718,AI-USDT,0.13081,0.13101,90.0,467.0
2025-07-25T08:16:30.631742,AEVO-USDT,0.10439,0.10448,166.0,168.0
2025-07-25T08:16:30.644902,AI-USDT,0.13082,0.13101,43.0,467.0
2025-07-25T08:16:30.649193,ADA-USDT,0.7977,0.7978,644.0,55.0
2025-07-25T08:16:30.659055,ADA-USDT,0.7977,0.7978,95.0,133.0
2025-07-25T08:16:30.664506,AIN-USDT,0.15305,0.15317,2.0,3.0
2025-07-25T08:16:30.666595,AI-USDT,0.13082,0.131,43.0,377.0
2025-07-25T08:16:30.671700,ALT-USDT,0.03342,0.03348,18060.0,78895.0
2025-07-25T08:16:30.671952,ADA-USDT,0.7977,0.7978,45.0,55.0
2025-07-25T08:16:30.675497,1INCH-USDT,0.273,0.2732,4.0,9929.0
2025-07-25T08:16:30.687745,AI-USDT,0.13082,0.13099,43.0,90.0
2025-07-25T08:16:30.687827,AERO-USDT,0.8758,0.8769,464.0,234.0
2025-07-25T08:16:30.687868,ADA-USDT,0.7977,0.7978,173.0,55.0
2025-07-25T08:16:30.701290,ADA-USDT,0.7977,0.7978,95.0,55.0
2025-07-25T08:16:30.744916,ADA-USDT,0.7977,0.7978,173.0,55.0
2025-07-25T08:16:30.753144,AERGO-USDT,0.13066,0.1308,312.0,50.0
2025-07-25T08:16:30.783027,1INCH-USDT,0.273,0.2732,235.0,9929.0
2025-07-25T08:16:30.809085,ADA-USDT,0.7977,0.7978,200.0,55.0
2025-07-25T08:16:30.820994,AI-USDT,0.13082,0.13101,43.0,90.0
2025-07-25T08:16:30.852471,AI-USDT,0.13082,0.13103,43.0,90.0
2025-07-25T08:16:30.852544,AERGO-USDT,0.13066,0.1308,237.0,50.0
2025-07-25T08:16:30.907306,ADA-USDT,0.7977,0.7978,122.0,55.0
2025-07-25T08:16:30.907350,ADA-USDT,0.7977,0.7978,122.0,133.0
2025-07-25T08:16:30.908945,1INCH-USDT,0.273,0.2732,16.0,9929.0
2025-07-25T08:16:30.928731,AAVE-USDT,287.13,287.17,10.0,10.0
2025-07-25T08:16:30.928770,ADA-USDT,0.7976,0.7978,942.0,148.0
2025-07-25T08:16:30.942694,AAVE-USDT,287.13,287.17,30.0,10.0
2025-07-25T08:16:30.947909,AGLD-USDT,0.7679,0.7694,490.0,364.0
2025-07-25T08:16:30.947953,ADA-USDT,0.7976,0.7977,900.0,62.0
2025-07-25T08:16:30.947989,ADA-USDT,0.7976,0.7977,452.0,62.0
2025-07-25T08:16:30.953272,AAVE-USDT,287.13,287.17,10.0,10.0
2025-07-25T08:16:30.961204,ADA-USDT,0.7976,0.7977,377.0,62.0
2025-07-25T08:16:30.994842,AGT-USDT,0.005595,0.005603,6.0,2.0
2025-07-25T08:16:30.998817,ALT-USDT,0.03344,0.03348,6056.0,78895.0
2025-07-25T08:16:31.001636,AAVE-USDT,287.13,287.17,30.0,10.0
2025-07-25T08:16:31.005010,ACE-USDT,0.5606,0.5618,16161.0,9548.0
2025-07-25T08:16:31.010747,AI-USDT,0.13082,0.13105,43.0,92.0
2025-07-25T08:16:31.024776,ACE-USDT,0.5606,0.5618,16053.0,9548.0
2025-07-25T08:16:31.036035,A-USDT,0.5592,0.5596,622.0,273.0
2025-07-25T08:16:31.101001,AI-USDT,0.13082,0.13105,133.0,92.0
2025-07-25T08:16:31.137159,AAVE-USDT,287.14,287.17,18.0,10.0
2025-07-25T08:16:31.154857,AAVE-USDT,287.16,287.17,18.0,10.0
2025-07-25T08:16:31.170668,AAVE-USDT,287.16,287.17,36.0,10.0
2025-07-25T08:16:31.173253,AI-USDT,0.13083,0.13105,90.0,92.0
2025-07-25T08:16:31.174154,1INCH-USDT,0.273,0.2732,235.0,9929.0
2025-07-25T08:16:31.178955,AI16Z-USDT,0.1464,0.1466,8009.0,10085.0
2025-07-25T08:16:31.187515,AI-USDT,0.13083,0.13103,90.0,377.0
2025-07-25T08:16:31.206637,AI-USDT,0.13083,0.13102,90.0,467.0
2025-07-25T08:16:31.220866,ACE-USDT,0.5606,0.5618,16215.0,9548.0
2025-07-25T08:16:31.226887,AI-USDT,0.13083,0.13101,90.0,90.0
2025-07-25T08:16:31.226941,AEVO-USDT,0.10439,0.10448,166.0,295.0
2025-07-25T08:16:31.230951,A-USDT,0.5592,0.5596,622.0,272.0
2025-07-25T08:16:31.235054,ADA-USDT,0.7976,0.7978,377.0,370.0
2025-07-25T08:16:31.243253,AGLD-USDT,0.768,0.7694,390.0,100.0
2025-07-25T08:16:31.244874,ADA-USDT,0.7977,0.7978,95.0,148.0
2025-07-25T08:16:31.248922,AI16Z-USDT,0.1464,0.1466,8709.0,10085.0
2025-07-25T08:16:31.256982,ACT-USDT,0.04405,0.04409,132.0,3105.0
2025-07-25T08:16:31.261161,ALT-USDT,0.03345,0.03348,703.0,78895.0
2025-07-25T08:16:31.264980,ADA-USDT,0.7977,0.7979,282.0,78.0
2025-07-25T08:16:31.267227,AI16Z-USDT,0.1464,0.1466,8009.0,10085.0
2025-07-25T08:16:31.275007,ACT-USDT,0.04405,0.04409,66.0,3105.0
2025-07-25T08:16:31.280685,ADA-USDT,0.7978,0.7979,45.0,128.0
2025-07-25T08:16:31.283312,AGLD-USDT,0.768,0.7694,1125.0,100.0
2025-07-25T08:16:31.289177,AEVO-USDT,0.10439,0.10447,166.0,166.0
2025-07-25T08:16:31.295010,AI16Z-USDT,0.1464,0.1466,8709.0,10085.0
2025-07-25T08:16:31.327059,A-USDT,0.5592,0.5596,622.0,273.0
2025-07-25T08:16:31.336799,AGLD-USDT,0.7681,0.7694,338.0,100.0
2025-07-25T08:16:31.342840,AAVE-USDT,287.16,287.17,18.0,10.0
2025-07-25T08:16:31.346652,1INCH-USDT,0.273,0.2732,16.0,9929.0
2025-07-25T08:16:31.352986,AGLD-USDT,0.7682,0.7694,100.0,100.0
2025-07-25T08:16:31.358880,AI-USDT,0.13084,0.131,43.0,377.0
2025-07-25T08:16:31.427509,A-USDT,0.5592,0.5596,622.0,272.0
2025-07-25T08:16:31.533035,ADA-USDT,0.7978,0.7979,45.0,127.0
2025-07-25T08:16:31.537622,ACE-USDT,0.5606,0.5618,16377.0,9548.0
2025-07-25T08:16:31.685250,AIXBT-USDT,0.13959,0.13964,533.0,586.0
2025-07-25T08:16:31.706756,AIXBT-USDT,0.13955,0.13964,71.0,586.0
2025-07-25T08:16:31.716998,AGT-USDT,0.005597,0.005603,1353.0,2.0
2025-07-25T08:16:31.733059,ADA-USDT,0.7978,0.7979,173.0,50.0
2025-07-25T08:16:31.744918,ACE-USDT,0.5606,0.5618,16215.0,9548.0
2025-07-25T08:16:31.751274,AGT-USDT,0.005595,0.005603,6.0,2.0
2025-07-25T08:16:31.759667,ADA-USDT,0.7978,0.7979,95.0,128.0
2025-07-25T08:16:31.759713,AI-USDT,0.13084,0.13099,43.0,90.0
2025-07-25T08:16:31.761037,AAVE-USDT,287.16,287.17,18.0,108.0
2025-07-25T08:16:31.791025,ADA-USDT,0.7978,0.7979,45.0,128.0
2025-07-25T08:16:31.797280,A-USDT,0.5592,0.5596,365.0,272.0
2025-07-25T08:16:31.801681,ADA-USDT,0.7977,0.7979,627.0,148.0
2025-07-25T08:16:31.808960,AI16Z-USDT,0.1464,0.1466,8009.0,10085.0
2025-07-25T08:16:31.809315,AAVE-USDT,287.13,287.17,10.0,108.0
2025-07-25T08:16:31.813901,1INCH-USDT,0.273,0.2731,16.0,219.0
2025-07-25T08:16:31.819157,AAVE-USDT,287.08,287.17,10.0,108.0
2025-07-25T08:16:31.825296,ADA-USDT,0.7977,0.7978,535.0,198.0
2025-07-25T08:16:31.830769,AI16Z-USDT,0.1464,0.1466,7009.0,13013.0
2025-07-25T08:16:31.830942,AAVE-USDT,287.09,287.17,20.0,108.0
2025-07-25T08:16:31.845467,ADA-USDT,0.7977,0.7978,535.0,164.0
2025-07-25T08:16:31.851002,AI16Z-USDT,0.1464,0.1466,6654.0,10085.0
2025-07-25T08:16:31.861177,ADA-USDT,0.7977,0.7978,562.0,164.0
2025-07-25T08:16:31.865223,AI16Z-USDT,0.1464,0.1466,6518.0,10085.0
2025-07-25T08:16:31.866199,AERGO-USDT,0.13066,0.13073,237.0,515.0
2025-07-25T08:16:31.869223,AAVE-USDT,287.05,287.16,94.0,68.0
2025-07-25T08:16:31.875319,ACT-USDT,0.04404,0.04409,66.0,3105.0
2025-07-25T08:16:31.877295,ACH-USDT,0.02161,0.02163,175.0,177.0
2025-07-25T08:16:31.878994,ANIME-USDT,0.018609,0.018634,14407.0,7868.0
2025-07-25T08:16:31.880751,AAVE-USDT,287.06,287.16,38.0,175.0
2025-07-25T08:16:31.887184,AEVO-USDT,0.10438,0.10447,166.0,166.0
2025-07-25T08:16:31.890724,ADA-USDT,0.7977,0.7978,122.0,164.0
2025-07-25T08:16:31.890760,AAVE-USDT,287.06,287.16,39.0,175.0
2025-07-25T08:16:31.901132,AAVE-USDT,287.06,287.16,39.0,98.0
2025-07-25T08:16:31.901515,ADA-USDT,0.7976,0.7977,575.0,39.0
2025-07-25T08:16:31.903102,AIN-USDT,0.15303,0.15317,2.0,3.0
2025-07-25T08:16:31.911294,AAVE-USDT,287.06,287.15,39.0,68.0
2025-07-25T08:16:31.911331,AEVO-USDT,0.10437,0.10447,166.0,166.0
2025-07-25T08:16:31.911360,AI-USDT,0.13084,0.13101,43.0,90.0
2025-07-25T08:16:31.915411,AI16Z-USDT,0.1464,0.1466,6245.0,10358.0
2025-07-25T08:16:31.919033,AERGO-USDT,0.13066,0.1308,237.0,76.0
2025-07-25T08:16:31.919334,ADA-USDT,0.7976,0.7977,95.0,143.0
2025-07-25T08:16:31.920921,ACE-USDT,0.5606,0.5618,16107.0,9548.0
2025-07-25T08:16:31.923104,AEVO-USDT,0.10435,0.10447,166.0,166.0
2025-07-25T08:16:31.925055,AIN-USDT,0.15298,0.15317,15.0,3.0
2025-07-25T08:16:31.925515,AIXBT-USDT,0.13951,0.13964,2.0,586.0
2025-07-25T08:16:31.930909,AI-USDT,0.13084,0.13105,17.0,92.0
2025-07-25T08:16:31.933238,ADA-USDT,0.7976,0.7977,95.0,92.0
2025-07-25T08:16:31.933281,AAVE-USDT,287.07,287.15,18.0,166.0
2025-07-25T08:16:31.933312,A-USDT,0.5592,0.5596,365.0,280.0
2025-07-25T08:16:31.941350,AEVO-USDT,0.10433,0.10447,166.0,166.0
2025-07-25T08:16:31.945458,AIN-USDT,0.153,0.15316,2.0,13.0
2025-07-25T08:16:31.949043,AAVE-USDT,287.08,287.15,20.0,166.0
2025-07-25T08:16:31.951343,ACE-USDT,0.5606,0.5618,10810.0,9548.0
2025-07-25T08:16:31.951381,A-USDT,0.5592,0.5595,365.0,257.0
2025-07-25T08:16:31.955226,AGT-USDT,0.005595,0.005603,355.0,2.0
2025-07-25T08:16:31.963303,ADA-USDT,0.7976,0.7977,200.0,62.0
2025-07-25T08:16:31.975347,ACT-USDT,0.04404,0.04409,66.0,3171.0
2025-07-25T08:16:31.975385,ADA-USDT,0.7976,0.7977,173.0,62.0
2025-07-25T08:16:31.978908,AIN-USDT,0.153,0.15315,2.0,3.0
2025-07-25T08:16:31.979119,A-USDT,0.5592,0.5594,365.0,7.0
2025-07-25T08:16:31.986805,AAVE-USDT,287.09,287.15,1.0,166.0
2025-07-25T08:16:31.986846,ACE-USDT,0.5606,0.5618,5459.0,9548.0
2025-07-25T08:16:31.998971,AIXBT-USDT,0.13949,0.13964,71.0,586.0
2025-07-25T08:16:32.013295,AI-USDT,0.13082,0.13105,133.0,92.0
2025-07-25T08:16:32.015050,AAVE-USDT,287.1,287.15,20.0,98.0
2025-07-25T08:16:32.025004,A-USDT,0.5592,0.5594,365.0,15.0
2025-07-25T08:16:32.034935,AAVE-USDT,287.11,287.17,18.0,159.0
2025-07-25T08:16:32.069777,AAVE-USDT,287.12,287.17,18.0,159.0
2025-07-25T08:16:32.079346,A-USDT,0.5592,0.5594,363.0,15.0
2025-07-25T08:16:32.081142,AAVE-USDT,287.13,287.17,1.0,149.0
2025-07-25T08:16:32.103761,ADA-USDT,0.7976,0.7977,173.0,12.0
2025-07-25T08:16:32.135752,AERGO-USDT,0.13066,0.1308,29.0,76.0
2025-07-25T08:16:32.164714,A-USDT,0.5592,0.5594,362.0,15.0
2025-07-25T08:16:32.164772,ADA-USDT,0.7976,0.7977,200.0,12.0
2025-07-25T08:16:32.169116,AI16Z-USDT,0.1464,0.1466,6245.0,11358.0
2025-07-25T08:16:32.311051,AIN-USDT,0.15298,0.15315,13.0,3.0
2025-07-25T08:16:32.312756,ADA-USDT,0.7976,0.7977,77.0,62.0
2025-07-25T08:16:32.317000,AI16Z-USDT,0.1464,0.1466,4645.0,11358.0
2025-07-25T08:16:32.322971,ADA-USDT,0.7976,0.7977,77.0,690.0
2025-07-25T08:16:32.327511,AERO-USDT,0.8758,0.8769,807.0,234.0
2025-07-25T08:16:32.339200,ALGO-USDT,0.25747,0.25775,117.0,122.0
2025-07-25T08:16:32.339243,ADA-USDT,0.7976,0.7977,77.0,62.0
2025-07-25T08:16:32.346825,AIN-USDT,0.15296,0.15315,13.0,3.0
2025-07-25T08:16:32.348853,AI16Z-USDT,0.1464,0.1465,4645.0,3406.0
2025-07-25T08:16:32.357040,AIN-USDT,0.15288,0.1531,32.0,13.0
2025-07-25T08:16:32.359026,AI16Z-USDT,0.1464,0.1465,96.0,5006.0
2025-07-25T08:16:32.359360,AAVE-USDT,287.13,287.16,1.0,68.0
2025-07-25T08:16:32.366912,AIN-USDT,0.1529,0.15308,13.0,3.0
2025-07-25T08:16:32.374578,AAVE-USDT,287.13,287.15,1.0,70.0
2025-07-25T08:16:32.378947,AI16Z-USDT,0.1464,0.1465,781.0,5006.0
2025-07-25T08:16:32.378984,ADA-USDT,0.7976,0.7977,50.0,140.0
2025-07-25T08:16:32.382870,AIN-USDT,0.1529,0.15308,15.0,16.0
2025-07-25T08:16:32.393163,AAVE-USDT,287.13,287.15,1.0,166.0
2025-07-25T08:16:32.393199,ADA-USDT,0.7975,0.7976,1052.0,12.0
2025-07-25T08:16:32.403254,AIN-USDT,0.1529,0.15308,47.0,3.0
2025-07-25T08:16:32.408840,AAVE-USDT,287.13,287.14,1.0,68.0
2025-07-25T08:16:32.412752,ADA-USDT,0.7975,0.7976,415.0,12.0
2025-07-25T08:16:32.416699,AIN-USDT,0.15292,0.15308,13.0,16.0
2025-07-25T08:16:32.421193,ALGO-USDT,0.25743,0.25775,122.0,122.0
2025-07-25T08:16:32.432910,AIN-USDT,0.15292,0.15308,15.0,16.0
2025-07-25T08:16:32.446978,ADA-USDT,0.7975,0.7976,442.0,12.0
2025-07-25T08:16:32.449176,AI16Z-USDT,0.1464,0.1465,781.0,5862.0
2025-07-25T08:16:32.453356,AIXBT-USDT,0.13949,0.13964,71.0,948.0
2025-07-25T08:16:32.456942,ADA-USDT,0.7975,0.7976,415.0,140.0
2025-07-25T08:16:32.459167,AAVE-USDT,287.13,287.14,1.0,166.0
2025-07-25T08:16:32.461103,AI-USDT,0.13082,0.13105,2426.0,92.0
2025-07-25T08:16:32.465441,A-USDT,0.5592,0.5594,355.0,15.0
2025-07-25T08:16:32.466219,AIXBT-USDT,0.13949,0.13964,71.0,1381.0
2025-07-25T08:16:32.466979,ADA-USDT,0.7975,0.7976,50.0,148.0
2025-07-25T08:16:32.475240,AIN-USDT,0.1529,0.15308,15.0,3.0
2025-07-25T08:16:32.478845,A-USDT,0.5591,0.5594,16.0,15.0
2025-07-25T08:16:32.478911,ADA-USDT,0.7974,0.7976,1325.0,148.0
2025-07-25T08:16:32.486071,AIN-USDT,0.15291,0.15308,15.0,3.0
2025-07-25T08:16:32.487472,ADA-USDT,0.7974,0.7975,1150.0,62.0
2025-07-25T08:16:32.489058,AIXBT-USDT,0.13949,0.13963,71.0,289.0
2025-07-25T08:16:32.495313,A-USDT,0.5591,0.5594,16.0,22.0
2025-07-25T08:16:32.505389,ADA-USDT,0.7974,0.7975,1403.0,62.0
2025-07-25T08:16:32.505441,AIN-USDT,0.15292,0.15308,15.0,3.0
2025-07-25T08:16:32.523848,AIN-USDT,0.15293,0.15308,15.0,16.0
2025-07-25T08:16:32.523880,AAVE-USDT,287.05,287.14,108.0,166.0
2025-07-25T08:16:32.525061,A-USDT,0.5591,0.5594,17.0,22.0
2025-07-25T08:16:32.529049,AI-USDT,0.13082,0.13105,2336.0,92.0
2025-07-25T08:16:32.531014,ACT-USDT,0.04403,0.04407,12.0,111.0
2025-07-25T08:16:32.531270,ADA-USDT,0.7974,0.7975,1150.0,62.0
2025-07-25T08:16:32.534997,AAVE-USDT,287.09,287.13,1.0,135.0
2025-07-25T08:16:32.535500,A-USDT,0.5591,0.5594,19.0,22.0
2025-07-25T08:16:32.544005,AIN-USDT,0.15293,0.15308,21.0,7.0
2025-07-25T08:16:32.545854,AI16Z-USDT,0.1464,0.1465,96.0,5862.0
2025-07-25T08:16:32.545882,AAVE-USDT,287.09,287.13,1.0,233.0
2025-07-25T08:16:32.545909,ADA-USDT,0.7974,0.7975,50.0,62.0
2025-07-25T08:16:32.550545,ANIME-USDT,0.018602,0.018634,1268.0,7868.0
2025-07-25T08:16:32.554989,AIN-USDT,0.15293,0.15308,21.0,10.0
2025-07-25T08:16:32.560154,ADA-USDT,0.7974,0.7975,50.0,140.0
2025-07-25T08:16:32.563129,AAVE-USDT,287.09,287.11,1.0,67.0
2025-07-25T08:16:32.563207,ALCH-USDT,0.13748,0.1376,31.0,32.0
2025-07-25T08:16:32.567155,A-USDT,0.5591,0.5594,19.0,38.0
2025-07-25T08:16:32.571825,AIN-USDT,0.15294,0.15308,13.0,10.0
2025-07-25T08:16:32.573057,ANIME-USDT,0.018603,0.018634,14445.0,7868.0
2025-07-25T08:16:32.573526,AAVE-USDT,287.09,287.11,1.0,165.0
2025-07-25T08:16:32.579606,AEVO-USDT,0.10433,0.10445,166.0,166.0
2025-07-25T08:16:32.583406,AIN-USDT,0.15294,0.15308,15.0,10.0
2025-07-25T08:16:32.594115,AAVE-USDT,287.02,287.11,20.0,165.0
2025-07-25T08:16:32.595352,ANIME-USDT,0.018603,0.018622,14445.0,6339.0
2025-07-25T08:16:32.597315,AEVO-USDT,0.10432,0.10445,166.0,166.0
2025-07-25T08:16:32.604974,AIN-USDT,0.15295,0.15308,15.0,10.0
2025-07-25T08:16:32.613013,AAVE-USDT,287.03,287.11,36.0,165.0
2025-07-25T08:16:32.616813,AEVO-USDT,0.10428,0.10445,168.0,166.0
2025-07-25T08:16:32.621080,AIN-USDT,0.15296,0.15308,17.0,10.0
2025-07-25T08:16:32.622974,AAVE-USDT,287.04,287.11,20.0,165.0
2025-07-25T08:16:32.637230,AEVO-USDT,0.10431,0.10445,1975.0,166.0
2025-07-25T08:16:32.640676,ALT-USDT,0.03345,0.03347,703.0,6056.0
2025-07-25T08:16:32.640998,A-USDT,0.5591,0.5594,26.0,38.0
2025-07-25T08:16:32.645521,ADA-USDT,0.7973,0.7974,929.0,24.0
2025-07-25T08:16:32.647165,AERO-USDT,0.8759,0.8769,1.0,234.0
2025-07-25T08:16:32.650985,ALT-USDT,0.03345,0.03347,703.0,29725.0
2025-07-25T08:16:32.657343,AIXBT-USDT,0.13949,0.13963,71.0,315.0
2025-07-25T08:16:32.660550,ADA-USDT,0.7973,0.7974,568.0,116.0
2025-07-25T08:16:32.660644,AAVE-USDT,287.04,287.11,20.0,98.0
2025-07-25T08:16:32.668824,ALT-USDT,0.03341,0.03347,6056.0,29725.0
2025-07-25T08:16:32.679129,AIN-USDT,0.15296,0.15308,17.0,7.0
2025-07-25T08:16:32.679227,ADA-USDT,0.7973,0.7974,50.0,116.0
2025-07-25T08:16:32.681435,A-USDT,0.5591,0.5594,10.0,38.0
2025-07-25T08:16:32.688887,ADA-USDT,0.7973,0.7974,50.0,194.0
2025-07-25T08:16:32.695221,A-USDT,0.5591,0.5594,10.0,295.0
2025-07-25T08:16:32.707843,AIN-USDT,0.15297,0.15308,15.0,7.0
2025-07-25T08:16:32.711084,ADA-USDT,0.7972,0.7974,352.0,208.0
2025-07-25T08:16:32.721266,AI-USDT,0.13082,0.13105,43.0,92.0
2025-07-25T08:16:32.723197,ALCH-USDT,0.13748,0.1376,36.0,32.0
2025-07-25T08:16:32.725326,ADA-USDT,0.7972,0.7973,274.0,12.0
2025-07-25T08:16:32.730850,A-USDT,0.5591,0.5594,10.0,22.0
2025-07-25T08:16:32.731109,AIN-USDT,0.15297,0.15308,18.0,7.0
2025-07-25T08:16:32.736800,AAVE-USDT,287.06,287.11,20.0,98.0
2025-07-25T08:16:32.738732,ADA-USDT,0.7973,0.7974,84.0,62.0
2025-07-25T08:16:32.748879,ADA-USDT,0.7974,0.7975,12.0,50.0
2025-07-25T08:16:32.752873,AERO-USDT,0.8754,0.8769,232.0,234.0
2025-07-25T08:16:32.753329,AI-USDT,0.13082,0.13105,17.0,92.0
2025-07-25T08:16:32.759425,AIN-USDT,0.15297,0.15308,3.0,7.0
2025-07-25T08:16:32.765186,ADA-USDT,0.7974,0.7975,221.0,50.0
2025-07-25T08:16:32.767024,AI-USDT,0.13076,0.13104,43.0,377.0
2025-07-25T08:16:32.778845,AAVE-USDT,287.07,287.11,1.0,98.0
2025-07-25T08:16:32.786884,AI-USDT,0.13076,0.13103,133.0,467.0
2025-07-25T08:16:32.791130,AI16Z-USDT,0.1464,0.1465,781.0,5862.0
2025-07-25T08:16:32.803473,ACE-USDT,0.5606,0.5617,5459.0,5340.0
2025-07-25T08:16:32.806884,ADA-USDT,0.7974,0.7976,221.0,140.0
2025-07-25T08:16:32.807178,AI-USDT,0.13077,0.13102,90.0,90.0
2025-07-25T08:16:32.816975,ADA-USDT,0.7975,0.7976,45.0,140.0
2025-07-25T08:16:32.827812,ADA-USDT,0.7975,0.7976,45.0,128.0
2025-07-25T08:16:32.838872,ADA-USDT,0.7975,0.7977,123.0,64.0
2025-07-25T08:16:32.844062,ANIME-USDT,0.018603,0.018622,14445.0,7179.0
2025-07-25T08:16:32.844950,AAVE-USDT,287.07,287.11,21.0,98.0
2025-07-25T08:16:32.848740,ADA-USDT,0.7975,0.7977,294.0,50.0
2025-07-25T08:16:32.860877,ADA-USDT,0.7975,0.7977,321.0,50.0
2025-07-25T08:16:32.868975,ACT-USDT,0.04403,0.04407,78.0,111.0
2025-07-25T08:16:32.874991,ADA-USDT,0.7975,0.7977,294.0,128.0
2025-07-25T08:16:32.875058,AAVE-USDT,287.07,287.11,1.0,98.0
2025-07-25T08:16:32.877304,ACE-USDT,0.5606,0.5617,10810.0,5340.0
2025-07-25T08:16:32.892906,AAVE-USDT,287.03,287.11,11.0,98.0
2025-07-25T08:16:32.901043,ACE-USDT,0.5606,0.5617,10756.0,5340.0
2025-07-25T08:16:32.902963,ADA-USDT,0.7976,0.7977,45.0,128.0
2025-07-25T08:16:32.904969,ANIME-USDT,0.018588,0.018622,3201.0,7868.0
2025-07-25T08:16:32.908961,AAVE-USDT,287.04,287.11,20.0,98.0
2025-07-25T08:16:32.934692,AAVE-USDT,287.05,287.16,18.0,135.0
2025-07-25T08:16:32.939049,AI-USDT,0.13078,0.13105,43.0,92.0
2025-07-25T08:16:32.941051,ADA-USDT,0.7975,0.7977,290.0,128.0
2025-07-25T08:16:32.946852,AAVE-USDT,287.05,287.13,18.0,98.0
2025-07-25T08:16:32.952698,ADA-USDT,0.7975,0.7976,290.0,174.0
2025-07-25T08:16:32.957178,AAVE-USDT,287.05,287.12,18.0,68.0
2025-07-25T08:16:32.965160,A-USDT,0.5591,0.5594,10.0,279.0
2025-07-25T08:16:32.965221,ADA-USDT,0.7975,0.7976,95.0,174.0
2025-07-25T08:16:32.966904,AI16Z-USDT,0.1464,0.1465,96.0,5862.0
2025-07-25T08:16:32.967671,AAVE-USDT,287.05,287.11,18.0,68.0
2025-07-25T08:16:32.974061,ACH-USDT,0.0216,0.02163,674.0,177.0
2025-07-25T08:16:32.976813,A-USDT,0.5591,0.5593,10.0,257.0
2025-07-25T08:16:32.977145,ADA-USDT,0.7974,0.7976,644.0,252.0
2025-07-25T08:16:32.977455,AAVE-USDT,287.05,287.11,18.0,166.0
2025-07-25T08:16:32.980369,ALGO-USDT,0.25741,0.25775,172.0,122.0
2025-07-25T08:16:32.980629,AEVO-USDT,0.10432,0.10445,166.0,166.0
2025-07-25T08:16:32.988981,ADA-USDT,0.7974,0.7975,311.0,198.0
2025-07-25T08:16:32.989840,ACH-USDT,0.0216,0.02163,174.0,177.0
2025-07-25T08:16:32.990999,AIXBT-USDT,0.13943,0.13963,71.0,315.0
2025-07-25T08:16:32.993150,AAVE-USDT,287.06,287.1,1.0,135.0
2025-07-25T08:16:32.998482,ADA-USDT,0.7974,0.7975,95.0,198.0
2025-07-25T08:16:33.000945,ANIME-USDT,0.01859,0.018622,4334.0,7868.0
2025-07-25T08:16:33.003447,AIXBT-USDT,0.13943,0.13962,71.0,76.0
2025-07-25T08:16:33.008111,ACH-USDT,0.0216,0.02163,1459.0,177.0
2025-07-25T08:16:33.010446,ALGO-USDT,0.25741,0.25775,50.0,122.0
2025-07-25T08:16:33.011377,ADA-USDT,0.7974,0.7975,95.0,276.0
2025-07-25T08:16:33.016542,AAVE-USDT,287.06,287.09,1.0,68.0
2025-07-25T08:16:33.019275,AI16Z-USDT,0.1464,0.1465,97.0,5862.0
2025-07-25T08:16:33.025379,AERO-USDT,0.8755,0.8769,464.0,234.0
2025-07-25T08:16:33.029758,AAVE-USDT,287.06,287.08,1.0,68.0
2025-07-25T08:16:33.039701,AAVE-USDT,287.06,287.07,1.0,68.0
2025-07-25T08:16:33.041095,AEVO-USDT,0.10428,0.10445,168.0,166.0
2025-07-25T08:16:33.045452,ADA-USDT,0.7974,0.7975,45.0,276.0
2025-07-25T08:16:33.065357,ADA-USDT,0.7973,0.7975,1590.0,276.0
2025-07-25T08:16:33.067257,AAVE-USDT,287.06,287.07,1.0,166.0
2025-07-25T08:16:33.077713,ADA-USDT,0.7973,0.7974,1640.0,12.0
2025-07-25T08:16:33.077839,AIN-USDT,0.15297,0.15308,5.0,7.0
2025-07-25T08:16:33.093156,AEVO-USDT,0.10428,0.10444,168.0,7407.0
2025-07-25T08:16:33.093192,AIN-USDT,0.15297,0.15308,3.0,7.0
2025-07-25T08:16:33.095029,AAVE-USDT,287.01,287.07,1.0,166.0
2025-07-25T08:16:33.099457,AIXBT-USDT,0.13944,0.13962,2.0,76.0
2025-07-25T08:16:33.103316,ACE-USDT,0.5606,0.5617,10702.0,5340.0
2025-07-25T08:16:33.103355,ALT-USDT,0.03341,0.03347,15035.0,29725.0
2025-07-25T08:16:33.104965,AAVE-USDT,287.01,287.06,21.0,166.0
2025-07-25T08:16:33.111474,AGT-USDT,0.005595,0.005603,6.0,2.0
2025-07-25T08:16:33.113178,A-USDT,0.5591,0.5593,3.0,273.0
2025-07-25T08:16:33.115011,AAVE-USDT,287.01,287.05,1.0,98.0
2025-07-25T08:16:33.125298,ADA-USDT,0.7973,0.7974,568.0,12.0
2025-07-25T08:16:33.131367,ACE-USDT,0.5606,0.5617,5351.0,5340.0
2025-07-25T08:16:33.136989,AGT-USDT,0.005595,0.005603,6.0,351.0
2025-07-25T08:16:33.138955,ADA-USDT,0.7973,0.7974,527.0,12.0
2025-07-25T08:16:33.149164,ADA-USDT,0.7973,0.7974,563.0,62.0
2025-07-25T08:16:33.157580,AI16Z-USDT,0.1464,0.1465,97.0,6462.0
2025-07-25T08:16:33.159350,ADA-USDT,0.7973,0.7974,61.0,170.0
2025-07-25T08:16:33.167272,AI-USDT,0.13078,0.13104,43.0,377.0
2025-07-25T08:16:33.169495,ADA-USDT,0.7972,0.7974,1663.0,170.0
2025-07-25T08:16:33.171779,AGLD-USDT,0.7682,0.7694,100.0,155.0
2025-07-25T08:16:33.173559,1INCH-USDT,0.2729,0.2731,23.0,219.0
2025-07-25T08:16:33.177488,AI-USDT,0.13078,0.13103,43.0,90.0
2025-07-25T08:16:33.180938,AAVE-USDT,286.94,287.05,1.0,98.0
2025-07-25T08:16:33.183072,ADA-USDT,0.7972,0.7973,1571.0,12.0
2025-07-25T08:16:33.183626,A-USDT,0.5591,0.5593,2.0,273.0
2025-07-25T08:16:33.186800,AGLD-USDT,0.768,0.7694,635.0,155.0
2025-07-25T08:16:33.189204,ACT-USDT,0.04403,0.04407,12.0,111.0
2025-07-25T08:16:33.192300,AAVE-USDT,286.95,287.05,20.0,98.0
2025-07-25T08:16:33.196945,ADA-USDT,0.7972,0.7973,1374.0,12.0
2025-07-25T08:16:33.200904,A-USDT,0.559,0.5593,3.0,273.0
2025-07-25T08:16:33.210956,AAVE-USDT,286.96,287.05,36.0,98.0
2025-07-25T08:16:33.210994,ADA-USDT,0.7972,0.7973,427.0,12.0
2025-07-25T08:16:33.213294,AGT-USDT,0.005595,0.005602,6.0,61.0
2025-07-25T08:16:33.219623,ALT-USDT,0.03342,0.03347,703.0,29725.0
2025-07-25T08:16:33.221536,ADA-USDT,0.7972,0.7973,128.0,12.0
2025-07-25T08:16:33.226873,A-USDT,0.559,0.5592,3.0,257.0
2025-07-25T08:16:33.227323,AGLD-USDT,0.768,0.7694,635.0,544.0
2025-07-25T08:16:33.230763,AI-USDT,0.13078,0.13103,17.0,90.0
2025-07-25T08:16:33.233023,ADA-USDT,0.7972,0.7973,50.0,62.0
2025-07-25T08:16:33.235070,AAVE-USDT,286.97,287.05,38.0,98.0
2025-07-25T08:16:33.238022,AEVO-USDT,0.10428,0.10443,168.0,166.0
2025-07-25T08:16:33.244658,ADA-USDT,0.7972,0.7973,95.0,62.0
2025-07-25T08:16:33.245160,AGT-USDT,0.005595,0.005602,355.0,124.0
2025-07-25T08:16:33.246522,AI-USDT,0.13072,0.13101,43.0,90.0
2025-07-25T08:16:33.255277,AAVE-USDT,286.97,287.03,38.0,98.0
2025-07-25T08:16:33.264829,AAVE-USDT,286.97,287.03,38.0,165.0
2025-07-25T08:16:33.266722,AI-USDT,0.13072,0.13101,133.0,377.0
2025-07-25T08:16:33.275187,AAVE-USDT,286.97,287.02,38.0,98.0
2025-07-25T08:16:33.275227,ACT-USDT,0.04403,0.04407,5.0,177.0
2025-07-25T08:16:33.282681,AERGO-USDT,0.13056,0.13076,152.0,152.0
2025-07-25T08:16:33.285062,AAVE-USDT,286.98,287.02,1.0,98.0
2025-07-25T08:16:33.286814,AI-USDT,0.13073,0.131,93.0,93.0
2025-07-25T08:16:33.290666,ACT-USDT,0.04402,0.04407,12.0,177.0
2025-07-25T08:16:33.294642,AERGO-USDT,0.13054,0.13074,50.0,75.0
2025-07-25T08:16:33.296756,ADA-USDT,0.7972,0.7973,50.0,62.0
2025-07-25T08:16:33.299047,AGT-USDT,0.005595,0.005601,355.0,2.0
2025-07-25T08:16:33.307256,AERGO-USDT,0.13054,0.1307,50.0,152.0
2025-07-25T08:16:33.307294,AI-USDT,0.13073,0.13098,93.0,93.0
2025-07-25T08:16:33.314979,AERGO-USDT,0.13054,0.13074,50.0,75.0
2025-07-25T08:16:33.315024,AGT-USDT,0.005595,0.005601,6.0,2.0
2025-07-25T08:16:33.324869,ALGO-USDT,0.2574,0.25775,116.0,122.0
2025-07-25T08:16:33.326754,AI-USDT,0.13073,0.13096,93.0,93.0
2025-07-25T08:16:33.329223,ADA-USDT,0.7972,0.7973,50.0,140.0
2025-07-25T08:16:33.331313,AAVE-USDT,286.98,287.01,1.0,68.0
2025-07-25T08:16:33.336946,ALGO-USDT,0.25737,0.25775,51.0,122.0
2025-07-25T08:16:33.339172,ADA-USDT,0.7972,0.7973,95.0,140.0
2025-07-25T08:16:33.343686,AERO-USDT,0.8754,0.8769,687.0,234.0
2025-07-25T08:16:33.347512,AI-USDT,0.13074,0.13094,43.0,93.0
2025-07-25T08:16:33.352975,AAVE-USDT,286.98,287.0,1.0,98.0
2025-07-25T08:16:33.359028,AGLD-USDT,0.768,0.7693,635.0,55.0
2025-07-25T08:16:33.366914,AI-USDT,0.13074,0.13093,43.0,377.0
2025-07-25T08:16:33.375172,ACT-USDT,0.04402,0.04407,7.0,177.0
2025-07-25T08:16:33.385176,AAVE-USDT,286.95,287.0,10.0,98.0
2025-07-25T08:16:33.386707,AI-USDT,0.13074,0.13091,43.0,377.0
2025-07-25T08:16:33.390581,ACT-USDT,0.04401,0.04406,1135.0,111.0
2025-07-25T08:16:33.396709,AAVE-USDT,286.95,287.0,30.0,98.0
2025-07-25T08:16:33.409096,AI-USDT,0.13074,0.1309,43.0,93.0
2025-07-25T08:16:33.415076,ACT-USDT,0.04401,0.04406,1201.0,111.0
2025-07-25T08:16:33.418053,ALGO-USDT,0.25737,0.25775,50.0,122.0
2025-07-25T08:16:33.448963,AGLD-USDT,0.768,0.7693,635.0,155.0
2025-07-25T08:16:33.449001,ANIME-USDT,0.018589,0.018622,14445.0,7868.0
2025-07-25T08:16:33.452930,ADA-USDT,0.7972,0.7973,50.0,140.0
2025-07-25T08:16:33.463428,ALGO-USDT,0.25737,0.25764,50.0,77.0
2025-07-25T08:16:33.475254,ANIME-USDT,0.018588,0.01861,1902.0,6339.0
2025-07-25T08:16:33.475286,1INCH-USDT,0.2729,0.2731,23.0,946.0
2025-07-25T08:16:33.477215,ADA-USDT,0.7971,0.7973,997.0,148.0
2025-07-25T08:16:33.485315,ALGO-USDT,0.25737,0.25763,50.0,127.0
2025-07-25T08:16:33.492758,ANIME-USDT,0.018576,0.01861,1902.0,1529.0
2025-07-25T08:16:33.493158,AAVE-USDT,286.96,287.02,1.0,98.0
2025-07-25T08:16:33.493200,ALT-USDT,0.03341,0.03347,15035.0,29725.0
2025-07-25T08:16:33.493387,1INCH-USDT,0.2729,0.273,23.0,219.0
2025-07-25T08:16:33.500978,AIXBT-USDT,0.13944,0.13958,2.0,71.0
2025-07-25T08:16:33.513505,AAVE-USDT,286.96,287.01,1.0,67.0
2025-07-25T08:16:33.517282,ADA-USDT,0.7971,0.7972,1252.0,74.0
2025-07-25T08:16:33.517329,AIXBT-USDT,0.13944,0.13957,2.0,1952.0
2025-07-25T08:16:33.517362,ACT-USDT,0.04402,0.04406,12.0,111.0
2025-07-25T08:16:33.527097,ADA-USDT,0.7971,0.7972,816.0,116.0
2025-07-25T08:16:33.530886,ANIME-USDT,0.018589,0.01861,1902.0,1529.0
2025-07-25T08:16:33.533127,AI-USDT,0.13074,0.13089,43.0,377.0
2025-07-25T08:16:33.534944,AIXBT-USDT,0.13944,0.13956,2.0,586.0
2025-07-25T08:16:33.538952,ALGO-USDT,0.25736,0.25763,50.0,127.0
2025-07-25T08:16:33.548202,ANIME-USDT,0.018576,0.01861,1902.0,1529.0
2025-07-25T08:16:33.548599,AI-USDT,0.13074,0.13088,43.0,93.0
2025-07-25T08:16:33.557095,AI16Z-USDT,0.1463,0.1464,6881.0,97.0
2025-07-25T08:16:33.564639,ADA-USDT,0.7971,0.7972,451.0,116.0
2025-07-25T08:16:33.564681,AAVE-USDT,286.96,287.0,1.0,98.0
2025-07-25T08:16:33.567219,ANIME-USDT,0.018587,0.01861,6339.0,1529.0
2025-07-25T08:16:33.567331,AI-USDT,0.13074,0.13086,43.0,377.0
2025-07-25T08:16:33.575571,AI16Z-USDT,0.1463,0.1464,901.0,4173.0
2025-07-25T08:16:33.576333,ADA-USDT,0.7971,0.7972,383.0,116.0
2025-07-25T08:16:33.583133,AI16Z-USDT,0.1463,0.1464,901.0,4873.0
2025-07-25T08:16:33.583180,ANIME-USDT,0.018588,0.01861,1902.0,1529.0
2025-07-25T08:16:33.583213,ALGO-USDT,0.25724,0.25763,123.0,127.0
2025-07-25T08:16:33.583958,AAVE-USDT,286.91,287.0,1.0,98.0
2025-07-25T08:16:33.586960,ADA-USDT,0.7971,0.7972,50.0,116.0
2025-07-25T08:16:33.588198,AGLD-USDT,0.7673,0.7693,100.0,155.0
2025-07-25T08:16:33.588639,AI-USDT,0.13074,0.13085,43.0,377.0
2025-07-25T08:16:33.590112,ANIME-USDT,0.018588,0.01861,14442.0,1529.0
2025-07-25T08:16:33.594524,AIXBT-USDT,0.13937,0.13955,71.0,774.0
2025-07-25T08:16:33.595017,AIXBT-USDT,0.13937,0.13954,71.0,258.0
2025-07-25T08:16:33.595537,A-USDT,0.559,0.5592,3.0,264.0
2025-07-25T08:16:33.597604,ADA-USDT,0.7971,0.7972,95.0,194.0
2025-07-25T08:16:33.599018,AIXBT-USDT,0.13937,0.13953,71.0,2.0
2025-07-25T08:16:33.601816,AI16Z-USDT,0.1463,0.1464,901.0,4173.0
2025-07-25T08:16:33.601858,AGLD-USDT,0.7674,0.7693,390.0,155.0
2025-07-25T08:16:33.609222,AAVE-USDT,286.92,287.0,20.0,98.0
2025-07-25T08:16:33.609698,AIXBT-USDT,0.13937,0.13953,71.0,52.0
2025-07-25T08:16:33.615020,AGLD-USDT,0.7675,0.7693,100.0,155.0
2025-07-25T08:16:33.615057,AI16Z-USDT,0.1463,0.1464,901.0,4873.0
2025-07-25T08:16:33.625666,AI16Z-USDT,0.1463,0.1464,901.0,7307.0
2025-07-25T08:16:33.629702,AI-USDT,0.13074,0.13085,26.0,377.0
2025-07-25T08:16:33.631286,ACH-USDT,0.0216,0.02163,1459.0,677.0
2025-07-25T08:16:33.632054,AERO-USDT,0.8754,0.8765,687.0,231.0
2025-07-25T08:16:33.643193,ADA-USDT,0.797,0.7972,1306.0,194.0
2025-07-25T08:16:33.647119,AI-USDT,0.13072,0.13084,43.0,377.0
2025-07-25T08:16:33.659056,ADA-USDT,0.797,0.7971,1228.0,18.0
2025-07-25T08:16:33.661213,AERO-USDT,0.8754,0.8765,1151.0,231.0
2025-07-25T08:16:33.665096,AIXBT-USDT,0.13937,0.13952,71.0,26.0
2025-07-25T08:16:33.669186,AGLD-USDT,0.7675,0.7692,100.0,390.0
2025-07-25T08:16:33.673275,AERO-USDT,0.8754,0.8769,808.0,231.0
2025-07-25T08:16:33.678747,ANIME-USDT,0.018588,0.018608,14442.0,6339.0
2025-07-25T08:16:33.679142,AI16Z-USDT,0.1463,0.1464,888.0,7307.0
2025-07-25T08:16:33.684344,ADA-USDT,0.7971,0.7972,365.0,42.0
2025-07-25T08:16:33.688492,AI-USDT,0.13072,0.13083,43.0,377.0
2025-07-25T08:16:33.693179,AAVE-USDT,286.93,287.0,1.0,98.0
2025-07-25T08:16:33.699183,ADA-USDT,0.7971,0.7973,444.0,148.0
2025-07-25T08:16:33.700834,AGLD-USDT,0.7675,0.7691,100.0,100.0
2025-07-25T08:16:33.703283,AAVE-USDT,286.94,287.02,20.0,98.0
2025-07-25T08:16:33.704979,AIN-USDT,0.15297,0.15308,5.0,7.0
2025-07-25T08:16:33.711271,ACH-USDT,0.0216,0.02162,1459.0,177.0
2025-07-25T08:16:33.716379,AERGO-USDT,0.13054,0.1307,50.0,152.0
2025-07-25T08:16:33.717054,AAVE-USDT,286.94,287.01,20.0,68.0
2025-07-25T08:16:33.724825,ADA-USDT,0.7972,0.7973,162.0,148.0
2025-07-25T08:16:33.725061,1INCH-USDT,0.2729,0.273,23.0,9929.0
2025-07-25T08:16:33.727097,ACE-USDT,0.5605,0.5617,969.0,5340.0
2025-07-25T08:16:33.732961,AAVE-USDT,286.94,287.0,20.0,98.0
2025-07-25T08:16:33.745004,ADA-USDT,0.7972,0.7973,50.0,148.0
2025-07-25T08:16:33.755026,AERO-USDT,0.8754,0.8769,808.0,234.0
2025-07-25T08:16:33.769221,ACT-USDT,0.04402,0.04406,12.0,56.0
2025-07-25T08:16:33.773031,AEVO-USDT,0.10428,0.10437,168.0,7407.0
2025-07-25T08:16:33.774760,AAVE-USDT,286.94,287.02,20.0,98.0
2025-07-25T08:16:33.790940,ACT-USDT,0.04402,0.04405,12.0,111.0
2025-07-25T08:16:33.794518,AAVE-USDT,286.95,287.02,19.0,98.0
2025-07-25T08:16:33.807358,AEVO-USDT,0.10428,0.10436,168.0,166.0
2025-07-25T08:16:33.812893,AAVE-USDT,286.96,287.02,20.0,98.0
2025-07-25T08:16:33.816194,ANIME-USDT,0.018589,0.018608,3762.0,6339.0
2025-07-25T08:16:33.824999,ACT-USDT,0.04402,0.04405,12.0,83.0
2025-07-25T08:16:33.830914,AI16Z-USDT,0.1463,0.1464,888.0,5908.0
2025-07-25T08:16:33.832987,AIXBT-USDT,0.13937,0.13953,71.0,52.0
2025-07-25T08:16:33.840898,ANIME-USDT,0.018589,0.01861,3762.0,1529.0
2025-07-25T08:16:33.858895,AI16Z-USDT,0.1463,0.1465,2544.0,12534.0
2025-07-25T08:16:33.865695,AIXBT-USDT,0.13938,0.13952,362.0,36.0
2025-07-25T08:16:33.892964,AAVE-USDT,286.97,287.02,1.0,98.0
2025-07-25T08:16:33.902923,AAVE-USDT,286.97,287.02,21.0,98.0
2025-07-25T08:16:33.905110,ALGO-USDT,0.25724,0.25763,123.0,177.0
2025-07-25T08:16:33.916802,ALGO-USDT,0.25724,0.25761,123.0,127.0
2025-07-25T08:16:33.937010,ALGO-USDT,0.25724,0.25759,123.0,127.0
2025-07-25T08:16:33.974094,ADA-USDT,0.7971,0.7973,926.0,148.0
2025-07-25T08:16:33.976152,AIXBT-USDT,0.13938,0.13951,362.0,2.0
2025-07-25T08:16:33.981157,AI16Z-USDT,0.1463,0.1464,2544.0,2435.0
2025-07-25T08:16:33.988863,AIXBT-USDT,0.13939,0.13951,19.0,2.0
2025-07-25T08:16:34.000879,AI16Z-USDT,0.1463,0.1464,1880.0,2435.0
2025-07-25T08:16:34.013092,AGT-USDT,0.005595,0.005599,6.0,349.0
2025-07-25T08:16:34.071484,ANIME-USDT,0.018589,0.018609,3762.0,6339.0
2025-07-25T08:16:34.074950,AERO-USDT,0.8754,0.8769,1151.0,234.0
2025-07-25T08:16:34.085266,AERGO-USDT,0.13054,0.1307,50.0,178.0
2025-07-25T08:16:34.091008,AI16Z-USDT,0.1463,0.1464,1880.0,3834.0
2025-07-25T08:16:34.097166,AGT-USDT,0.005595,0.005599,4.0,349.0
2025-07-25T08:16:34.137575,AGT-USDT,0.005592,0.005599,6.0,349.0
2025-07-25T08:16:34.145180,AI16Z-USDT,0.1463,0.1464,4480.0,3834.0
2025-07-25T08:16:34.169854,ANIME-USDT,0.018589,0.01861,3762.0,1529.0
2025-07-25T08:16:34.172859,AI16Z-USDT,0.1463,0.1464,4480.0,1399.0
2025-07-25T08:16:34.194933,AGT-USDT,0.005592,0.005599,72.0,349.0
2025-07-25T08:16:34.203138,1INCH-USDT,0.2729,0.273,16.0,9929.0
2025-07-25T08:16:34.206884,AERO-USDT,0.8754,0.8765,1151.0,231.0
2025-07-25T08:16:34.212745,AGT-USDT,0.005592,0.005598,138.0,2.0
2025-07-25T08:16:34.222917,AIXBT-USDT,0.13939,0.13951,19.0,77.0
2025-07-25T08:16:34.232980,AIXBT-USDT,0.13939,0.13951,19.0,2.0
2025-07-25T08:16:34.233186,ACT-USDT,0.04402,0.04405,12.0,42.0
2025-07-25T08:16:34.240523,AI16Z-USDT,0.1463,0.1464,4344.0,1399.0
2025-07-25T08:16:34.242742,AERO-USDT,0.8754,0.8765,1151.0,234.0
2025-07-25T08:16:34.252991,AGT-USDT,0.005592,0.005598,138.0,65.0
2025-07-25T08:16:34.255007,AI16Z-USDT,0.1463,0.1464,4344.0,1384.0
2025-07-25T08:16:34.290882,AIXBT-USDT,0.13939,0.13953,19.0,50.0
2025-07-25T08:16:34.291890,ALT-USDT,0.03343,0.03347,703.0,29725.0
2025-07-25T08:16:34.297935,AGT-USDT,0.005592,0.005598,138.0,122.0
2025-07-25T08:16:34.313437,AGT-USDT,0.005592,0.005597,138.0,2.0
2025-07-25T08:16:34.345436,ACT-USDT,0.04402,0.04406,12.0,66.0
2025-07-25T08:16:34.353234,ALCH-USDT,0.13748,0.1376,72.0,32.0
2025-07-25T08:16:34.357264,ACT-USDT,0.04402,0.04406,12.0,54.0
2025-07-25T08:16:34.363139,ADA-USDT,0.7972,0.7973,50.0,148.0
2025-07-25T08:16:34.372969,ANIME-USDT,0.018589,0.018609,3762.0,6339.0
2025-07-25T08:16:34.399067,AI16Z-USDT,0.1463,0.1464,4344.0,1248.0
2025-07-25T08:16:34.402774,AIXBT-USDT,0.13939,0.13952,19.0,2.0
2025-07-25T08:16:34.415069,AI16Z-USDT,0.1463,0.1464,4480.0,1248.0
2025-07-25T08:16:34.436844,AI16Z-USDT,0.1463,0.1465,4480.0,14971.0
2025-07-25T08:16:34.441073,AAVE-USDT,286.97,287.04,21.0,94.0
2025-07-25T08:16:34.443984,AI-USDT,0.13072,0.13083,136.0,377.0
2025-07-25T08:16:34.447429,AI16Z-USDT,0.1464,0.1465,685.0,14136.0
2025-07-25T08:16:34.447473,ACH-USDT,0.0216,0.02163,1459.0,677.0
2025-07-25T08:16:34.447942,AEVO-USDT,0.10428,0.10438,168.0,127.0
2025-07-25T08:16:34.451464,AAVE-USDT,286.98,287.04,116.0,94.0
2025-07-25T08:16:34.451502,ADA-USDT,0.7973,0.7974,858.0,50.0
2025-07-25T08:16:34.458980,AEVO-USDT,0.10428,0.10437,168.0,166.0
2025-07-25T08:16:34.460871,AI16Z-USDT,0.1464,0.1465,2885.0,7456.0
2025-07-25T08:16:34.461615,AAVE-USDT,286.99,287.04,56.0,233.0
2025-07-25T08:16:34.465458,ALGO-USDT,0.25724,0.25759,380.0,127.0
2025-07-25T08:16:34.465715,ADA-USDT,0.7973,0.7974,943.0,50.0
2025-07-25T08:16:34.466854,AI-USDT,0.13073,0.13083,93.0,377.0
2025-07-25T08:16:34.467404,AIXBT-USDT,0.13943,0.13952,71.0,2.0
2025-07-25T08:16:34.471293,AI16Z-USDT,0.1464,0.1465,2885.0,6972.0
2025-07-25T08:16:34.471332,AAVE-USDT,287.0,287.03,36.0,70.0
2025-07-25T08:16:34.477265,ALGO-USDT,0.25725,0.25759,127.0,127.0
2025-07-25T08:16:34.485346,AIXBT-USDT,0.13943,0.13952,71.0,38.0
2025-07-25T08:16:34.490973,ALGO-USDT,0.25726,0.25759,127.0,127.0
2025-07-25T08:16:34.492940,ADA-USDT,0.7973,0.7974,957.0,50.0
2025-07-25T08:16:34.493176,ANIME-USDT,0.018589,0.01861,3762.0,1529.0
2025-07-25T08:16:34.494964,AAVE-USDT,287.01,287.03,38.0,70.0
2025-07-25T08:16:34.497188,AIXBT-USDT,0.13943,0.13952,71.0,2.0
2025-07-25T08:16:34.499118,AI16Z-USDT,0.1464,0.1465,2885.0,6272.0
2025-07-25T08:16:34.505246,ADA-USDT,0.7973,0.7975,984.0,50.0
2025-07-25T08:16:34.507604,AAVE-USDT,287.02,287.03,18.0,70.0
2025-07-25T08:16:34.515148,ANIME-USDT,0.01859,0.01861,1902.0,1529.0
2025-07-25T08:16:34.518000,AAVE-USDT,287.03,287.08,38.0,192.0
2025-07-25T08:16:34.520946,ADA-USDT,0.7974,0.7975,105.0,50.0
2025-07-25T08:16:34.521225,A-USDT,0.559,0.5592,3.0,7.0
2025-07-25T08:16:34.521440,AI16Z-USDT,0.1464,0.1465,2885.0,5143.0
2025-07-25T08:16:34.524950,AIXBT-USDT,0.13943,0.13952,71.0,38.0
2025-07-25T08:16:34.531213,AERO-USDT,0.8754,0.8765,687.0,234.0
2025-07-25T08:16:34.532889,AI16Z-USDT,0.1464,0.1465,2885.0,1535.0
2025-07-25T08:16:34.534810,A-USDT,0.559,0.5594,3.0,257.0
2025-07-25T08:16:34.534994,AAVE-USDT,287.03,287.09,38.0,50.0
2025-07-25T08:16:34.537394,ALGO-USDT,0.25729,0.25759,77.0,127.0
2025-07-25T08:16:34.543611,ADA-USDT,0.7974,0.7975,296.0,50.0
2025-07-25T08:16:34.545083,AI16Z-USDT,0.1464,0.1466,2885.0,20436.0
2025-07-25T08:16:34.547121,AGT-USDT,0.005592,0.005598,138.0,2.0
2025-07-25T08:16:34.548964,AI-USDT,0.13074,0.13083,136.0,377.0
2025-07-25T08:16:34.551182,A-USDT,0.559,0.5594,3.0,264.0
2025-07-25T08:16:34.553836,ALGO-USDT,0.2573,0.25759,127.0,127.0
2025-07-25T08:16:34.553873,AAVE-USDT,287.04,287.09,18.0,50.0
2025-07-25T08:16:34.559163,ADA-USDT,0.7974,0.7975,323.0,50.0
2025-07-25T08:16:34.559201,AERO-USDT,0.8755,0.8765,464.0,234.0
2025-07-25T08:16:34.562818,AIXBT-USDT,0.13943,0.13952,71.0,2.0
2025-07-25T08:16:34.563359,1INCH-USDT,0.2729,0.273,16.0,9710.0
2025-07-25T08:16:34.566540,A-USDT,0.559,0.5593,3.0,258.0
2025-07-25T08:16:34.568860,AAVE-USDT,287.04,287.09,18.0,148.0
2025-07-25T08:16:34.573388,AERGO-USDT,0.13054,0.1307,79.0,178.0
2025-07-25T08:16:34.579075,A-USDT,0.559,0.5592,3.0,8.0
2025-07-25T08:16:34.580957,AAVE-USDT,287.05,287.09,19.0,148.0
2025-07-25T08:16:34.593208,AGLD-USDT,0.7675,0.7691,490.0,100.0
2025-07-25T08:16:34.593249,AIXBT-USDT,0.13943,0.13952,71.0,38.0
2025-07-25T08:16:34.605110,AEVO-USDT,0.10428,0.1044,168.0,166.0
2025-07-25T08:16:34.607100,A-USDT,0.559,0.5592,3.0,15.0
2025-07-25T08:16:34.613409,AAVE-USDT,287.05,287.08,19.0,98.0
2025-07-25T08:16:34.619230,AEVO-USDT,0.10429,0.10445,166.0,166.0
2025-07-25T08:16:34.620603,AI16Z-USDT,0.1464,0.1465,3369.0,32.0
2025-07-25T08:16:34.620851,ANIME-USDT,0.01859,0.01861,1902.0,840.0
2025-07-25T08:16:34.625501,AERGO-USDT,0.13054,0.1307,79.0,26.0
2025-07-25T08:16:34.627750,AIXBT-USDT,0.13947,0.13952,362.0,2.0
2025-07-25T08:16:34.633040,AI16Z-USDT,0.1464,0.1465,2885.0,821.0
2025-07-25T08:16:34.639168,AIXBT-USDT,0.1395,0.13952,71.0,2.0
2025-07-25T08:16:34.647458,ALCH-USDT,0.13748,0.1376,36.0,32.0
2025-07-25T08:16:34.656860,AEVO-USDT,0.10431,0.10445,1975.0,166.0
2025-07-25T08:16:34.668978,AI16Z-USDT,0.1464,0.1465,2885.0,3257.0
2025-07-25T08:16:34.678492,AEVO-USDT,0.10432,0.10444,166.0,2102.0
2025-07-25T08:16:34.683027,1INCH-USDT,0.2729,0.2731,16.0,946.0
2025-07-25T08:16:34.687535,AIXBT-USDT,0.13951,0.13952,19.0,2.0
2025-07-25T08:16:34.688884,AGT-USDT,0.005592,0.005598,156.0,2.0
2025-07-25T08:16:34.696659,AEVO-USDT,0.10432,0.10443,211.0,166.0
2025-07-25T08:16:34.697026,AAVE-USDT,287.05,287.08,18.0,98.0
2025-07-25T08:16:34.705007,AERGO-USDT,0.13056,0.13074,181.0,75.0
2025-07-25T08:16:34.714917,AI-USDT,0.13075,0.13083,93.0,377.0
2025-07-25T08:16:34.716616,AGT-USDT,0.005594,0.005598,1079.0,2.0
2025-07-25T08:16:34.717084,AEVO-USDT,0.10433,0.10443,166.0,166.0
2025-07-25T08:16:34.761048,AI16Z-USDT,0.1464,0.1465,2885.0,3121.0
2025-07-25T08:16:34.761219,AGT-USDT,0.005594,0.005598,132.0,2.0
2025-07-25T08:16:34.762637,AERGO-USDT,0.13056,0.13077,181.0,152.0
2025-07-25T08:16:34.764911,AAVE-USDT,287.05,287.07,18.0,634.0
2025-07-25T08:16:34.769139,ANIME-USDT,0.01859,0.01861,2607.0,840.0
2025-07-25T08:16:34.772799,AI-USDT,0.13076,0.13083,43.0,377.0
2025-07-25T08:16:34.773052,ACE-USDT,0.5605,0.5617,6321.0,5340.0
2025-07-25T08:16:34.779230,AAVE-USDT,286.98,287.08,225.0,98.0
2025-07-25T08:16:34.781565,AERO-USDT,0.8755,0.8765,464.0,3.0
2025-07-25T08:16:34.791387,ANIME-USDT,0.01859,0.01861,705.0,840.0
2025-07-25T08:16:34.797475,AIXBT-USDT,0.13951,0.13958,19.0,2.0
2025-07-25T08:16:34.800938,AI16Z-USDT,0.1464,0.1465,6161.0,3121.0
2025-07-25T08:16:34.805183,AAVE-USDT,287.06,287.08,1.0,98.0
2025-07-25T08:16:34.825053,AI16Z-USDT,0.1464,0.1465,5461.0,6045.0
2025-07-25T08:16:34.840824,AI16Z-USDT,0.1464,0.1465,5461.0,3121.0
2025-07-25T08:16:34.864130,AERGO-USDT,0.13056,0.13063,181.0,568.0
2025-07-25T08:16:34.878722,AEVO-USDT,0.10433,0.10442,166.0,166.0
2025-07-25T08:16:34.879348,ANIME-USDT,0.018589,0.01861,10101.0,840.0
2025-07-25T08:16:34.888802,AAVE-USDT,286.98,287.08,11.0,98.0
2025-07-25T08:16:34.893409,AI16Z-USDT,0.1464,0.1465,5734.0,3121.0
2025-07-25T08:16:34.902871,AAVE-USDT,286.99,287.08,20.0,98.0
2025-07-25T08:16:34.904861,1INCH-USDT,0.2729,0.2731,16.0,9929.0
2025-07-25T08:16:34.913014,AAVE-USDT,287.0,287.08,18.0,98.0
2025-07-25T08:16:34.915063,ALCH-USDT,0.13746,0.1376,32.0,32.0
2025-07-25T08:16:34.923095,AI16Z-USDT,0.1464,0.1465,5734.0,685.0
2025-07-25T08:16:34.925107,AERGO-USDT,0.13056,0.13077,181.0,152.0
2025-07-25T08:16:34.930810,AAVE-USDT,287.01,287.08,38.0,98.0
2025-07-25T08:16:34.940935,ADA-USDT,0.7974,0.7975,296.0,50.0
2025-07-25T08:16:34.952975,AAVE-USDT,287.02,287.08,18.0,98.0
2025-07-25T08:16:34.960944,ADA-USDT,0.7974,0.7975,233.0,50.0
2025-07-25T08:16:34.972919,AAVE-USDT,287.03,287.09,38.0,50.0
2025-07-25T08:16:34.989071,AAVE-USDT,287.04,287.09,19.0,50.0
2025-07-25T08:16:35.001095,ANIME-USDT,0.01859,0.01861,1902.0,840.0
2025-07-25T08:16:35.001718,AAVE-USDT,287.05,287.09,38.0,50.0
2025-07-25T08:16:35.013044,AAVE-USDT,287.06,287.09,36.0,50.0
2025-07-25T08:16:35.018582,ALGO-USDT,0.2573,0.25759,5.0,127.0
2025-07-25T08:16:35.024856,ACH-USDT,0.0216,0.02163,1669.0,677.0
2025-07-25T08:16:35.033052,AAVE-USDT,287.07,287.09,18.0,50.0
2025-07-25T08:16:35.040587,ALGO-USDT,0.25731,0.25759,127.0,127.0
2025-07-25T08:16:35.042952,AIXBT-USDT,0.1395,0.13958,71.0,2.0
2025-07-25T08:16:35.042991,ADA-USDT,0.7974,0.7975,260.0,50.0
2025-07-25T08:16:35.054932,ADA-USDT,0.7974,0.7975,233.0,50.0
2025-07-25T08:16:35.056823,ALGO-USDT,0.25731,0.25759,206.0,127.0
2025-07-25T08:16:35.077238,ACT-USDT,0.04402,0.04407,12.0,66.0
2025-07-25T08:16:35.078809,1INCH-USDT,0.2729,0.2731,235.0,9929.0
2025-07-25T08:16:35.090707,ACT-USDT,0.04402,0.04408,12.0,951.0
2025-07-25T08:16:35.093124,ALGO-USDT,0.25732,0.25759,127.0,127.0
2025-07-25T08:16:35.097258,AGT-USDT,0.005594,0.005603,132.0,349.0
2025-07-25T08:16:35.099621,ACE-USDT,0.5605,0.5617,969.0,5340.0
2025-07-25T08:16:35.105021,ADA-USDT,0.7974,0.7976,233.0,128.0
2025-07-25T08:16:35.107247,AAVE-USDT,287.07,287.1,18.0,50.0
2025-07-25T08:16:35.114939,AGT-USDT,0.005594,0.005602,132.0,2.0
2025-07-25T08:16:35.114977,AGLD-USDT,0.7675,0.7692,490.0,100.0
2025-07-25T08:16:35.124992,ADA-USDT,0.7975,0.7976,45.0,128.0
2025-07-25T08:16:35.134903,AI16Z-USDT,0.1464,0.1465,6134.0,685.0
2025-07-25T08:16:35.139062,AAVE-USDT,287.07,287.11,18.0,98.0
2025-07-25T08:16:35.139100,AEVO-USDT,0.10433,0.10443,166.0,166.0
2025-07-25T08:16:35.153030,ACH-USDT,0.02161,0.02163,177.0,677.0
2025-07-25T08:16:35.154913,AAVE-USDT,287.08,287.11,20.0,98.0
2025-07-25T08:16:35.167655,AAVE-USDT,287.03,287.11,10.0,98.0
2025-07-25T08:16:35.187164,ALGO-USDT,0.25732,0.25759,132.0,127.0
2025-07-25T08:16:35.189235,AAVE-USDT,287.05,287.11,1.0,98.0
2025-07-25T08:16:35.198924,AI16Z-USDT,0.1464,0.1466,6134.0,11270.0
2025-07-25T08:16:35.202533,AAVE-USDT,287.06,287.11,20.0,98.0
2025-07-25T08:16:35.204975,A-USDT,0.559,0.5592,19.0,15.0
2025-07-25T08:16:35.238708,AI16Z-USDT,0.1464,0.1466,9280.0,11270.0
2025-07-25T08:16:35.240849,AGLD-USDT,0.7675,0.7692,390.0,100.0
2025-07-25T08:16:35.241053,ANIME-USDT,0.01859,0.01861,1902.0,1529.0
2025-07-25T08:16:35.247020,ACT-USDT,0.04402,0.04408,1147.0,951.0
2025-07-25T08:16:35.274817,ALT-USDT,0.03343,0.03347,703.0,23669.0
2025-07-25T08:16:35.276915,AEVO-USDT,0.10433,0.10443,3041.0,166.0
2025-07-25T08:16:35.293124,AAVE-USDT,287.07,287.11,1.0,98.0
2025-07-25T08:16:35.298942,AEVO-USDT,0.10434,0.10443,172.0,166.0
2025-07-25T08:16:35.299188,AI16Z-USDT,0.1464,0.1466,9280.0,11302.0
2025-07-25T08:16:35.323807,ADA-USDT,0.7975,0.7976,45.0,704.0
2025-07-25T08:16:35.352907,AI16Z-USDT,0.1464,0.1466,9280.0,11270.0
2025-07-25T08:16:35.357079,ADA-USDT,0.7975,0.7976,45.0,50.0
2025-07-25T08:16:35.365182,ALGO-USDT,0.25733,0.25759,127.0,127.0
2025-07-25T08:16:35.378729,AAVE-USDT,287.03,287.11,10.0,98.0
2025-07-25T08:16:35.394673,AAVE-USDT,287.04,287.12,20.0,188.0
2025-07-25T08:16:35.395078,AI16Z-USDT,0.1464,0.1466,9280.0,10997.0
2025-07-25T08:16:35.412896,AAVE-USDT,287.06,287.12,20.0,188.0
2025-07-25T08:16:35.437498,AAVE-USDT,287.07,287.12,18.0,188.0
2025-07-25T08:16:35.446550,ALT-USDT,0.03343,0.03347,703.0,29725.0
2025-07-25T08:16:35.460806,AAVE-USDT,287.07,287.12,18.0,327.0
2025-07-25T08:16:35.472885,AAVE-USDT,287.07,287.11,18.0,196.0
2025-07-25T08:16:35.487758,AAVE-USDT,287.08,287.11,1.0,196.0
2025-07-25T08:16:35.525032,AGT-USDT,0.005594,0.005602,66.0,2.0
2025-07-25T08:16:35.531949,ADA-USDT,0.7975,0.7976,95.0,50.0
2025-07-25T08:16:35.536167,AAVE-USDT,287.09,287.11,20.0,196.0
2025-07-25T08:16:35.536377,AI16Z-USDT,0.1464,0.1466,9280.0,9397.0
2025-07-25T08:16:35.545592,AI-USDT,0.13076,0.13083,136.0,377.0
2025-07-25T08:16:35.545619,ADA-USDT,0.7976,0.7977,110.0,272.0
2025-07-25T08:16:35.549029,AAVE-USDT,287.09,287.11,20.0,98.0
2025-07-25T08:16:35.550743,ACH-USDT,0.02161,0.02163,177.0,177.0
2025-07-25T08:16:35.552712,ADA-USDT,0.7976,0.7977,112.0,50.0
2025-07-25T08:16:35.555052,AIXBT-USDT,0.13951,0.13958,19.0,2.0
2025-07-25T08:16:35.555138,AI-USDT,0.13077,0.13083,93.0,377.0
2025-07-25T08:16:35.556458,ALT-USDT,0.03341,0.03347,15035.0,29725.0
2025-07-25T08:16:35.558103,ALGO-USDT,0.25734,0.25767,127.0,127.0
2025-07-25T08:16:35.559367,AAVE-USDT,287.1,287.12,36.0,139.0
2025-07-25T08:16:35.565043,AI-USDT,0.13077,0.13094,93.0,93.0
2025-07-25T08:16:35.566378,ADA-USDT,0.7976,0.7977,139.0,50.0
2025-07-25T08:16:35.571434,AAVE-USDT,287.11,287.12,38.0,139.0
2025-07-25T08:16:35.576006,AI-USDT,0.13077,0.13096,93.0,93.0
2025-07-25T08:16:35.576043,1INCH-USDT,0.2729,0.2731,231.0,9929.0
2025-07-25T08:16:35.583012,A-USDT,0.559,0.5592,19.0,8.0
2025-07-25T08:16:35.583249,AAVE-USDT,287.11,287.14,18.0,683.0
2025-07-25T08:16:35.587838,AI-USDT,0.13077,0.131,93.0,93.0
2025-07-25T08:16:35.589864,AI16Z-USDT,0.1464,0.1466,9929.0,9397.0
2025-07-25T08:16:35.593915,AAVE-USDT,287.13,287.14,18.0,683.0
2025-07-25T08:16:35.598957,AI-USDT,0.13077,0.13103,93.0,90.0
2025-07-25T08:16:35.603846,ADA-USDT,0.7976,0.7978,139.0,350.0
2025-07-25T08:16:35.605075,AAVE-USDT,287.13,287.15,18.0,1818.0
2025-07-25T08:16:35.611712,AGT-USDT,0.005592,0.005602,396.0,2.0
2025-07-25T08:16:35.616363,ADA-USDT,0.7976,0.7978,441.0,128.0
2025-07-25T08:16:35.617582,ALGO-USDT,0.25735,0.25767,127.0,127.0
2025-07-25T08:16:35.621642,ANIME-USDT,0.01859,0.01861,1902.0,840.0
2025-07-25T08:16:35.625763,ADA-USDT,0.7977,0.7978,95.0,50.0
2025-07-25T08:16:35.628453,AI-USDT,0.13077,0.13105,93.0,92.0
2025-07-25T08:16:35.632945,ALT-USDT,0.03342,0.03347,8976.0,29725.0
2025-07-25T08:16:35.633350,ANIME-USDT,0.01859,0.018621,1902.0,1306.0
2025-07-25T08:16:35.636973,ADA-USDT,0.7977,0.7978,38.0,50.0
2025-07-25T08:16:35.637512,ALGO-USDT,0.25736,0.25767,177.0,127.0
2025-07-25T08:16:35.638638,AI16Z-USDT,0.1464,0.1466,9929.0,8697.0
2025-07-25T08:16:35.639247,AI-USDT,0.13078,0.13105,43.0,92.0
2025-07-25T08:16:35.643737,AIXBT-USDT,0.1395,0.13958,71.0,2.0
2025-07-25T08:16:35.645274,AAVE-USDT,287.13,287.17,18.0,10.0
2025-07-25T08:16:35.646856,ADA-USDT,0.7977,0.7978,83.0,50.0
2025-07-25T08:16:35.649487,AI16Z-USDT,0.1464,0.1466,10599.0,7298.0
2025-07-25T08:16:35.656991,ALGO-USDT,0.25738,0.25767,50.0,127.0
2025-07-25T08:16:35.659046,AI-USDT,0.13078,0.13105,136.0,92.0
2025-07-25T08:16:35.664267,ADA-USDT,0.7977,0.7978,50.0,50.0
2025-07-25T08:16:35.664992,A-USDT,0.559,0.5593,19.0,15.0
2025-07-25T08:16:35.670513,AI-USDT,0.13079,0.13104,93.0,377.0
2025-07-25T08:16:35.677088,ALGO-USDT,0.25739,0.25767,127.0,127.0
2025-07-25T08:16:35.679295,ALT-USDT,0.03342,0.03348,8976.0,78895.0
2025-07-25T08:16:35.685517,AGT-USDT,0.005592,0.005602,355.0,2.0
2025-07-25T08:16:35.685581,ADA-USDT,0.7977,0.7978,415.0,128.0
2025-07-25T08:16:35.687243,AI16Z-USDT,0.1464,0.1466,11998.0,7998.0
2025-07-25T08:16:35.689064,1INCH-USDT,0.2728,0.2731,220.0,9929.0
2025-07-25T08:16:35.690884,AI-USDT,0.13079,0.13103,93.0,470.0
2025-07-25T08:16:35.691247,AAVE-USDT,287.14,287.17,1.0,10.0
2025-07-25T08:16:35.692817,ALGO-USDT,0.25739,0.25767,177.0,127.0
2025-07-25T08:16:35.695047,ADA-USDT,0.7975,0.7977,1406.0,186.0
2025-07-25T08:16:35.701046,AIXBT-USDT,0.13952,0.13958,19.0,2.0
2025-07-25T08:16:35.702693,ANIME-USDT,0.01859,0.018622,1902.0,6339.0
2025-07-25T08:16:35.709027,ADA-USDT,0.7975,0.7977,1158.0,240.0
2025-07-25T08:16:35.716952,ALGO-USDT,0.2574,0.25767,127.0,127.0
2025-07-25T08:16:35.722732,ADA-USDT,0.7976,0.7977,45.0,240.0
2025-07-25T08:16:35.724635,AAVE-USDT,287.14,287.17,1.0,108.0
2025-07-25T08:16:35.744897,ADA-USDT,0.7975,0.7976,348.0,86.0
2025-07-25T08:16:35.755238,AI-USDT,0.1308,0.13102,43.0,93.0
2025-07-25T08:16:35.763144,ADA-USDT,0.7975,0.7976,95.0,228.0
2025-07-25T08:16:35.764929,AAVE-USDT,287.14,287.17,1.0,10.0
2025-07-25T08:16:35.773128,AGT-USDT,0.005592,0.005602,373.0,2.0
2025-07-25T08:16:35.774898,AAVE-USDT,287.14,287.16,1.0,98.0
2025-07-25T08:16:35.778910,AEVO-USDT,0.10434,0.10448,172.0,168.0
2025-07-25T08:16:35.791056,ADA-USDT,0.7975,0.7976,50.0,228.0
2025-07-25T08:16:35.791103,AAVE-USDT,287.11,287.16,10.0,98.0
2025-07-25T08:16:35.794885,AI16Z-USDT,0.1464,0.1466,11998.0,9397.0
2025-07-25T08:16:35.803031,ADA-USDT,0.7975,0.7976,50.0,86.0
2025-07-25T08:16:35.803072,ALGO-USDT,0.25741,0.25767,127.0,127.0
2025-07-25T08:16:35.805134,AAVE-USDT,287.12,287.17,20.0,10.0
2025-07-25T08:16:35.808968,AIXBT-USDT,0.1395,0.13958,71.0,2.0
2025-07-25T08:16:35.809004,ALT-USDT,0.03342,0.03348,18060.0,78895.0
2025-07-25T08:16:35.809309,ACT-USDT,0.04402,0.04409,1147.0,3001.0
2025-07-25T08:16:35.812860,ALGO-USDT,0.25741,0.25767,132.0,127.0
2025-07-25T08:16:35.821275,ADA-USDT,0.7975,0.7976,100.0,86.0
2025-07-25T08:16:35.825010,ALGO-USDT,0.25742,0.25767,127.0,127.0
2025-07-25T08:16:35.827023,AAVE-USDT,287.14,287.17,18.0,10.0
2025-07-25T08:16:35.830918,AI-USDT,0.1308,0.13101,43.0,237.0
2025-07-25T08:16:35.839334,1INCH-USDT,0.2729,0.2731,235.0,9929.0
2025-07-25T08:16:35.841043,AI-USDT,0.1308,0.131,136.0,93.0
2025-07-25T08:16:35.847189,ACT-USDT,0.04403,0.04409,181.0,3001.0
2025-07-25T08:16:35.853151,AAVE-USDT,287.15,287.17,18.0,10.0
2025-07-25T08:16:35.859329,ALGO-USDT,0.25742,0.2577,127.0,441.0
2025-07-25T08:16:35.872982,1INCH-USDT,0.2729,0.2731,231.0,9929.0
2025-07-25T08:16:35.874887,ALGO-USDT,0.25742,0.25773,127.0,127.0
2025-07-25T08:16:35.886136,AIXBT-USDT,0.13953,0.13958,19.0,2.0
2025-07-25T08:16:35.886174,ADA-USDT,0.7975,0.7976,465.0,74.0
2025-07-25T08:16:35.895317,ADA-USDT,0.7975,0.7976,465.0,50.0
2025-07-25T08:16:35.901195,AI16Z-USDT,0.1464,0.1466,11998.0,7956.0
2025-07-25T08:16:35.906476,ALCH-USDT,0.13746,0.13761,32.0,142.0
2025-07-25T08:16:35.908560,AI-USDT,0.1308,0.131,43.0,93.0
2025-07-25T08:16:35.910240,A-USDT,0.559,0.5593,277.0,15.0
2025-07-25T08:16:35.913969,1INCH-USDT,0.2729,0.2731,219.0,9710.0
2025-07-25T08:16:35.916485,ADA-USDT,0.7975,0.7977,465.0,50.0
2025-07-25T08:16:35.919366,AAVE-USDT,287.16,287.17,38.0,10.0
2025-07-25T08:16:35.920910,AIXBT-USDT,0.13956,0.13958,71.0,2.0
2025-07-25T08:16:35.921809,AI16Z-USDT,0.1465,0.1466,3285.0,7956.0
2025-07-25T08:16:35.927236,ADA-USDT,0.7976,0.7977,57.0,50.0
2025-07-25T08:16:35.939913,AI16Z-USDT,0.1465,0.1466,3285.0,6709.0
2025-07-25T08:16:35.945465,AERO-USDT,0.8756,0.8765,1.0,3.0
2025-07-25T08:16:35.949187,AEVO-USDT,0.10434,0.10448,3047.0,168.0
2025-07-25T08:16:35.953062,AIXBT-USDT,0.13957,0.13959,19.0,173.0
2025-07-25T08:16:35.957018,AI16Z-USDT,0.1465,0.1466,3285.0,6225.0
2025-07-25T08:16:35.959616,AEVO-USDT,0.10435,0.10448,172.0,168.0
2025-07-25T08:16:35.959764,AAVE-USDT,287.16,287.17,18.0,10.0
2025-07-25T08:16:35.963447,AIXBT-USDT,0.13957,0.13959,19.0,123.0
2025-07-25T08:16:35.963497,AI-USDT,0.13081,0.131,93.0,93.0
2025-07-25T08:16:35.967411,AERGO-USDT,0.13061,0.13077,75.0,152.0
2025-07-25T08:16:35.978921,AEVO-USDT,0.10436,0.10448,172.0,168.0
2025-07-25T08:16:35.979715,AI16Z-USDT,0.1465,0.1466,3285.0,4826.0
2025-07-25T08:16:35.979753,ADA-USDT,0.7976,0.7977,71.0,50.0
2025-07-25T08:16:35.979802,AERGO-USDT,0.13061,0.13077,104.0,176.0
2025-07-25T08:16:35.983162,ACT-USDT,0.04405,0.04409,1135.0,3001.0
2025-07-25T08:16:35.989098,AI-USDT,0.13082,0.131,136.0,93.0
2025-07-25T08:16:35.989141,AEVO-USDT,0.10436,0.10448,217.0,295.0
2025-07-25T08:16:35.989479,AERGO-USDT,0.13061,0.13077,104.0,24.0
2025-07-25T08:16:35.989518,AI16Z-USDT,0.1465,0.1466,3285.0,1972.0
2025-07-25T08:16:35.991218,1INCH-USDT,0.2728,0.2731,220.0,9710.0
2025-07-25T08:16:35.998189,A-USDT,0.559,0.5594,277.0,15.0
2025-07-25T08:16:36.000934,ADA-USDT,0.7976,0.7977,98.0,50.0
2025-07-25T08:16:36.001545,AI16Z-USDT,0.1465,0.1466,4121.0,1157.0
2025-07-25T08:16:36.004757,AERGO-USDT,0.13062,0.13077,152.0,24.0
2025-07-25T08:16:36.005412,AEVO-USDT,0.10437,0.10447,172.0,172.0
2025-07-25T08:16:36.007878,AI-USDT,0.13083,0.13105,93.0,92.0
2025-07-25T08:16:36.009541,ACH-USDT,0.02161,0.02164,177.0,3091.0
2025-07-25T08:16:36.009885,AIXBT-USDT,0.13957,0.13959,21.0,123.0
2025-07-25T08:16:36.012278,AAVE-USDT,287.16,287.19,116.0,557.0
2025-07-25T08:16:36.015003,A-USDT,0.5591,0.5594,258.0,15.0
2025-07-25T08:16:36.017317,ALT-USDT,0.03343,0.03348,703.0,78895.0
2025-07-25T08:16:36.021994,AGLD-USDT,0.7675,0.7692,445.0,100.0
2025-07-25T08:16:36.024894,AI-USDT,0.13083,0.13101,93.0,377.0
2025-07-25T08:16:36.026937,AIXBT-USDT,0.13957,0.13971,21.0,1.0
2025-07-25T08:16:36.027439,ALT-USDT,0.03343,0.03348,7623.0,78895.0
2025-07-25T08:16:36.027943,ADA-USDT,0.7976,0.7977,128.0,50.0
2025-07-25T08:16:36.030078,AAVE-USDT,287.18,287.19,38.0,5.0
2025-07-25T08:16:36.041412,ANIME-USDT,0.01859,0.018629,1902.0,215.0
2025-07-25T08:16:36.051708,AI16Z-USDT,0.1465,0.1466,4394.0,1157.0
2025-07-25T08:16:36.054899,ANIME-USDT,0.018601,0.018629,6339.0,215.0
2025-07-25T08:16:36.055496,AI-USDT,0.13084,0.131,43.0,93.0
2025-07-25T08:16:36.055532,AIXBT-USDT,0.13957,0.13971,2.0,1.0
2025-07-25T08:16:36.064584,A-USDT,0.5591,0.5594,265.0,15.0
2025-07-25T08:16:36.065144,AAVE-USDT,287.18,287.19,18.0,5.0
2025-07-25T08:16:36.066672,ANIME-USDT,0.018602,0.01863,1902.0,1306.0
2025-07-25T08:16:36.066710,AIXBT-USDT,0.13958,0.13971,19.0,1.0
2025-07-25T08:16:36.071553,ADA-USDT,0.7976,0.7978,128.0,128.0
2025-07-25T08:16:36.076949,1INCH-USDT,0.2729,0.2731,12.0,9710.0
2025-07-25T08:16:36.083149,ADA-USDT,0.7976,0.7977,148.0,50.0
2025-07-25T08:16:36.091184,A-USDT,0.5592,0.5595,3.0,15.0
2025-07-25T08:16:36.101045,ADA-USDT,0.7976,0.7977,136.0,50.0
2025-07-25T08:16:36.103033,ACT-USDT,0.04406,0.04409,12.0,3001.0
2025-07-25T08:16:36.103748,ALGO-USDT,0.25745,0.25773,77.0,127.0
2025-07-25T08:16:36.103809,AGLD-USDT,0.7675,0.7693,445.0,100.0
2025-07-25T08:16:36.106703,AI16Z-USDT,0.1465,0.1466,5793.0,1157.0
2025-07-25T08:16:36.108946,ANIME-USDT,0.018602,0.01863,1902.0,1995.0
2025-07-25T08:16:36.117102,ALGO-USDT,0.25746,0.25773,127.0,127.0
2025-07-25T08:16:36.117561,AAVE-USDT,287.18,287.19,36.0,5.0
2025-07-25T08:16:36.117600,AGLD-USDT,0.7676,0.7698,498.0,100.0
2025-07-25T08:16:36.139030,AGLD-USDT,0.7676,0.7697,1133.0,389.0
2025-07-25T08:16:36.141249,1INCH-USDT,0.2729,0.2731,235.0,9710.0
2025-07-25T08:16:36.158967,AGLD-USDT,0.7676,0.7696,1133.0,100.0
2025-07-25T08:16:36.169250,AIXBT-USDT,0.13958,0.1397,19.0,1952.0
2025-07-25T08:16:36.171065,AI16Z-USDT,0.1465,0.1466,5793.0,442.0
2025-07-25T08:16:36.171318,ACT-USDT,0.04406,0.04409,78.0,3001.0
2025-07-25T08:16:36.180699,AEVO-USDT,0.10437,0.10448,172.0,168.0
2025-07-25T08:16:36.199569,1INCH-USDT,0.2729,0.2731,16.0,9710.0
2025-07-25T08:16:36.206852,AI16Z-USDT,0.1465,0.1466,5793.0,123.0
2025-07-25T08:16:36.207176,AI-USDT,0.13084,0.13105,43.0,92.0
2025-07-25T08:16:36.228691,AI16Z-USDT,0.1465,0.1466,7128.0,1.0
2025-07-25T08:16:36.231073,AGT-USDT,0.005592,0.005602,355.0,2.0
2025-07-25T08:16:36.238777,AI16Z-USDT,0.1465,0.1466,6428.0,1.0
2025-07-25T08:16:36.244808,AIXBT-USDT,0.13958,0.13969,19.0,586.0
2025-07-25T08:16:36.250889,AI16Z-USDT,0.1465,0.1466,6428.0,686.0
2025-07-25T08:16:36.283235,AI16Z-USDT,0.1465,0.1466,3694.0,686.0
2025-07-25T08:16:36.291133,1INCH-USDT,0.2729,0.2731,235.0,9710.0
2025-07-25T08:16:36.310965,AI16Z-USDT,0.1465,0.1466,3726.0,686.0
2025-07-25T08:16:36.328855,AGLD-USDT,0.7677,0.7696,390.0,100.0
2025-07-25T08:16:36.357021,AGLD-USDT,0.7678,0.7696,100.0,100.0
2025-07-25T08:16:36.411030,AGT-USDT,0.005592,0.005602,373.0,2.0
2025-07-25T08:16:36.413254,ALT-USDT,0.03343,0.03348,16596.0,78895.0
2025-07-25T08:16:36.417003,1INCH-USDT,0.2729,0.2732,16.0,217.0
2025-07-25T08:16:36.426694,ALT-USDT,0.03343,0.03348,9676.0,78895.0
2025-07-25T08:16:36.426739,AIN-USDT,0.15298,0.15308,15.0,7.0
2025-07-25T08:16:36.442839,AIN-USDT,0.15299,0.15308,17.0,3.0
2025-07-25T08:16:36.443166,1INCH-USDT,0.2729,0.2732,235.0,9926.0
2025-07-25T08:16:36.453137,AIN-USDT,0.15299,0.1531,20.0,3.0
2025-07-25T08:16:36.456985,ALT-USDT,0.03343,0.03348,8973.0,78895.0
2025-07-25T08:16:36.461107,ADA-USDT,0.7976,0.7978,136.0,350.0
2025-07-25T08:16:36.462936,AGLD-USDT,0.7679,0.7696,390.0,100.0
2025-07-25T08:16:36.469331,AI-USDT,0.13084,0.13105,136.0,92.0
2025-07-25T08:16:36.470973,AI16Z-USDT,0.1465,0.1466,3726.0,1.0
2025-07-25T08:16:36.485473,AGT-USDT,0.005592,0.005602,355.0,2.0
2025-07-25T08:16:36.485517,ADA-USDT,0.7976,0.7978,149.0,128.0
2025-07-25T08:16:36.486854,AIXBT-USDT,0.13962,0.13971,71.0,1.0
2025-07-25T08:16:36.488679,A-USDT,0.5592,0.5595,19.0,15.0
2025-07-25T08:16:36.500982,AI16Z-USDT,0.1465,0.1466,6468.0,1.0
2025-07-25T08:16:36.502767,AIXBT-USDT,0.13963,0.13971,19.0,1.0
2025-07-25T08:16:36.507094,ADA-USDT,0.7976,0.7978,149.0,50.0
2025-07-25T08:16:36.525126,ADA-USDT,0.7977,0.7978,45.0,50.0
2025-07-25T08:16:36.526851,ACE-USDT,0.5605,0.5617,6321.0,5340.0
2025-07-25T08:16:36.551166,ACE-USDT,0.5605,0.5622,6321.0,7225.0
2025-07-25T08:16:36.563262,ACE-USDT,0.5605,0.5621,6321.0,5337.0
2025-07-25T08:16:36.565309,A-USDT,0.5592,0.5595,374.0,15.0
2025-07-25T08:16:36.588971,AI16Z-USDT,0.1465,0.1466,6468.0,686.0
2025-07-25T08:16:36.590917,AGT-USDT,0.005592,0.005602,373.0,2.0
2025-07-25T08:16:36.599234,AI16Z-USDT,0.1465,0.1466,3726.0,686.0
2025-07-25T08:16:36.618922,1INCH-USDT,0.2729,0.2732,16.0,9926.0
2025-07-25T08:16:36.633077,ACE-USDT,0.5605,0.5621,11673.0,5337.0
2025-07-25T08:16:36.643212,ACE-USDT,0.5605,0.562,11673.0,206.0
2025-07-25T08:16:36.659153,ALT-USDT,0.03344,0.03348,703.0,78895.0
2025-07-25T08:16:36.659203,ACE-USDT,0.5605,0.5621,11673.0,5337.0
2025-07-25T08:16:36.662726,AGT-USDT,0.005592,0.005602,355.0,2.0
2025-07-25T08:16:36.697073,ANIME-USDT,0.018602,0.01863,2607.0,1995.0
2025-07-25T08:16:36.697122,ALGO-USDT,0.25746,0.25773,241.0,127.0
2025-07-25T08:16:36.716746,ALGO-USDT,0.25747,0.25773,127.0,127.0
2025-07-25T08:16:36.722941,ADA-USDT,0.7977,0.7978,460.0,50.0
2025-07-25T08:16:36.747131,1INCH-USDT,0.273,0.2732,219.0,9926.0
2025-07-25T08:16:36.753064,AI16Z-USDT,0.1465,0.1466,3726.0,1.0
2025-07-25T08:16:36.753100,AIXBT-USDT,0.13962,0.13971,71.0,1.0
2025-07-25T08:16:36.764857,AI16Z-USDT,0.1465,0.1466,6740.0,1.0
2025-07-25T08:16:36.780955,ADA-USDT,0.7977,0.7978,487.0,50.0
2025-07-25T08:16:36.783117,AERO-USDT,0.8756,0.8765,465.0,3.0
2025-07-25T08:16:36.817669,ADA-USDT,0.7977,0.7979,501.0,350.0
2025-07-25T08:16:36.820313,AI-USDT,0.13084,0.13105,43.0,92.0
2025-07-25T08:16:36.820351,AAVE-USDT,287.18,287.19,134.0,5.0
2025-07-25T08:16:36.823683,AIN-USDT,0.15299,0.1531,5.0,3.0
2025-07-25T08:16:36.823976,AERO-USDT,0.8756,0.8765,1.0,3.0
2025-07-25T08:16:36.825527,ALGO-USDT,0.25747,0.25774,127.0,50.0
2025-07-25T08:16:36.827605,ADA-USDT,0.7978,0.7979,219.0,50.0
2025-07-25T08:16:36.829330,AI-USDT,0.13085,0.13104,93.0,377.0
2025-07-25T08:16:36.837040,AAVE-USDT,287.18,287.19,144.0,5.0
2025-07-25T08:16:36.837081,A-USDT,0.5593,0.5595,258.0,15.0
2025-07-25T08:16:36.839039,ADA-USDT,0.7978,0.7979,269.0,50.0
2025-07-25T08:16:36.848172,AI-USDT,0.13086,0.13103,43.0,93.0
2025-07-25T08:16:36.862342,ADA-USDT,0.7978,0.7979,184.0,50.0
2025-07-25T08:16:36.867266,AERO-USDT,0.8757,0.8765,464.0,3.0
2025-07-25T08:16:36.869439,A-USDT,0.5593,0.5595,265.0,15.0
2025-07-25T08:16:36.876101,AI16Z-USDT,0.1465,0.1466,8139.0,1.0
2025-07-25T08:16:36.878908,A-USDT,0.5593,0.5595,265.0,8.0
2025-07-25T08:16:36.885101,AEVO-USDT,0.10437,0.10448,3046.0,168.0
2025-07-25T08:16:36.896298,A-USDT,0.5593,0.5596,7.0,15.0
2025-07-25T08:16:36.900944,AEVO-USDT,0.10438,0.10448,172.0,168.0
2025-07-25T08:16:36.904603,ADA-USDT,0.7978,0.7979,157.0,50.0
2025-07-25T08:16:36.908869,AERGO-USDT,0.13062,0.1308,152.0,50.0
2025-07-25T08:16:36.914967,ADA-USDT,0.7978,0.7979,107.0,128.0
2025-07-25T08:16:36.925057,ADA-USDT,0.7978,0.7979,50.0,128.0
2025-07-25T08:16:36.943248,ALT-USDT,0.03344,0.03348,703.0,29.0
2025-07-25T08:16:36.974862,AI-USDT,0.13086,0.13103,136.0,93.0
2025-07-25T08:16:36.981177,A-USDT,0.5593,0.5596,9.0,15.0
2025-07-25T08:16:36.984763,ALT-USDT,0.03343,0.03348,8973.0,6085.0
2025-07-25T08:16:36.986632,AI-USDT,0.13086,0.13105,136.0,92.0
2025-07-25T08:16:36.995367,AGT-USDT,0.005592,0.005602,373.0,2.0
2025-07-25T08:16:36.997379,AERGO-USDT,0.13062,0.1308,181.0,50.0
2025-07-25T08:16:37.009935,A-USDT,0.5593,0.5596,268.0,15.0
2025-07-25T08:16:37.012685,ANIME-USDT,0.018602,0.01863,2607.0,689.0
2025-07-25T08:16:37.017226,AAVE-USDT,287.23,287.24,27.0,10.0
2025-07-25T08:16:37.019512,ALGO-USDT,0.25747,0.25776,127.0,113.0
2025-07-25T08:16:37.025289,ADA-USDT,0.7978,0.7979,50.0,50.0
2025-07-25T08:16:37.025617,AIXBT-USDT,0.13963,0.13971,19.0,1.0
2025-07-25T08:16:37.037555,ALGO-USDT,0.25747,0.2578,127.0,123.0
2025-07-25T08:16:37.041223,ADA-USDT,0.7978,0.7979,100.0,50.0
2025-07-25T08:16:37.049284,ACE-USDT,0.5605,0.5621,17025.0,5337.0
2025-07-25T08:16:37.094913,ALGO-USDT,0.25747,0.25786,127.0,127.0
2025-07-25T08:16:37.117270,ACE-USDT,0.5605,0.5621,17025.0,6227.0
2025-07-25T08:16:37.141879,ANIME-USDT,0.018602,0.01863,2607.0,16940.0
2025-07-25T08:16:37.206974,ACE-USDT,0.5605,0.5621,17025.0,5337.0
2025-07-25T08:16:37.237431,ACE-USDT,0.5605,0.562,17025.0,206.0
2025-07-25T08:16:37.257123,ADA-USDT,0.7978,0.7979,127.0,50.0
2025-07-25T08:16:37.338664,1INCH-USDT,0.273,0.2732,219.0,9709.0
2025-07-25T08:16:37.344190,ADA-USDT,0.7979,0.798,12.0,128.0
2025-07-25T08:16:37.348578,AAVE-USDT,287.23,287.24,125.0,10.0
2025-07-25T08:16:37.348947,AEVO-USDT,0.10438,0.10448,3046.0,168.0
2025-07-25T08:16:37.355054,ALT-USDT,0.03345,0.03348,703.0,6085.0
2025-07-25T08:16:37.359034,AEVO-USDT,0.10439,0.10449,172.0,500.0
2025-07-25T08:16:37.363576,AGLD-USDT,0.7679,0.7696,390.0,490.0
2025-07-25T08:16:37.363620,ADA-USDT,0.7979,0.798,107.0,50.0
2025-07-25T08:16:37.374768,ALT-USDT,0.03345,0.03348,703.0,29.0
2025-07-25T08:16:37.379132,AEVO-USDT,0.1044,0.10448,172.0,172.0
2025-07-25T08:16:37.381356,A-USDT,0.5593,0.5596,268.0,7.0
2025-07-25T08:16:37.399178,AEVO-USDT,0.1044,0.10449,217.0,500.0
2025-07-25T08:16:37.433154,ALGO-USDT,0.25752,0.25786,287.0,127.0
2025-07-25T08:16:37.441721,ACE-USDT,0.5605,0.562,18023.0,206.0
2025-07-25T08:16:37.458971,ALT-USDT,0.03343,0.03348,8973.0,29.0
2025-07-25T08:16:37.460867,ALGO-USDT,0.25754,0.25786,127.0,127.0
2025-07-25T08:16:37.461201,AEVO-USDT,0.10441,0.10449,172.0,500.0
2025-07-25T08:16:37.468905,ACE-USDT,0.5605,0.5621,18023.0,5337.0
2025-07-25T08:16:37.475105,A-USDT,0.5593,0.5597,268.0,15.0
2025-07-25T08:16:37.484853,ACE-USDT,0.5605,0.5621,19021.0,5337.0
2025-07-25T08:16:37.498692,AAVE-USDT,287.23,287.24,27.0,10.0
2025-07-25T08:16:37.505000,ACH-USDT,0.02161,0.02164,177.0,907.0
2025-07-25T08:16:37.508954,AEVO-USDT,0.10441,0.10448,172.0,172.0
2025-07-25T08:16:37.512969,ADA-USDT,0.7979,0.798,62.0,181.0
2025-07-25T08:16:37.514890,AI16Z-USDT,0.1465,0.1466,8139.0,686.0
2025-07-25T08:16:37.524907,ADA-USDT,0.7978,0.798,624.0,181.0
2025-07-25T08:16:37.528993,AGT-USDT,0.005592,0.005602,355.0,2.0
2025-07-25T08:16:37.539206,ADA-USDT,0.7978,0.7979,624.0,68.0
2025-07-25T08:16:37.560863,ADA-USDT,0.7978,0.7979,127.0,68.0
2025-07-25T08:16:37.576651,AI16Z-USDT,0.1465,0.1466,5125.0,1.0
2025-07-25T08:16:37.669306,AIXBT-USDT,0.13962,0.13971,71.0,1.0
2025-07-25T08:16:37.686460,AIXBT-USDT,0.13964,0.13971,609.0,1.0
2025-07-25T08:16:37.694741,ALT-USDT,0.03343,0.03348,8973.0,6085.0
2025-07-25T08:16:37.695956,AIXBT-USDT,0.13962,0.13971,71.0,1.0
2025-07-25T08:16:37.707568,AIXBT-USDT,0.13965,0.13971,2.0,1.0
2025-07-25T08:16:37.713075,ADA-USDT,0.7978,0.7979,127.0,50.0
2025-07-25T08:16:37.713442,AEVO-USDT,0.10441,0.10449,172.0,500.0
2025-07-25T08:16:37.717059,AGT-USDT,0.005597,0.005602,1274.0,2.0
2025-07-25T08:16:37.722863,ADA-USDT,0.7978,0.798,127.0,396.0
2025-07-25T08:16:37.730993,ACT-USDT,0.04406,0.04409,78.0,3000.0
2025-07-25T08:16:37.731053,A-USDT,0.5593,0.5597,268.0,16.0
2025-07-25T08:16:37.733379,ADA-USDT,0.7979,0.798,155.0,100.0
2025-07-25T08:16:37.737887,ACE-USDT,0.5605,0.562,19021.0,206.0
2025-07-25T08:16:37.739182,AEVO-USDT,0.10442,0.10449,172.0,500.0
2025-07-25T08:16:37.745353,ADA-USDT,0.7979,0.798,317.0,100.0
2025-07-25T08:16:37.748998,ACE-USDT,0.5605,0.5621,19021.0,5337.0
2025-07-25T08:16:37.753103,AI16Z-USDT,0.1465,0.1466,5981.0,1.0
2025-07-25T08:16:37.755152,AGT-USDT,0.005592,0.005602,355.0,2.0
2025-07-25T08:16:37.761100,AEVO-USDT,0.10442,0.10448,172.0,172.0
2025-07-25T08:16:37.765182,ADA-USDT,0.7979,0.798,205.0,100.0
2025-07-25T08:16:37.767034,AAVE-USDT,287.23,287.24,125.0,674.0
2025-07-25T08:16:37.774764,ACT-USDT,0.04406,0.04409,259.0,2925.0
2025-07-25T08:16:37.790995,AIXBT-USDT,0.13962,0.13971,71.0,1.0
2025-07-25T08:16:37.813163,AGT-USDT,0.005592,0.005602,373.0,2.0
2025-07-25T08:16:37.815923,AIXBT-USDT,0.13963,0.13971,1.0,1.0
2025-07-25T08:16:37.816027,AAVE-USDT,287.23,287.24,125.0,10.0
2025-07-25T08:16:37.818352,AEVO-USDT,0.10442,0.10449,172.0,500.0
2025-07-25T08:16:37.824768,ACH-USDT,0.02161,0.02164,1439.0,907.0
2025-07-25T08:16:37.827113,AI16Z-USDT,0.1465,0.1466,5981.0,2356.0
2025-07-25T08:16:37.827153,AAVE-USDT,287.25,287.26,27.0,8.0
2025-07-25T08:16:37.827178,A-USDT,0.5593,0.5597,268.0,15.0
2025-07-25T08:16:37.832976,AIN-USDT,0.15299,0.1531,25.0,3.0
2025-07-25T08:16:37.843262,AAVE-USDT,287.25,287.26,47.0,8.0
2025-07-25T08:16:37.845516,ACH-USDT,0.02162,0.02164,177.0,907.0
2025-07-25T08:16:37.854761,AAVE-USDT,287.25,287.26,145.0,8.0
2025-07-25T08:16:37.860936,AIN-USDT,0.15299,0.15312,25.0,13.0
2025-07-25T08:16:37.862977,AERGO-USDT,0.13062,0.13068,181.0,485.0
2025-07-25T08:16:37.882939,AIN-USDT,0.15301,0.15312,17.0,3.0
2025-07-25T08:16:37.891080,AIXBT-USDT,0.13963,0.1397,1.0,1.0
2025-07-25T08:16:37.894999,AIN-USDT,0.15304,0.15317,13.0,5.0
2025-07-25T08:16:37.904808,AIN-USDT,0.15306,0.15317,2.0,2.0
2025-07-25T08:16:37.916993,AGLD-USDT,0.7679,0.7696,781.0,490.0
2025-07-25T08:16:37.919575,AIN-USDT,0.15307,0.15317,7.0,2.0
2025-07-25T08:16:37.921063,AEVO-USDT,0.10441,0.10448,172.0,172.0
2025-07-25T08:16:37.939507,AGLD-USDT,0.768,0.7696,352.0,490.0
2025-07-25T08:16:37.940759,AEVO-USDT,0.10442,0.10448,172.0,172.0
2025-07-25T08:16:37.945150,AIN-USDT,0.15308,0.15317,2.0,2.0
2025-07-25T08:16:37.950559,AGLD-USDT,0.7681,0.7696,100.0,490.0
2025-07-25T08:16:37.959372,AIN-USDT,0.15308,0.15317,5.0,2.0
2025-07-25T08:16:37.968847,AGT-USDT,0.005592,0.005602,355.0,2.0
2025-07-25T08:16:37.991947,AIXBT-USDT,0.13963,0.1397,16.0,1.0
2025-07-25T08:16:38.007249,AIN-USDT,0.15308,0.15317,18.0,2.0
2025-07-25T08:16:38.013277,ADA-USDT,0.7979,0.798,155.0,100.0
2025-07-25T08:16:38.013675,AAVE-USDT,287.25,287.26,125.0,8.0
2025-07-25T08:16:38.023163,ADA-USDT,0.7979,0.798,50.0,187.0
2025-07-25T08:16:38.025272,AAVE-USDT,287.25,287.26,27.0,8.0
2025-07-25T08:16:38.027034,ACH-USDT,0.02161,0.02164,177.0,907.0
2025-07-25T08:16:38.035458,ADA-USDT,0.7978,0.798,576.0,217.0
2025-07-25T08:16:38.046355,ADA-USDT,0.7978,0.7979,202.0,18.0
2025-07-25T08:16:38.119028,AGT-USDT,0.005592,0.005602,373.0,2.0
2025-07-25T08:16:38.123616,AI16Z-USDT,0.1465,0.1466,5981.0,1.0
2025-07-25T08:16:38.123972,ACH-USDT,0.02161,0.02164,1030.0,907.0
2025-07-25T08:16:38.145097,ACH-USDT,0.02162,0.02164,177.0,907.0
2025-07-25T08:16:38.151163,ADA-USDT,0.7978,0.7979,127.0,18.0
2025-07-25T08:16:38.181041,ALT-USDT,0.03343,0.03348,8973.0,29.0
2025-07-25T08:16:38.190951,AGT-USDT,0.005592,0.005602,355.0,2.0
2025-07-25T08:16:38.194973,ANIME-USDT,0.018602,0.01863,3107.0,16940.0
2025-07-25T08:16:38.214725,ANIME-USDT,0.018603,0.01863,500.0,16940.0
2025-07-25T08:16:38.292882,ALT-USDT,0.03344,0.03348,703.0,29.0
2025-07-25T08:16:38.321444,AEVO-USDT,0.10442,0.10449,172.0,500.0
2025-07-25T08:16:38.326964,AI-USDT,0.13087,0.13105,93.0,92.0
2025-07-25T08:16:38.327256,A-USDT,0.5593,0.5597,268.0,16.0
2025-07-25T08:16:38.329237,ADA-USDT,0.7979,0.798,155.0,100.0
2025-07-25T08:16:38.332853,ALT-USDT,0.03344,0.03348,6759.0,29.0
2025-07-25T08:16:38.341725,ADA-USDT,0.7979,0.798,205.0,100.0
2025-07-25T08:16:38.346873,AI-USDT,0.13087,0.13104,93.0,377.0
2025-07-25T08:16:38.354176,ADA-USDT,0.798,0.7981,234.0,50.0
2025-07-25T08:16:38.363136,ACT-USDT,0.04406,0.04409,259.0,2692.0
2025-07-25T08:16:38.373365,ACT-USDT,0.04406,0.04411,259.0,104.0
2025-07-25T08:16:38.373403,ADA-USDT,0.798,0.7981,261.0,50.0
2025-07-25T08:16:38.376888,ALT-USDT,0.03344,0.03348,703.0,29.0
2025-07-25T08:16:38.384883,AGLD-USDT,0.7681,0.7696,735.0,490.0
2025-07-25T08:16:38.397249,AGLD-USDT,0.7682,0.7696,390.0,490.0
2025-07-25T08:16:38.409110,AGLD-USDT,0.7683,0.7696,100.0,880.0
2025-07-25T08:16:38.428129,AAVE-USDT,287.25,287.26,125.0,8.0
2025-07-25T08:16:38.428168,A-USDT,0.5593,0.5597,268.0,15.0
2025-07-25T08:16:38.437564,ALGO-USDT,0.25754,0.25788,127.0,127.0
2025-07-25T08:16:38.443179,ACT-USDT,0.04406,0.04411,247.0,104.0
2025-07-25T08:16:38.446882,AI-USDT,0.13088,0.13104,43.0,377.0
2025-07-25T08:16:38.447150,AIXBT-USDT,0.13964,0.1397,19.0,1.0
2025-07-25T08:16:38.457264,ALGO-USDT,0.25754,0.25795,127.0,123.0
2025-07-25T08:16:38.458719,ANIME-USDT,0.018603,0.018622,500.0,6339.0
2025-07-25T08:16:38.460747,ACT-USDT,0.04406,0.04411,1382.0,104.0
2025-07-25T08:16:38.466737,AI-USDT,0.13088,0.13103,136.0,377.0
2025-07-25T08:16:38.475448,ANIME-USDT,0.018603,0.018622,500.0,7028.0
2025-07-25T08:16:38.475488,ALT-USDT,0.03344,0.03348,6759.0,29.0
2025-07-25T08:16:38.485405,A-USDT,0.5594,0.5597,258.0,15.0
2025-07-25T08:16:38.489154,AIXBT-USDT,0.13968,0.1397,71.0,1.0
2025-07-25T08:16:38.491302,ALT-USDT,0.03344,0.03348,6056.0,29.0
2025-07-25T08:16:38.494542,ANIME-USDT,0.018603,0.018622,500.0,689.0
2025-07-25T08:16:38.503963,AAVE-USDT,287.25,287.26,135.0,8.0
2025-07-25T08:16:38.590935,AIXBT-USDT,0.13968,0.13971,71.0,1.0
2025-07-25T08:16:38.596994,ALGO-USDT,0.25761,0.25795,77.0,123.0
2025-07-25T08:16:38.610932,ALGO-USDT,0.25761,0.25797,77.0,569.0
2025-07-25T08:16:38.612878,AGT-USDT,0.005592,0.005603,355.0,2.0
2025-07-25T08:16:38.630881,AI-USDT,0.13089,0.13103,77.0,377.0
2025-07-25T08:16:38.637188,ACT-USDT,0.04406,0.04413,1382.0,104.0
2025-07-25T08:16:38.637250,ALGO-USDT,0.25761,0.25796,77.0,127.0
2025-07-25T08:16:38.642909,AI-USDT,0.13089,0.13102,77.0,377.0
2025-07-25T08:16:38.642957,1INCH-USDT,0.273,0.2733,219.0,217.0
2025-07-25T08:16:38.657071,ALGO-USDT,0.25754,0.25796,127.0,127.0
2025-07-25T08:16:38.662917,AERGO-USDT,0.13062,0.1308,181.0,50.0
2025-07-25T08:16:38.664837,AI-USDT,0.13089,0.13101,77.0,377.0
2025-07-25T08:16:38.670634,1INCH-USDT,0.273,0.2733,219.0,9708.0
2025-07-25T08:16:38.677146,ALGO-USDT,0.25754,0.25796,127.0,223.0
2025-07-25T08:16:38.682811,ADA-USDT,0.798,0.7981,234.0,50.0
2025-07-25T08:16:38.683010,AERGO-USDT,0.13062,0.1308,873.0,50.0
2025-07-25T08:16:38.685239,AI-USDT,0.13089,0.131,77.0,377.0
2025-07-25T08:16:38.690668,1INCH-USDT,0.2731,0.2733,235.0,9708.0
2025-07-25T08:16:38.696894,ALGO-USDT,0.25754,0.25795,127.0,127.0
2025-07-25T08:16:38.704954,AI-USDT,0.13089,0.13099,77.0,377.0
2025-07-25T08:16:38.716834,ALGO-USDT,0.25755,0.25795,127.0,127.0
2025-07-25T08:16:38.727013,AI-USDT,0.13089,0.13098,77.0,377.0
2025-07-25T08:16:38.733390,AIN-USDT,0.15308,0.15317,5.0,2.0
2025-07-25T08:16:38.746522,AI-USDT,0.13089,0.13097,77.0,377.0
2025-07-25T08:16:38.756960,ALT-USDT,0.03345,0.03348,703.0,29.0
2025-07-25T08:16:38.764930,AERGO-USDT,0.13063,0.1308,262.0,50.0
2025-07-25T08:16:38.765203,ADA-USDT,0.798,0.7981,172.0,50.0
2025-07-25T08:16:38.766861,AI-USDT,0.13089,0.13096,77.0,377.0
2025-07-25T08:16:38.782914,1INCH-USDT,0.2731,0.2733,219.0,9708.0
2025-07-25T08:16:38.786876,AI-USDT,0.13089,0.13095,77.0,377.0
2025-07-25T08:16:38.795189,A-USDT,0.5595,0.5597,3.0,15.0
2025-07-25T08:16:38.804807,AI-USDT,0.13089,0.13094,77.0,377.0
2025-07-25T08:16:38.826983,AI-USDT,0.13089,0.13093,77.0,377.0
2025-07-25T08:16:38.827022,AEVO-USDT,0.10442,0.10448,172.0,172.0
2025-07-25T08:16:38.845990,1INCH-USDT,0.273,0.2733,219.0,9708.0
2025-07-25T08:16:38.855138,AEVO-USDT,0.10443,0.10446,172.0,7407.0
2025-07-25T08:16:38.862924,AEVO-USDT,0.10443,0.10448,172.0,172.0
2025-07-25T08:16:38.873239,1INCH-USDT,0.2731,0.2733,12.0,9708.0
2025-07-25T08:16:38.873287,AEVO-USDT,0.10442,0.10448,3045.0,172.0
2025-07-25T08:16:38.966883,1INCH-USDT,0.2731,0.2733,16.0,9708.0
2025-07-25T08:16:39.063025,AEVO-USDT,0.10443,0.10448,172.0,172.0
2025-07-25T08:16:39.150873,1INCH-USDT,0.2731,0.2733,235.0,9708.0
2025-07-25T08:16:39.194855,AGLD-USDT,0.7683,0.7696,100.0,780.0
2025-07-25T08:16:39.224822,AAVE-USDT,287.25,287.26,37.0,8.0
2025-07-25T08:16:39.224860,AEVO-USDT,0.10442,0.10448,3045.0,172.0
2025-07-25T08:16:39.227128,AI16Z-USDT,0.1465,0.1466,5981.0,686.0
2025-07-25T08:16:39.243484,ADA-USDT,0.798,0.7981,98.0,50.0
2025-07-25T08:16:39.249840,AAVE-USDT,287.22,287.26,11.0,8.0
2025-07-25T08:16:39.251201,AGT-USDT,0.005592,0.005603,355.0,351.0
2025-07-25T08:16:39.265221,ADA-USDT,0.7979,0.798,740.0,86.0
2025-07-25T08:16:39.268946,AAVE-USDT,287.23,287.26,20.0,8.0
2025-07-25T08:16:39.268995,ACT-USDT,0.04406,0.04413,1382.0,3104.0
2025-07-25T08:16:39.277408,ADA-USDT,0.7979,0.798,460.0,178.0
2025-07-25T08:16:39.277599,AEVO-USDT,0.10441,0.10448,172.0,299.0
2025-07-25T08:16:39.279268,AI16Z-USDT,0.1465,0.1466,4582.0,686.0
2025-07-25T08:16:39.279308,AAVE-USDT,287.25,287.26,18.0,8.0
2025-07-25T08:16:39.279607,AIN-USDT,0.15308,0.15317,5.0,8.0
2025-07-25T08:16:39.283006,ALT-USDT,0.03344,0.03348,6056.0,6085.0
2025-07-25T08:16:39.289014,ADA-USDT,0.7978,0.7979,802.0,12.0
2025-07-25T08:16:39.291311,AIN-USDT,0.15308,0.15317,3.0,8.0
2025-07-25T08:16:39.299399,AEVO-USDT,0.10441,0.10447,172.0,172.0
2025-07-25T08:16:39.299899,AGT-USDT,0.005592,0.005603,355.0,349.0
2025-07-25T08:16:39.304247,AIN-USDT,0.15307,0.15317,7.0,8.0
2025-07-25T08:16:39.304288,AAVE-USDT,287.21,287.26,1.0,8.0
2025-07-25T08:16:39.304312,ADA-USDT,0.7978,0.7979,253.0,30.0
2025-07-25T08:16:39.305116,ALT-USDT,0.03343,0.03348,8973.0,6085.0
2025-07-25T08:16:39.316212,ADA-USDT,0.7979,0.798,508.0,50.0
2025-07-25T08:16:39.321206,AGT-USDT,0.005592,0.005602,355.0,2.0
2025-07-25T08:16:39.331572,AAVE-USDT,287.21,287.26,1.0,106.0
2025-07-25T08:16:39.332360,ADA-USDT,0.7979,0.798,143.0,50.0
2025-07-25T08:16:39.336898,AERGO-USDT,0.13063,0.1308,491.0,50.0
2025-07-25T08:16:39.338910,AEVO-USDT,0.10441,0.10447,172.0,299.0
2025-07-25T08:16:39.339298,ACE-USDT,0.5605,0.562,13669.0,206.0
2025-07-25T08:16:39.345179,A-USDT,0.5595,0.5597,3.0,273.0
2025-07-25T08:16:39.345340,ADA-USDT,0.7979,0.798,174.0,50.0
2025-07-25T08:16:39.355079,ACE-USDT,0.5605,0.5619,13669.0,5339.0
2025-07-25T08:16:39.356679,ADA-USDT,0.7979,0.7981,539.0,390.0
2025-07-25T08:16:39.360646,AEVO-USDT,0.10439,0.10446,172.0,172.0
2025-07-25T08:16:39.360823,AIN-USDT,0.15305,0.15317,5.0,8.0
2025-07-25T08:16:39.364939,ACE-USDT,0.5605,0.5618,13669.0,2000.0
2025-07-25T08:16:39.366639,ACH-USDT,0.02161,0.02164,177.0,907.0
2025-07-25T08:16:39.366927,ADA-USDT,0.798,0.7981,162.0,152.0
2025-07-25T08:16:39.376863,ACE-USDT,0.5605,0.5618,11673.0,2000.0
2025-07-25T08:16:39.378769,A-USDT,0.5595,0.5597,3.0,265.0
2025-07-25T08:16:39.387151,AIN-USDT,0.15304,0.15317,2.0,8.0
2025-07-25T08:16:39.388777,AAVE-USDT,287.18,287.26,1.0,106.0
2025-07-25T08:16:39.394766,ACE-USDT,0.5605,0.5618,11727.0,2000.0
2025-07-25T08:16:39.407411,ALT-USDT,0.03345,0.03348,703.0,6085.0
2025-07-25T08:16:39.407447,AAVE-USDT,287.19,287.26,20.0,8.0
2025-07-25T08:16:39.411090,ADA-USDT,0.798,0.7981,162.0,64.0
2025-07-25T08:16:39.424954,ACE-USDT,0.5605,0.5618,11835.0,2000.0
2025-07-25T08:16:39.480918,A-USDT,0.5594,0.5596,3.0,8.0
2025-07-25T08:16:39.490991,AEVO-USDT,0.10439,0.10447,172.0,172.0
2025-07-25T08:16:39.492609,ADA-USDT,0.7981,0.7982,219.0,57.0
2025-07-25T08:16:39.502898,ADA-USDT,0.7981,0.7982,293.0,57.0
2025-07-25T08:16:39.514655,AAVE-USDT,287.2,287.26,18.0,8.0
2025-07-25T08:16:39.532812,AAVE-USDT,287.21,287.26,56.0,8.0
2025-07-25T08:16:39.537527,A-USDT,0.5594,0.5596,19.0,15.0
2025-07-25T08:16:39.540936,ACE-USDT,0.5605,0.5618,17187.0,2000.0
2025-07-25T08:16:39.542927,AAVE-USDT,287.22,287.26,18.0,8.0
2025-07-25T08:16:39.560995,AAVE-USDT,287.25,287.26,18.0,8.0
2025-07-25T08:16:39.578891,A-USDT,0.5594,0.5596,19.0,7.0
2025-07-25T08:16:39.594847,ADA-USDT,0.7981,0.7982,293.0,7.0
2025-07-25T08:16:39.618559,A-USDT,0.5594,0.5597,19.0,15.0
2025-07-25T08:16:39.636822,ADA-USDT,0.7981,0.7982,685.0,7.0
2025-07-25T08:16:39.673510,1INCH-USDT,0.2731,0.2733,223.0,9708.0
2025-07-25T08:16:39.690756,ADA-USDT,0.7981,0.7982,584.0,161.0
2025-07-25T08:16:39.696940,1INCH-USDT,0.2731,0.2733,219.0,9708.0
2025-07-25T08:16:39.702717,AGLD-USDT,0.7683,0.7696,100.0,390.0
2025-07-25T08:16:39.705132,ADA-USDT,0.7981,0.7982,427.0,161.0
2025-07-25T08:16:39.712841,AAVE-USDT,287.2,287.26,1.0,8.0
2025-07-25T08:16:39.723007,AAVE-USDT,287.25,287.26,18.0,8.0
2025-07-25T08:16:39.727196,ADA-USDT,0.7981,0.7982,415.0,174.0
2025-07-25T08:16:39.749220,AAVE-USDT,287.25,287.26,36.0,8.0
2025-07-25T08:16:39.760808,AAVE-USDT,287.25,287.26,18.0,8.0
2025-07-25T08:16:39.803488,1INCH-USDT,0.273,0.2733,219.0,9708.0
2025-07-25T08:16:39.838004,ADA-USDT,0.7981,0.7982,50.0,174.0
2025-07-25T08:16:39.838043,ACE-USDT,0.5605,0.5618,11835.0,2000.0
2025-07-25T08:16:39.847207,1INCH-USDT,0.273,0.2732,219.0,219.0
2025-07-25T08:16:39.847244,ADA-USDT,0.798,0.7981,458.0,86.0
2025-07-25T08:16:39.855287,AGLD-USDT,0.7683,0.7699,100.0,100.0
2025-07-25T08:16:39.864469,AIN-USDT,0.15301,0.15317,2.0,8.0
2025-07-25T08:16:39.864868,ADA-USDT,0.798,0.7981,77.0,92.0
2025-07-25T08:16:39.903017,AIN-USDT,0.15301,0.15317,2.0,40.0
2025-07-25T08:16:39.923384,AIN-USDT,0.15301,0.15316,2.0,13.0
2025-07-25T08:16:39.944732,AIN-USDT,0.15301,0.15315,5.0,3.0
2025-07-25T08:16:40.003433,AIN-USDT,0.15301,0.15315,3.0,3.0
2025-07-25T08:16:40.009007,AI16Z-USDT,0.1465,0.1466,3726.0,686.0
2025-07-25T08:16:40.014339,AAVE-USDT,287.22,287.26,10.0,8.0
2025-07-25T08:16:40.019509,ADA-USDT,0.798,0.7981,77.0,166.0
2025-07-25T08:16:40.021293,AI16Z-USDT,0.1465,0.1466,990.0,1522.0
2025-07-25T08:16:40.027505,AAVE-USDT,287.22,287.25,10.0,18.0
2025-07-25T08:16:40.038601,AIN-USDT,0.15298,0.15315,13.0,3.0
2025-07-25T08:16:40.043878,AIXBT-USDT,0.13962,0.13971,71.0,1.0
2025-07-25T08:16:40.046699,A-USDT,0.5594,0.5597,3.0,15.0
2025-07-25T08:16:40.048908,AIN-USDT,0.15297,0.15315,2.0,3.0
2025-07-25T08:16:40.073024,ADA-USDT,0.798,0.7981,50.0,166.0
