timestamp,symbol,bid,ask,bid_vol,ask_vol
2025-07-25T07:43:54.965739,BTC-USDT,115193.87,115193.88,0.26043,0.060266
2025-07-25T07:43:54.965831,ETH-USDT,3613.61,3614.12,2.7671,2.7669
2025-07-25T07:43:54.965873,SOL-USDT,176.5856,176.5928,1.509,1.459
2025-07-25T07:43:54.965909,LTC-USDT,111.28,111.31,2.97,2.97
2025-07-25T07:43:54.984648,XRP-USDT,3.05982,3.05983,163.0,2297.9
2025-07-25T07:43:55.018380,ETH-USDT,3614.11,3614.12,0.3988,2.7669
2025-07-25T07:43:55.118593,ETH-USDT,3614.02,3614.03,0.052,0.04
2025-07-25T07:43:55.218529,ETH-USDT,3614.02,3614.03,2.8189,0.04
2025-07-25T07:43:55.218593,XRP-USDT,3.05982,3.05983,541.0,2297.9
2025-07-25T07:43:55.320655,BTC-USDT,115194.14,115194.15,0.379112,0.0021
2025-07-25T07:43:55.320714,ETH-USDT,3614.02,3614.03,2.8189,0.0593
2025-07-25T07:43:55.320740,XRP-USDT,3.06012,3.06017,378.0,2557.0
2025-07-25T07:43:55.321849,SOL-USDT,176.5895,176.6017,5.13,44.644
2025-07-25T07:43:55.321894,LTC-USDT,111.28,111.34,2.97,2.97
2025-07-25T07:43:55.419580,BTC-USDT,115194.14,115194.15,0.587135,0.0021
2025-07-25T07:43:55.419648,ETH-USDT,3614.02,3614.03,2.8553,0.0593
2025-07-25T07:43:55.420921,SOL-USDT,176.5856,176.6017,1.509,44.644
2025-07-25T07:43:55.421086,LTC-USDT,111.29,111.36,5.302,5.302
2025-07-25T07:43:55.521671,BTC-USDT,115194.14,115194.15,0.733243,0.0021
2025-07-25T07:43:55.521909,XRP-USDT,3.05983,3.06016,2.99,13.85
2025-07-25T07:43:55.522484,SOL-USDT,176.5856,176.6151,1.509,44.639
2025-07-25T07:43:55.522676,LTC-USDT,111.29,111.35,5.302,2.97
2025-07-25T07:43:55.619110,ETH-USDT,3614.02,3614.03,5.3115,0.0593
2025-07-25T07:43:55.619336,XRP-USDT,3.06015,3.06016,378.0,13.85
2025-07-25T07:43:55.620102,SOL-USDT,176.5857,176.6151,5.13,44.639
2025-07-25T07:43:55.721402,XRP-USDT,3.06015,3.06016,378.0,299.69
2025-07-25T07:43:55.721772,SOL-USDT,176.5957,176.6151,1.498,44.639
2025-07-25T07:43:55.918848,SOL-USDT,176.5957,176.6024,1.498,1.482
2025-07-25T07:43:56.019253,ETH-USDT,3614.03,3614.31,0.0472,0.0039
2025-07-25T07:43:56.021605,SOL-USDT,176.5966,176.6151,5.13,44.639
2025-07-25T07:43:56.121099,ETH-USDT,3614.33,3615.19,2.7664,2.5737
2025-07-25T07:43:56.121150,XRP-USDT,3.06016,3.06075,541.0,378.0
2025-07-25T07:43:56.121182,SOL-USDT,176.6052,176.6151,1.548,44.639
2025-07-25T07:43:56.219882,ETH-USDT,3614.33,3615.17,2.7664,1.1987
2025-07-25T07:43:56.220222,XRP-USDT,3.06033,3.06039,378.0,2556.8
2025-07-25T07:43:56.223460,SOL-USDT,176.6052,176.6268,1.548,44.634
2025-07-25T07:43:56.318602,BTC-USDT,115194.14,115194.15,0.733243,0.002010000210948213
2025-07-25T07:43:56.318920,ETH-USDT,3614.5,3614.51,3.1653,0.0385
2025-07-25T07:43:56.320754,SOL-USDT,176.6099,176.619,1.45,1.515
2025-07-25T07:43:56.518945,XRP-USDT,3.06033,3.06045,378.0,291.83
2025-07-25T07:43:56.819597,ETH-USDT,3614.42,3614.51,2.7665,2.805
2025-07-25T07:43:56.819775,XRP-USDT,3.06033,3.06045,378.0,291.83
2025-07-25T07:43:56.918309,BTC-USDT,115194.14,115194.15,0.681653,0.002010000210948213
2025-07-25T07:43:56.918519,XRP-USDT,3.06033,3.06037,378.0,284.0
2025-07-25T07:43:57.220679,XRP-USDT,3.06036,3.06037,378.0,284.0
2025-07-25T07:43:57.318517,ETH-USDT,3614.5,3614.51,0.3988,2.805
2025-07-25T07:43:57.318564,XRP-USDT,3.06055,3.06061,378.0,13.85
2025-07-25T07:43:57.417597,BTC-USDT,115194.14,115194.15,0.532137,0.002010000210948213
2025-07-25T07:43:57.417652,ETH-USDT,3614.5,3614.51,2.7665,2.805
2025-07-25T07:43:57.617918,BTC-USDT,115194.14,115194.15,0.733243,0.002010000210948213
2025-07-25T07:43:57.617979,XRP-USDT,3.06046,3.06047,378.0,292.97
2025-07-25T07:43:57.919535,ETH-USDT,3614.41,3615.1,0.0057,0.6445
2025-07-25T07:43:58.021421,ETH-USDT,3614.42,3615.09,2.7664,2.7664
2025-07-25T07:43:58.021484,XRP-USDT,3.06046,3.06047,1074.95,292.97
2025-07-25T07:43:58.118086,ETH-USDT,3614.41,3614.5,0.0057,0.0381
2025-07-25T07:43:58.218746,ETH-USDT,3614.49,3614.5,0.3988,2.8046
2025-07-25T07:43:58.218821,XRP-USDT,3.06046,3.06047,1074.95,13.85
2025-07-25T07:43:58.219250,LTC-USDT,111.29,111.33,5.302,2.97
2025-07-25T07:43:58.418539,ETH-USDT,3614.49,3614.5,3.1653,2.8046
2025-07-25T07:43:58.533747,ETH-USDT,3614.49,3614.5,0.3988,2.8046
2025-07-25T07:43:58.533818,XRP-USDT,3.06046,3.06047,378.0,13.85
2025-07-25T07:43:58.617605,XRP-USDT,3.06041,3.06046,163.0,13.85
2025-07-25T07:43:58.719005,XRP-USDT,3.06041,3.06046,163.0,391.85
2025-07-25T07:43:58.918437,XRP-USDT,3.06041,3.06046,163.0,13.85
2025-07-25T07:43:59.017547,ETH-USDT,3614.41,3614.5,0.0057,2.8046
2025-07-25T07:43:59.017861,XRP-USDT,3.06043,3.06046,378.0,13.85
2025-07-25T07:43:59.119359,ETH-USDT,3614.49,3614.5,3.1653,2.8046
2025-07-25T07:43:59.218125,ETH-USDT,3614.41,3614.5,0.0057,0.0381
2025-07-25T07:43:59.218179,XRP-USDT,3.06041,3.06046,541.0,13.85
2025-07-25T07:43:59.319225,ETH-USDT,3614.49,3614.5,3.1653,0.0381
2025-07-25T07:43:59.319941,XRP-USDT,3.06045,3.06046,378.0,13.85
2025-07-25T07:43:59.418123,XRP-USDT,3.06036,3.06046,378.0,13.85
2025-07-25T07:43:59.521307,BTC-USDT,115194.14,115194.15,0.583727,0.002010000210948213
2025-07-25T07:43:59.521363,XRP-USDT,3.0604,3.06046,163.0,13.85
2025-07-25T07:43:59.624057,ETH-USDT,3614.49,3614.5,2.7665,2.8046
2025-07-25T07:43:59.624110,XRP-USDT,3.05967,3.06009,163.0,391.85
2025-07-25T07:43:59.718298,ETH-USDT,3614.41,3614.5,0.0057,0.0381
2025-07-25T07:43:59.718348,XRP-USDT,3.0597,3.05992,163.0,592.0
2025-07-25T07:43:59.819140,BTC-USDT,115194.14,115194.15,0.375704,0.002010000210948213
2025-07-25T07:43:59.819203,ETH-USDT,3614.49,3614.5,0.3988,0.0381
2025-07-25T07:43:59.819414,XRP-USDT,3.0597,3.05971,163.0,729.94
2025-07-25T07:43:59.820480,LTC-USDT,111.29,111.33,2.97,2.97
2025-07-25T07:43:59.918599,ETH-USDT,3614.41,3614.42,0.0057,0.0374
2025-07-25T07:43:59.918965,XRP-USDT,3.0597,3.05971,869.42,743.79
2025-07-25T07:44:00.024744,BTC-USDT,115194.14,115194.15,0.375704,0.002010000210948213
2025-07-25T07:44:00.025033,ETH-USDT,3614.41,3614.42,2.7722,0.0374
2025-07-25T07:44:00.025064,XRP-USDT,3.0597,3.05971,869.42,743.79
2025-07-25T07:44:00.026645,SOL-USDT,176.6099,176.619,1.45,1.515
2025-07-25T07:44:00.026758,LTC-USDT,111.29,111.33,2.97,2.97
2025-07-25T07:44:00.126072,XRP-USDT,3.0597,3.05971,706.42,362.55
2025-07-25T07:44:00.218670,ETH-USDT,3614.81,3615.08,0.0334,0.0015
2025-07-25T07:44:00.218945,XRP-USDT,3.0597,3.05971,706.42,362.55
2025-07-25T07:44:00.318458,BTC-USDT,115194.14,115194.15,0.733243,0.002010000210948213
2025-07-25T07:44:00.318683,ETH-USDT,3614.81,3615.05,0.0334,0.0014
2025-07-25T07:44:00.418977,BTC-USDT,115194.14,115194.15,0.544974,2.10948213e-10
2025-07-25T07:44:00.419019,XRP-USDT,3.0597,3.05971,706.42,655.87
2025-07-25T07:44:00.420035,LTC-USDT,111.29,111.33,2.7871,2.97
2025-07-25T07:44:00.563158,ETH-USDT,3614.81,3614.82,0.0334,2.4408
2025-07-25T07:44:00.618158,XRP-USDT,3.0597,3.05971,706.42,368.17
2025-07-25T07:44:00.618976,SOL-USDT,176.6154,176.6253,1.581,44.627
2025-07-25T07:44:00.718540,ETH-USDT,3614.81,3614.82,0.0334,2.8062
2025-07-25T07:44:00.721093,SOL-USDT,176.6204,176.6253,1.577,44.627
2025-07-25T07:44:00.819533,XRP-USDT,3.0597,3.05971,706.42,61.0
2025-07-25T07:44:00.820687,SOL-USDT,176.6204,176.6273,1.577,14.538
2025-07-25T07:44:01.017965,XRP-USDT,3.0597,3.05971,706.42,61.0
2025-07-25T07:44:01.120342,SOL-USDT,176.6204,176.6273,1.577,13.064
2025-07-25T07:44:01.120401,LTC-USDT,111.29,111.33,2.7871,2.97
2025-07-25T07:44:01.228239,ETH-USDT,3614.51,3615.11,4.4782,0.0044
2025-07-25T07:44:01.233026,SOL-USDT,176.6204,176.6278,5.13,44.555
2025-07-25T07:44:01.320911,ETH-USDT,3615.43,3615.75,0.0118,0.0573
2025-07-25T07:44:01.320949,XRP-USDT,3.06001,3.06081,214.0,378.0
2025-07-25T07:44:01.321962,SOL-USDT,176.6345,176.643,1.589,44.545
2025-07-25T07:44:01.322168,LTC-USDT,111.29,111.36,2.7871,2.332
2025-07-25T07:44:01.423948,ETH-USDT,3615.44,3615.73,2.7658,0.0014
2025-07-25T07:44:01.423998,XRP-USDT,3.06031,3.06058,378.0,2555.0
2025-07-25T07:44:01.424495,SOL-USDT,176.6393,176.6618,1.564,3.31
2025-07-25T07:44:01.424533,LTC-USDT,111.3,111.35,5.302,2.97
2025-07-25T07:44:01.518896,ETH-USDT,3615.22,3615.49,2.6822,0.0391
2025-07-25T07:44:01.519168,XRP-USDT,3.06045,3.06058,378.0,2555.0
2025-07-25T07:44:01.520091,SOL-USDT,176.6393,176.6457,1.564,1.477
2025-07-25T07:44:01.619862,ETH-USDT,3615.48,3615.49,0.3988,0.0391
2025-07-25T07:44:01.621816,XRP-USDT,3.06045,3.06061,378.0,294.91
2025-07-25T07:44:01.622957,SOL-USDT,176.6404,176.6457,5.13,1.477
2025-07-25T07:44:01.718840,XRP-USDT,3.06054,3.06061,378.0,294.91
2025-07-25T07:44:01.819578,XRP-USDT,3.06042,3.06061,163.0,672.91
2025-07-25T07:44:01.821441,SOL-USDT,176.6404,176.6618,5.13,3.31
2025-07-25T07:44:01.918598,ETH-USDT,3615.48,3615.49,0.1327,3.1646
2025-07-25T07:44:01.918653,XRP-USDT,3.06053,3.06061,378.0,294.91
2025-07-25T07:44:01.919234,SOL-USDT,176.6508,176.6567,1.482,44.565
2025-07-25T07:44:02.020071,ETH-USDT,3615.2,3615.48,0.052,2.7658
2025-07-25T07:44:02.020115,XRP-USDT,3.06035,3.06061,378.0,672.91
2025-07-25T07:44:02.119364,ETH-USDT,3615.32,3615.75,0.0365,2.8229
2025-07-25T07:44:02.119419,XRP-USDT,3.06039,3.0606,378.0,13.85
2025-07-25T07:44:02.119847,LTC-USDT,111.3,111.35,5.302,2.97
2025-07-25T07:44:02.219389,ETH-USDT,3615.31,3615.32,2.8671,0.1327
2025-07-25T07:44:02.219454,XRP-USDT,3.06044,3.06052,163.0,13.85
2025-07-25T07:44:02.220703,SOL-USDT,176.6508,176.661,1.482,1.564
2025-07-25T07:44:02.318763,ETH-USDT,3615.31,3615.32,2.8671,0.1384
2025-07-25T07:44:02.318833,XRP-USDT,3.06048,3.06052,163.0,13.85
2025-07-25T07:44:02.418211,XRP-USDT,3.06051,3.06052,378.0,13.85
2025-07-25T07:44:02.517686,BTC-USDT,115194.14,115194.15,0.799396,2.10948213e-10
2025-07-25T07:44:02.517742,ETH-USDT,3615.31,3615.32,2.8671,0.0057
2025-07-25T07:44:02.517778,XRP-USDT,3.06051,3.06052,541.0,13.85
2025-07-25T07:44:02.618230,ETH-USDT,3615.2,3615.21,0.0377,0.3988
2025-07-25T07:44:02.818743,ETH-USDT,3615.33,3615.34,0.052,0.0389
2025-07-25T07:44:02.921653,ETH-USDT,3615.05,3615.71,0.0043,1.3632
2025-07-25T07:44:02.921701,XRP-USDT,3.06051,3.06052,163.0,391.85
2025-07-25T07:44:02.922648,SOL-USDT,176.6221,176.6618,5.13,3.31
2025-07-25T07:44:03.018533,ETH-USDT,3615.01,3615.68,3.636,2.766
2025-07-25T07:44:03.018583,XRP-USDT,3.0606,3.06061,378.0,287.78
2025-07-25T07:44:03.019033,SOL-USDT,176.6221,176.667,5.13,3.0
2025-07-25T07:44:03.119960,BTC-USDT,115194.99,115195.0,0.38098,2.000087503798e-05
2025-07-25T07:44:03.120197,ETH-USDT,3615.66,3615.67,0.052,0.0438
2025-07-25T07:44:03.120556,XRP-USDT,3.06083,3.06084,378.0,2555.0
2025-07-25T07:44:03.220009,ETH-USDT,3615.66,3615.67,0.052,0.0363
2025-07-25T07:44:03.220063,XRP-USDT,3.06083,3.06084,1073.14,2555.0
2025-07-25T07:44:03.222038,SOL-USDT,176.6668,176.667,1.504,3.0
2025-07-25T07:44:03.321277,ETH-USDT,3614.89,3615.51,0.5434,0.0389
2025-07-25T07:44:03.321317,XRP-USDT,3.06113,3.0612,378.0,272.92
2025-07-25T07:44:03.321530,SOL-USDT,176.6669,176.667,1.564,3.0
2025-07-25T07:44:03.418941,BTC-USDT,115194.99,115195.0,0.530496,2.000087503798e-05
2025-07-25T07:44:03.419228,ETH-USDT,3614.9,3615.51,0.3982,0.0389
2025-07-25T07:44:03.519354,ETH-USDT,3615.5,3615.51,0.052,0.0389
2025-07-25T07:44:03.519607,XRP-USDT,3.06091,3.0612,378.0,378.0
2025-07-25T07:44:03.619200,BTC-USDT,115194.99,115195.0,0.738519,2.000087503798e-05
2025-07-25T07:44:03.619477,ETH-USDT,3614.9,3615.5,0.0413,0.1645
2025-07-25T07:44:03.619522,XRP-USDT,3.06091,3.06142,378.0,2554.1
2025-07-25T07:44:03.720560,ETH-USDT,3615.5,3615.51,0.052,0.0389
2025-07-25T07:44:03.720600,XRP-USDT,3.06091,3.06107,378.0,277.99
2025-07-25T07:44:03.818503,XRP-USDT,3.06091,3.06098,378.0,652.07
2025-07-25T07:44:03.920881,XRP-USDT,3.06066,3.06084,163.0,654.7
2025-07-25T07:44:04.018880,BTC-USDT,115194.99,115195.0,0.589003,2.000087503798e-05
2025-07-25T07:44:04.019051,ETH-USDT,3615.35,3615.36,0.052,0.0387
2025-07-25T07:44:04.019262,XRP-USDT,3.06026,3.06135,378.0,592.0
2025-07-25T07:44:04.119888,ETH-USDT,3615.35,3615.87,0.052,0.4
2025-07-25T07:44:04.120084,XRP-USDT,3.06058,3.06128,378.0,592.0
2025-07-25T07:44:04.218553,ETH-USDT,3615.35,3615.83,0.052,2.8306
2025-07-25T07:44:04.218592,XRP-USDT,3.06058,3.06059,541.0,343.54
2025-07-25T07:44:04.318418,ETH-USDT,3615.32,3615.8,0.5029,0.9794
2025-07-25T07:44:04.319176,SOL-USDT,176.6669,176.667,0.158,3.0
2025-07-25T07:44:04.418241,ETH-USDT,3615.79,3615.8,0.052,0.4385
2025-07-25T07:44:04.418524,XRP-USDT,3.06058,3.06059,541.0,357.39
2025-07-25T07:44:04.518105,BTC-USDT,115194.99,115195.0,0.32939,2.000087503798e-05
2025-07-25T07:44:04.518352,ETH-USDT,3615.79,3615.8,0.052,3.2041
2025-07-25T07:44:04.518498,XRP-USDT,3.06058,3.06059,163.0,357.39
2025-07-25T07:44:04.818855,ETH-USDT,3615.21,3615.22,0.0075,0.3987
2025-07-25T07:44:04.818904,XRP-USDT,3.06023,3.06058,163.0,13.85
2025-07-25T07:44:04.918496,ETH-USDT,3615.16,3615.17,0.0383,0.3988
2025-07-25T07:44:04.918536,XRP-USDT,3.06045,3.06058,163.0,13.85
2025-07-25T07:44:05.018388,ETH-USDT,3615.16,3615.17,0.0903,0.3988
2025-07-25T07:44:05.018445,XRP-USDT,3.06045,3.06046,936.0,74.85
2025-07-25T07:44:05.118673,ETH-USDT,3615.34,3615.35,3.638,2.7662
2025-07-25T07:44:05.118728,XRP-USDT,3.06045,3.06046,936.0,61.0
2025-07-25T07:44:05.218953,ETH-USDT,3614.72,3615.35,2.7059,2.7662
2025-07-25T07:44:05.218992,XRP-USDT,3.06045,3.06046,936.0,439.0
2025-07-25T07:44:05.318740,ETH-USDT,3615.29,3615.3,3.637,2.7662
2025-07-25T07:44:05.319674,SOL-USDT,176.6669,176.6764,0.158,6.434
2025-07-25T07:44:05.418551,ETH-USDT,3614.84,3614.85,0.0888,0.3987
2025-07-25T07:44:05.418600,XRP-USDT,3.06045,3.06046,936.0,61.0
2025-07-25T07:44:05.419205,SOL-USDT,176.6669,176.6735,0.158,3.31
2025-07-25T07:44:05.517987,ETH-USDT,3615.0,3615.01,0.0386,2.391
2025-07-25T07:44:05.619181,BTC-USDT,115194.99,115195.0,0.589003,2.000087503798e-05
2025-07-25T07:44:05.619239,ETH-USDT,3615.3,3615.31,0.1994,0.0057
2025-07-25T07:44:05.718400,BTC-USDT,115194.99,115195.0,0.738519,2.000087503798e-05
2025-07-25T07:44:05.718457,ETH-USDT,3615.3,3615.31,0.2514,0.0057
2025-07-25T07:44:05.723732,SOL-USDT,176.6669,176.6764,0.158,6.434
2025-07-25T07:44:05.818596,ETH-USDT,3615.3,3615.31,0.0796,0.0057
2025-07-25T07:44:05.818821,XRP-USDT,3.06045,3.06046,1685.82,61.0
2025-07-25T07:44:06.019520,ETH-USDT,3615.3,3615.31,0.0069,0.0057
2025-07-25T07:44:06.019568,XRP-USDT,3.06058,3.06059,541.0,61.0
2025-07-25T07:44:06.020464,LTC-USDT,111.3,111.37,5.302,8.0039
2025-07-25T07:44:06.119237,ETH-USDT,3615.3,3615.31,2.7648,0.0057
2025-07-25T07:44:06.120849,LTC-USDT,111.3,111.36,5.302,2.97
2025-07-25T07:44:06.218251,BTC-USDT,115194.99,115195.0,0.589003,2.000087503798e-05
2025-07-25T07:44:06.218446,XRP-USDT,3.06089,3.06134,163.0,2553.7
2025-07-25T07:44:06.318536,ETH-USDT,3615.3,3615.31,0.0589,0.0057
2025-07-25T07:44:06.318746,XRP-USDT,3.0611,3.06134,378.0,2848.7
2025-07-25T07:44:06.418650,BTC-USDT,115194.99,115195.0,0.738519,2.000087503798e-05
2025-07-25T07:44:06.519683,XRP-USDT,3.0611,3.06126,378.0,661.76
2025-07-25T07:44:06.619151,XRP-USDT,3.0611,3.06125,378.0,378.0
2025-07-25T07:44:06.622871,SOL-USDT,176.6424,176.6764,9.732,6.434
2025-07-25T07:44:06.623365,LTC-USDT,111.3,111.35,5.302,0.2119
2025-07-25T07:44:06.753904,ETH-USDT,3615.3,3615.31,2.7648,0.0057
2025-07-25T07:44:06.754262,XRP-USDT,3.0611,3.06172,378.0,1011.63
2025-07-25T07:44:06.758064,SOL-USDT,176.6514,176.6764,5.13,6.434
2025-07-25T07:44:06.758331,LTC-USDT,111.3,111.37,23.802,2.97
2025-07-25T07:44:06.819952,ETH-USDT,3615.3,3615.31,6.4008,0.0057
2025-07-25T07:44:06.820006,XRP-USDT,3.0614,3.06172,378.0,1011.63
2025-07-25T07:44:06.820729,LTC-USDT,111.32,111.37,5.302,2.97
2025-07-25T07:44:06.919580,ETH-USDT,3615.3,3615.31,2.7648,0.0057
2025-07-25T07:44:06.920287,SOL-USDT,176.6763,176.6764,1.46,6.434
2025-07-25T07:44:07.119173,ETH-USDT,3615.3,3615.31,2.7128,0.0057
2025-07-25T07:44:07.119226,XRP-USDT,3.0614,3.06172,378.0,1011.63
2025-07-25T07:44:07.119599,LTC-USDT,111.32,111.37,5.302,2.97
2025-07-25T07:44:07.218084,BTC-USDT,115207.43,115207.44,0.29377,0.001931375043833976
2025-07-25T07:44:07.218625,XRP-USDT,3.0614,3.06171,378.0,378.0
2025-07-25T07:44:07.318130,BTC-USDT,115207.43,115207.44,0.2947,0.001931375043833976
2025-07-25T07:44:07.517941,XRP-USDT,3.0614,3.0617,378.0,391.85
2025-07-25T07:44:07.819583,XRP-USDT,3.0614,3.0617,378.0,13.85
2025-07-25T07:44:07.919169,XRP-USDT,3.06171,3.06172,378.0,1011.63
2025-07-25T07:44:08.018531,ETH-USDT,3615.3,3615.31,2.7526,0.0057
2025-07-25T07:44:08.118341,XRP-USDT,3.06158,3.06172,378.0,1011.63
2025-07-25T07:44:08.220218,XRP-USDT,3.06224,3.06299,378.0,592.0
2025-07-25T07:44:08.419312,ETH-USDT,3615.4,3615.99,0.0377,2.7657
2025-07-25T07:44:08.419362,XRP-USDT,3.06225,3.06266,378.0,674.46
2025-07-25T07:44:08.518912,ETH-USDT,3615.4,3616.0,0.0377,4.9608
2025-07-25T07:44:08.519430,XRP-USDT,3.06242,3.06266,295.78,674.46
2025-07-25T07:44:08.619029,ETH-USDT,3615.99,3616.0,0.052,4.9987
2025-07-25T07:44:08.719298,XRP-USDT,3.06242,3.06265,295.78,391.85
2025-07-25T07:44:08.818513,XRP-USDT,3.06242,3.06265,295.78,378.0
2025-07-25T07:44:08.918439,ETH-USDT,3615.99,3616.0,0.052,5.0194
2025-07-25T07:44:08.918489,XRP-USDT,3.06245,3.06265,378.0,378.0
2025-07-25T07:44:09.220421,XRP-USDT,3.06242,3.06265,295.78,378.0
2025-07-25T07:44:09.418470,XRP-USDT,3.06253,3.06294,378.0,2554.0
2025-07-25T07:44:09.618117,XRP-USDT,3.06253,3.06293,378.0,391.85
2025-07-25T07:44:09.718031,XRP-USDT,3.06242,3.06264,295.78,391.85
2025-07-25T07:44:09.817998,ETH-USDT,3615.99,3616.0,0.052,7.7848
2025-07-25T07:44:09.918479,BTC-USDT,115207.43,115207.44,0.34629,0.001931375043833976
2025-07-25T07:44:09.918516,XRP-USDT,3.06242,3.06264,295.78,605.85
2025-07-25T07:44:10.018769,BTC-USDT,115207.43,115207.44,0.554313,0.001931375043833976
2025-07-25T07:44:10.019177,ETH-USDT,3615.99,3616.0,0.052,5.0194
2025-07-25T07:44:10.019210,XRP-USDT,3.06242,3.06264,295.78,13.85
2025-07-25T07:44:10.117918,ETH-USDT,3615.99,3616.0,0.052,7.7848
2025-07-25T07:44:10.117980,XRP-USDT,3.06259,3.06264,378.0,13.85
2025-07-25T07:44:10.218371,BTC-USDT,115207.43,115207.44,0.34629,0.001931375043833976
2025-07-25T07:44:10.218405,ETH-USDT,3615.99,3616.0,0.052,5.0194
2025-07-25T07:44:10.218614,XRP-USDT,3.06242,3.06264,295.78,391.85
2025-07-25T07:44:10.318579,ETH-USDT,3615.99,3616.0,0.052,7.7848
2025-07-25T07:44:10.517676,ETH-USDT,3615.99,3616.0,0.052,5.0194
2025-07-25T07:44:10.617820,XRP-USDT,3.06242,3.06264,295.78,391.85
2025-07-25T07:44:10.718057,ETH-USDT,3615.99,3616.0,0.052,7.7848
2025-07-25T07:44:10.718882,LTC-USDT,111.31,111.35,2.97,2.97
2025-07-25T07:44:10.818424,BTC-USDT,115207.43,115207.44,0.34789,0.001931375043833976
2025-07-25T07:44:10.818740,XRP-USDT,3.06222,3.06256,378.0,660.71
2025-07-25T07:44:10.918140,XRP-USDT,3.06222,3.06255,378.0,378.0
2025-07-25T07:44:11.118288,XRP-USDT,3.06227,3.06255,274.56,378.0
2025-07-25T07:44:11.318341,XRP-USDT,3.06227,3.06254,274.56,13.85
2025-07-25T07:44:11.417648,XRP-USDT,3.06251,3.06254,378.0,13.85
2025-07-25T07:44:11.418401,LTC-USDT,111.3,111.33,5.302,2.97
2025-07-25T07:44:11.519120,BTC-USDT,115207.43,115207.44,0.345286,0.001931375043833976
2025-07-25T07:44:11.519383,LTC-USDT,111.3,111.33,2.97,2.97
2025-07-25T07:44:11.718733,ETH-USDT,3615.99,3616.0,0.052,5.0194
2025-07-25T07:44:11.818135,XRP-USDT,3.06251,3.06293,378.0,391.85
2025-07-25T07:44:11.918335,ETH-USDT,3615.99,3616.0,0.052,7.7848
2025-07-25T07:44:11.919117,LTC-USDT,111.31,111.33,2.97,2.97
2025-07-25T07:44:12.020129,BTC-USDT,115207.78,115207.79,0.32909,0.002886
2025-07-25T07:44:12.020169,ETH-USDT,3615.99,3616.0,0.052,5.0194
2025-07-25T07:44:12.020333,XRP-USDT,3.06251,3.0628,378.0,391.85
2025-07-25T07:44:12.318491,ETH-USDT,3615.99,3616.0,0.052,7.7848
2025-07-25T07:44:12.318546,XRP-USDT,3.06241,3.06271,288.0,13.85
2025-07-25T07:44:12.419306,XRP-USDT,3.06241,3.06271,288.0,391.85
2025-07-25T07:44:12.419624,LTC-USDT,111.29,111.33,20.832,2.97
2025-07-25T07:44:12.518346,XRP-USDT,3.06241,3.06262,288.0,663.74
2025-07-25T07:44:12.518934,SOL-USDT,176.6763,176.6855,1.46,3.31
2025-07-25T07:44:12.617420,XRP-USDT,3.06223,3.06262,378.0,663.74
2025-07-25T07:44:12.618381,SOL-USDT,176.6763,176.6833,1.46,3.31
2025-07-25T07:44:12.718078,ETH-USDT,3615.97,3615.98,0.0058,3.1546
2025-07-25T07:44:12.818408,XRP-USDT,3.06223,3.06261,282.77,391.85
2025-07-25T07:44:12.918560,XRP-USDT,3.06183,3.06236,378.0,592.0
2025-07-25T07:44:12.919263,SOL-USDT,176.6294,176.6774,5.13,3.31
2025-07-25T07:44:13.018698,XRP-USDT,3.06183,3.06229,378.0,660.26
2025-07-25T07:44:13.019122,SOL-USDT,176.6294,176.673,5.13,3.31
2025-07-25T07:44:13.118524,XRP-USDT,3.06163,3.06228,378.0,592.0
2025-07-25T07:44:13.119293,SOL-USDT,176.6177,176.6618,5.13,3.31
2025-07-25T07:44:13.218851,XRP-USDT,3.06211,3.06229,378.0,660.26
2025-07-25T07:44:13.219865,SOL-USDT,176.6586,176.6618,1.597,3.31
2025-07-25T07:44:13.318343,ETH-USDT,3615.97,3615.98,0.0058,3.1547
2025-07-25T07:44:13.419245,XRP-USDT,3.06204,3.06228,378.0,378.0
2025-07-25T07:44:13.520709,XRP-USDT,3.06204,3.06229,378.0,282.26
2025-07-25T07:44:13.721559,XRP-USDT,3.06204,3.06228,378.0,391.85
2025-07-25T07:44:13.918870,XRP-USDT,3.06202,3.06219,293.62,284.2
2025-07-25T07:44:14.118594,XRP-USDT,3.06202,3.06219,293.62,284.2
2025-07-25T07:44:14.217677,XRP-USDT,3.06202,3.06219,293.62,662.2
2025-07-25T07:44:14.319117,BTC-USDT,115207.78,115207.79,0.32749,0.002886
2025-07-25T07:44:14.319366,XRP-USDT,3.06202,3.06219,293.62,284.2
2025-07-25T07:44:14.418524,XRP-USDT,3.06202,3.06219,293.62,284.2
2025-07-25T07:44:14.519365,XRP-USDT,3.06205,3.06219,378.0,284.2
2025-07-25T07:44:14.618365,LTC-USDT,111.29,111.33,20.832,2.97
2025-07-25T07:44:14.717866,ETH-USDT,3615.71,3615.98,0.0038,3.1547
2025-07-25T07:44:14.818720,ETH-USDT,3615.71,3615.72,0.0038,3.0685
2025-07-25T07:44:14.818768,XRP-USDT,3.06163,3.06218,378.0,391.85
2025-07-25T07:44:14.918426,ETH-USDT,3615.57,3615.61,3.625,0.3322
2025-07-25T07:44:15.019190,ETH-USDT,3615.57,3615.63,3.625,0.0371
2025-07-25T07:44:15.118157,ETH-USDT,3615.57,3615.58,3.625,0.3322
2025-07-25T07:44:15.118195,XRP-USDT,3.06201,3.06202,378.0,61.0
2025-07-25T07:44:15.319161,ETH-USDT,3615.62,3615.63,0.1994,0.0371
2025-07-25T07:44:15.417632,ETH-USDT,3615.57,3615.58,3.625,0.3322
2025-07-25T07:44:15.538073,ETH-USDT,3615.57,3615.63,3.625,0.0371
2025-07-25T07:44:15.618268,ETH-USDT,3615.43,3615.44,0.0368,0.3322
2025-07-25T07:44:15.618330,XRP-USDT,3.06191,3.06202,378.0,61.0
2025-07-25T07:44:15.718819,ETH-USDT,3615.46,3616.0,3.625,4.9608
2025-07-25T07:44:15.719666,SOL-USDT,176.6586,176.6666,1.597,1.447
2025-07-25T07:44:15.817840,ETH-USDT,3615.5,3615.51,0.3988,0.0207
2025-07-25T07:44:15.918967,ETH-USDT,3615.5,3615.51,0.4264,0.0207
2025-07-25T07:44:15.919033,XRP-USDT,3.0619,3.06202,291.01,439.0
2025-07-25T07:44:16.018799,ETH-USDT,3615.5,3615.51,0.0276,0.0207
2025-07-25T07:44:16.018847,XRP-USDT,3.06159,3.06202,378.0,439.0
2025-07-25T07:44:16.019310,SOL-USDT,176.6586,176.6653,1.597,5.13
2025-07-25T07:44:16.221704,XRP-USDT,3.06159,3.06202,378.0,439.0
2025-07-25T07:44:16.318610,XRP-USDT,3.06178,3.06202,291.75,439.0
2025-07-25T07:44:16.418360,XRP-USDT,3.0618,3.06202,378.0,439.0
2025-07-25T07:44:16.518847,BTC-USDT,115207.78,115207.79,0.535513,0.002886
2025-07-25T07:44:16.519272,XRP-USDT,3.06201,3.06202,378.0,61.0
2025-07-25T07:44:16.519874,SOL-USDT,176.6586,176.6666,1.597,1.447
2025-07-25T07:44:16.618213,BTC-USDT,115207.78,115207.79,0.685029,0.002886
2025-07-25T07:44:16.618520,XRP-USDT,3.06191,3.06202,273.87,61.0
2025-07-25T07:44:16.717832,XRP-USDT,3.06186,3.06202,378.0,439.0
2025-07-25T07:44:16.818413,XRP-USDT,3.06195,3.06196,378.0,61.0
2025-07-25T07:44:17.017646,XRP-USDT,3.06163,3.06196,378.0,439.0
2025-07-25T07:44:17.119582,BTC-USDT,115207.78,115207.79,0.32749,0.002886
2025-07-25T07:44:17.219135,SOL-USDT,176.6586,176.6662,1.597,5.13
2025-07-25T07:44:17.320726,XRP-USDT,3.06177,3.06196,282.97,439.0
2025-07-25T07:44:17.320805,LTC-USDT,111.29,111.33,18.5,2.97
2025-07-25T07:44:17.418413,LTC-USDT,111.28,111.33,23.802,2.97
2025-07-25T07:44:17.618179,XRP-USDT,3.06177,3.06196,282.97,61.0
2025-07-25T07:44:17.719315,SOL-USDT,176.6586,176.6666,1.597,1.447
2025-07-25T07:44:17.819839,BTC-USDT,115207.78,115207.79,0.685029,0.002886
2025-07-25T07:44:17.819879,ETH-USDT,3615.99,3616.0,0.4508,4.9608
2025-07-25T07:44:17.819907,XRP-USDT,3.06195,3.06196,378.0,61.0
2025-07-25T07:44:17.918656,ETH-USDT,3615.99,3616.0,0.052,4.9608
2025-07-25T07:44:17.918697,XRP-USDT,3.06103,3.06196,663.0,439.0
2025-07-25T07:44:18.018740,BTC-USDT,115207.78,115207.79,0.53735,0.002886
2025-07-25T07:44:18.018964,XRP-USDT,3.06168,3.06196,378.0,439.0
2025-07-25T07:44:18.117975,ETH-USDT,3615.99,3616.0,0.052,4.9998
2025-07-25T07:44:18.118022,XRP-USDT,3.06168,3.06196,378.0,61.0
2025-07-25T07:44:18.218160,XRP-USDT,3.06182,3.06196,378.0,439.0
2025-07-25T07:44:18.327184,ETH-USDT,3615.99,3616.0,0.052,5.0205
2025-07-25T07:44:18.418464,XRP-USDT,3.06182,3.06196,378.0,61.0
2025-07-25T07:44:18.518490,BTC-USDT,115207.78,115207.79,0.686866,0.002886
2025-07-25T07:44:18.518532,XRP-USDT,3.06195,3.0621,378.0,288.83
2025-07-25T07:44:18.519310,LTC-USDT,111.29,111.33,5.302,2.97
2025-07-25T07:44:18.618423,XRP-USDT,3.06189,3.0621,655.67,666.83
2025-07-25T07:44:18.718518,XRP-USDT,3.06193,3.0621,378.0,666.83
2025-07-25T07:44:19.119517,ETH-USDT,3615.99,3616.0,0.052,7.7859
2025-07-25T07:44:19.119778,XRP-USDT,3.06128,3.06179,378.0,648.15
2025-07-25T07:44:19.120582,SOL-USDT,176.5922,176.6526,3.31,5.13
2025-07-25T07:44:19.219344,XRP-USDT,3.06128,3.06171,378.0,283.0
2025-07-25T07:44:19.220978,SOL-USDT,176.5882,176.6426,5.13,3.31
2025-07-25T07:44:19.319190,XRP-USDT,3.06159,3.06171,378.0,283.0
2025-07-25T07:44:19.418582,SOL-USDT,176.6425,176.6426,1.458,3.31
2025-07-25T07:44:19.520695,BTC-USDT,115207.78,115207.79,0.53735,0.002886
2025-07-25T07:44:19.521678,XRP-USDT,3.06068,3.06153,2.99,275.57
2025-07-25T07:44:19.523980,SOL-USDT,176.5882,176.6418,5.13,5.13
2025-07-25T07:44:19.524584,LTC-USDT,111.29,111.33,2.332,2.97
2025-07-25T07:44:19.620391,BTC-USDT,115207.78,115207.79,0.329327,0.002886
2025-07-25T07:44:19.620579,XRP-USDT,3.06109,3.06145,541.0,378.0
2025-07-25T07:44:19.621990,SOL-USDT,176.587,176.6124,0.169,1.486
2025-07-25T07:44:19.622035,LTC-USDT,111.28,111.33,20.832,2.97
2025-07-25T07:44:19.720125,ETH-USDT,3615.22,3615.72,0.0038,2.8041
2025-07-25T07:44:19.720815,XRP-USDT,3.06109,3.06144,163.0,605.85
2025-07-25T07:44:19.721241,SOL-USDT,176.6029,176.6124,1.49,1.486
2025-07-25T07:44:19.721278,LTC-USDT,111.28,111.33,2.332,2.97
2025-07-25T07:44:19.819176,ETH-USDT,3615.22,3615.23,0.0038,2.8044
2025-07-25T07:44:19.819235,XRP-USDT,3.06077,3.06086,163.0,13.85
2025-07-25T07:44:19.820063,LTC-USDT,111.27,111.31,2.97,2.97
2025-07-25T07:44:19.918613,ETH-USDT,3614.99,3615.23,0.0387,2.8044
2025-07-25T07:44:19.918654,XRP-USDT,3.06077,3.06086,163.0,391.85
2025-07-25T07:44:20.025158,XRP-USDT,3.06077,3.06078,163.0,439.0
2025-07-25T07:44:20.025937,LTC-USDT,111.27,111.33,2.97,2.97
2025-07-25T07:44:20.118304,ETH-USDT,3614.99,3615.23,0.0387,0.0384
2025-07-25T07:44:20.223432,XRP-USDT,3.06077,3.06078,163.0,61.0
2025-07-25T07:44:20.418990,BTC-USDT,115207.78,115207.79,0.686866,0.002886
2025-07-25T07:44:20.419038,ETH-USDT,3615.22,3615.23,0.3988,0.0384
2025-07-25T07:44:20.519202,ETH-USDT,3615.22,3615.7,0.3988,2.7658
2025-07-25T07:44:20.519256,XRP-USDT,3.06077,3.06078,541.0,61.0
2025-07-25T07:44:20.519802,LTC-USDT,111.27,111.33,5.302,2.97
2025-07-25T07:44:20.619693,XRP-USDT,3.06077,3.06078,1253.22,61.0
2025-07-25T07:44:20.718010,ETH-USDT,3615.22,3615.69,0.3988,2.7733
2025-07-25T07:44:20.818888,ETH-USDT,3615.23,3615.24,0.4508,0.0387
2025-07-25T07:44:20.919741,ETH-USDT,3615.23,3615.24,0.052,0.0387
2025-07-25T07:44:21.117842,BTC-USDT,115207.78,115207.79,0.940963,0.002886
2025-07-25T07:44:21.218280,BTC-USDT,115207.78,115207.79,0.53735,0.002886
2025-07-25T07:44:21.218339,ETH-USDT,3615.23,3615.24,0.0592,0.0594
2025-07-25T07:44:21.218535,XRP-USDT,3.06077,3.06078,712.22,61.0
2025-07-25T07:44:21.318826,BTC-USDT,115207.78,115207.79,0.583424,0.002886
2025-07-25T07:44:21.318864,ETH-USDT,3615.23,3615.24,0.0592,2.8254
2025-07-25T07:44:21.318893,XRP-USDT,3.06077,3.06078,712.22,439.0
2025-07-25T07:44:21.419007,ETH-USDT,3615.23,3615.24,0.0072,2.8254
2025-07-25T07:44:21.520964,XRP-USDT,3.06077,3.06078,712.22,61.0
2025-07-25T07:44:21.619649,XRP-USDT,3.06077,3.06078,712.22,439.0
2025-07-25T07:44:21.721715,LTC-USDT,111.27,111.33,5.302,2.97
2025-07-25T07:44:21.821174,XRP-USDT,3.06077,3.06078,712.22,439.0
2025-07-25T07:44:21.822725,LTC-USDT,111.27,111.31,5.302,1.7
2025-07-25T07:44:22.218235,LTC-USDT,111.27,111.3,2.97,2.97
2025-07-25T07:44:22.319468,ETH-USDT,3615.23,3615.24,0.0072,0.0594
2025-07-25T07:44:22.319518,XRP-USDT,3.06077,3.06078,712.22,61.0
2025-07-25T07:44:22.320046,SOL-USDT,176.6036,176.6124,5.13,1.486
2025-07-25T07:44:22.320087,LTC-USDT,111.27,111.31,2.97,1.7
2025-07-25T07:44:22.419375,BTC-USDT,115207.78,115207.79,0.486005,0.002886
2025-07-25T07:44:22.420068,SOL-USDT,176.6029,176.6124,1.49,1.486
2025-07-25T07:44:22.718405,BTC-USDT,115207.78,115207.79,0.486005,0.002796
2025-07-25T07:44:22.718462,XRP-USDT,3.06077,3.06078,712.22,439.0
2025-07-25T07:44:22.818490,XRP-USDT,3.06077,3.06078,875.22,61.0
2025-07-25T07:44:22.818993,LTC-USDT,111.27,111.3,2.97,2.97
2025-07-25T07:44:23.017706,XRP-USDT,3.06077,3.06078,875.22,439.0
2025-07-25T07:44:23.119454,ETH-USDT,3615.23,3615.24,0.0592,0.0207
2025-07-25T07:44:23.119510,XRP-USDT,3.06077,3.06078,875.22,61.0
2025-07-25T07:44:23.119845,LTC-USDT,111.27,111.31,2.97,1.7
2025-07-25T07:44:23.318619,XRP-USDT,3.06077,3.06078,750.24,61.0
2025-07-25T07:44:23.319486,LTC-USDT,111.27,111.3,2.97,2.97
2025-07-25T07:44:23.420667,BTC-USDT,115207.78,115207.79,0.843544,0.002796
2025-07-25T07:44:23.420710,ETH-USDT,3615.24,3615.26,0.0354,0.0207
2025-07-25T07:44:23.420889,XRP-USDT,3.06089,3.0609,541.0,292.16
2025-07-25T07:44:23.421625,LTC-USDT,111.27,111.31,5.302,1.7
2025-07-25T07:44:23.518758,ETH-USDT,3615.34,3615.96,0.0388,0.0018
2025-07-25T07:44:23.518834,XRP-USDT,3.06105,3.06139,378.0,592.0
2025-07-25T07:44:23.623635,ETH-USDT,3615.43,3616.0,0.0399,4.9608
2025-07-25T07:44:23.624472,SOL-USDT,176.6039,176.6124,5.13,1.486
2025-07-25T07:44:23.624512,LTC-USDT,111.27,111.33,5.302,2.97
2025-07-25T07:44:23.719133,ETH-USDT,3615.97,3615.98,0.3988,0.0018
2025-07-25T07:44:23.719372,XRP-USDT,3.06072,3.06138,292.56,391.85
2025-07-25T07:44:23.818048,ETH-USDT,3615.53,3616.0,2.7059,4.9608
2025-07-25T07:44:23.818244,XRP-USDT,3.06095,3.06102,163.0,672.54
2025-07-25T07:44:23.918696,ETH-USDT,3615.99,3616.0,0.052,4.9608
2025-07-25T07:44:23.918746,XRP-USDT,3.06095,3.06096,163.0,659.24
2025-07-25T07:44:23.919677,SOL-USDT,176.6029,176.6124,1.49,1.486
2025-07-25T07:44:23.919714,LTC-USDT,111.27,111.32,5.302,0.2119
2025-07-25T07:44:24.019046,ETH-USDT,3615.99,3616.0,0.052,4.9981
2025-07-25T07:44:24.019095,XRP-USDT,3.06095,3.06096,163.0,673.09
2025-07-25T07:44:24.020690,LTC-USDT,111.27,111.31,5.302,2.97
2025-07-25T07:44:24.117348,XRP-USDT,3.06073,3.06089,378.0,658.79
2025-07-25T07:44:24.117715,LTC-USDT,111.27,111.33,5.302,2.97
2025-07-25T07:44:24.217635,XRP-USDT,3.06084,3.06089,378.0,280.79
2025-07-25T07:44:24.318318,ETH-USDT,3615.99,3616.0,0.052,7.7635
2025-07-25T07:44:24.318367,XRP-USDT,3.06058,3.06089,378.0,658.79
2025-07-25T07:44:24.422663,BTC-USDT,115207.78,115207.79,0.486005,0.002796
2025-07-25T07:44:24.422714,XRP-USDT,3.06065,3.06088,163.0,391.85
2025-07-25T07:44:24.517617,BTC-USDT,115207.78,115207.79,0.068928,0.004382
2025-07-25T07:44:24.517667,XRP-USDT,3.06072,3.06088,163.0,391.85
2025-07-25T07:44:24.617542,BTC-USDT,115207.78,115207.79,0.583416,0.002796
2025-07-25T07:44:24.918719,ETH-USDT,3615.99,3616.0,0.052,7.7842
2025-07-25T07:44:24.918776,XRP-USDT,3.06072,3.06088,163.0,391.85
2025-07-25T07:44:25.017616,XRP-USDT,3.06074,3.06088,163.0,391.85
2025-07-25T07:44:25.117514,BTC-USDT,115207.78,115207.79,0.635006,0.002796
2025-07-25T07:44:25.218102,XRP-USDT,3.06077,3.06088,163.0,391.85
2025-07-25T07:44:25.319486,XRP-USDT,3.06079,3.06088,163.0,13.85
2025-07-25T07:44:25.418727,XRP-USDT,3.06073,3.06088,163.0,13.85
2025-07-25T07:44:25.518009,BTC-USDT,115207.78,115207.79,0.37908,0.002796
2025-07-25T07:44:25.518264,XRP-USDT,3.06051,3.06088,378.0,391.85
2025-07-25T07:44:25.617515,BTC-USDT,115207.78,115207.79,0.633165,0.002796
2025-07-25T07:44:25.617563,XRP-USDT,3.06071,3.06088,163.0,391.85
2025-07-25T07:44:25.723224,XRP-USDT,3.06074,3.06088,163.0,391.85
2025-07-25T07:44:25.724178,SOL-USDT,176.6029,176.6105,1.49,8.371
2025-07-25T07:44:25.819614,BTC-USDT,115207.78,115207.79,0.321009,0.002796
2025-07-25T07:44:25.820487,SOL-USDT,176.587,176.6048,0.169,3.31
2025-07-25T07:44:25.917823,BTC-USDT,115207.78,115207.79,0.575093,0.004382
2025-07-25T07:44:26.018330,BTC-USDT,115207.78,115207.79,0.583506,0.004382
2025-07-25T07:44:26.018621,XRP-USDT,3.06074,3.06077,163.0,656.36
2025-07-25T07:44:26.020097,SOL-USDT,176.5952,176.6048,1.461,3.31
2025-07-25T07:44:26.118087,BTC-USDT,115207.78,115207.79,0.575093,0.004382
2025-07-25T07:44:26.118762,SOL-USDT,176.5952,176.6048,1.461,2.748
2025-07-25T07:44:26.218829,BTC-USDT,115207.78,115207.79,0.321009,0.004382
2025-07-25T07:44:26.218866,ETH-USDT,3615.53,3615.58,3.623,2.7658
2025-07-25T07:44:26.318191,XRP-USDT,3.06074,3.06077,163.0,656.36
2025-07-25T07:44:26.417135,ETH-USDT,3615.57,3615.58,0.4508,2.7658
2025-07-25T07:44:26.517740,ETH-USDT,3615.57,3615.58,0.052,2.7658
2025-07-25T07:44:26.719057,ETH-USDT,3615.38,3615.39,0.3988,0.0371
2025-07-25T07:44:26.719122,XRP-USDT,3.06074,3.06075,163.0,733.97
2025-07-25T07:44:26.719404,LTC-USDT,111.27,111.31,5.302,2.97
2025-07-25T07:44:26.918986,LTC-USDT,111.27,111.33,5.302,2.97
2025-07-25T07:44:27.058711,ETH-USDT,3615.67,3615.68,0.3988,0.0054
2025-07-25T07:44:27.059115,XRP-USDT,3.06074,3.06075,541.0,355.97
2025-07-25T07:44:27.117310,XRP-USDT,3.06077,3.06106,541.0,378.0
2025-07-25T07:44:27.218217,ETH-USDT,3615.67,3615.68,0.4508,0.0054
2025-07-25T07:44:27.218268,XRP-USDT,3.06082,3.06106,378.0,378.0
2025-07-25T07:44:27.318002,ETH-USDT,3615.67,3615.68,0.4508,0.0436
2025-07-25T07:44:27.318050,XRP-USDT,3.0608,3.06105,163.0,391.85
2025-07-25T07:44:27.318706,SOL-USDT,176.5952,176.6078,1.461,1.473
2025-07-25T07:44:27.417745,XRP-USDT,3.0608,3.06081,163.0,391.85
2025-07-25T07:44:27.517642,BTC-USDT,115207.78,115207.79,0.321009,0.004292
2025-07-25T07:44:27.517957,ETH-USDT,3615.67,3615.68,0.052,0.0436
2025-07-25T07:44:27.518003,XRP-USDT,3.0608,3.06081,163.0,670.43
2025-07-25T07:44:27.617534,ETH-USDT,3615.67,3615.68,0.052,2.8093
2025-07-25T07:44:27.720524,LTC-USDT,111.27,111.31,5.302,2.97
2025-07-25T07:44:27.918733,SOL-USDT,176.5966,176.6078,5.13,1.473
2025-07-25T07:44:28.018122,ETH-USDT,3615.67,3615.68,0.0796,0.0643
2025-07-25T07:44:28.018851,SOL-USDT,176.5952,176.6076,1.461,3.31
2025-07-25T07:44:28.118650,XRP-USDT,3.0608,3.06081,854.75,670.43
2025-07-25T07:44:28.119268,SOL-USDT,176.5952,176.6022,1.461,1.503
2025-07-25T07:44:28.319576,BTC-USDT,115207.78,115207.79,0.329422,0.002706
2025-07-25T07:44:28.319625,XRP-USDT,3.0608,3.06081,854.75,292.43
2025-07-25T07:44:28.320081,SOL-USDT,176.5981,176.6189,5.13,3.31
2025-07-25T07:44:28.417241,XRP-USDT,3.0608,3.06081,854.75,670.43
2025-07-25T07:44:28.417642,SOL-USDT,176.5952,176.6189,1.461,3.31
2025-07-25T07:44:28.523507,SOL-USDT,176.5952,176.6047,1.461,1.577
2025-07-25T07:44:28.620559,BTC-USDT,115207.78,115207.79,0.321009,0.004292
2025-07-25T07:44:28.620809,XRP-USDT,3.0608,3.06081,163.0,670.43
2025-07-25T07:44:28.717190,BTC-USDT,115207.78,115207.79,0.329422,0.004292
2025-07-25T07:44:28.717642,SOL-USDT,176.5959,176.6047,5.13,1.577
2025-07-25T07:44:28.819302,BTC-USDT,115207.78,115207.79,0.329422,0.002706
2025-07-25T07:44:28.819364,XRP-USDT,3.0608,3.06081,163.0,292.43
2025-07-25T07:44:28.917020,BTC-USDT,115207.78,115207.79,0.321009,0.004292
2025-07-25T07:44:28.917237,XRP-USDT,3.0608,3.06081,901.37,292.43
2025-07-25T07:44:29.017490,BTC-USDT,115207.78,115207.79,0.329422,0.002706
2025-07-25T07:44:29.017540,XRP-USDT,3.0608,3.06081,901.37,670.43
2025-07-25T07:44:29.118044,SOL-USDT,176.5952,176.6047,1.461,1.577
2025-07-25T07:44:29.618372,BTC-USDT,115207.78,115207.79,0.381012,0.002706
2025-07-25T07:44:29.618772,XRP-USDT,3.0608,3.06081,901.37,292.43
2025-07-25T07:44:29.622134,SOL-USDT,176.596,176.6217,5.13,0.029
2025-07-25T07:44:29.718972,SOL-USDT,176.596,176.6218,5.13,44.342
2025-07-25T07:44:29.817163,XRP-USDT,3.0608,3.06081,901.37,670.43
2025-07-25T07:44:29.817778,SOL-USDT,176.596,176.6217,5.13,7.616
2025-07-25T07:44:29.918049,SOL-USDT,176.596,176.6047,5.13,1.544
2025-07-25T07:44:30.017444,BTC-USDT,115209.99,115210.0,0.32749,0.00021
2025-07-25T07:44:30.017611,XRP-USDT,3.0608,3.06081,1687.71,670.43
2025-07-25T07:44:30.117722,BTC-USDT,115209.99,115210.0,0.32749,0.001804
2025-07-25T07:44:30.217466,XRP-USDT,3.0608,3.06081,1687.71,292.43
2025-07-25T07:44:30.318426,XRP-USDT,3.0608,3.06081,1687.71,670.43
2025-07-25T07:44:30.417857,XRP-USDT,3.0608,3.06081,1687.71,292.43
2025-07-25T07:44:30.519988,XRP-USDT,3.0608,3.06081,1687.71,670.43
2025-07-25T07:44:30.618106,LTC-USDT,111.27,111.31,5.302,2.97
2025-07-25T07:44:30.718365,XRP-USDT,3.0608,3.06081,2407.32,670.43
2025-07-25T07:44:30.825272,ETH-USDT,3615.67,3615.68,0.0276,0.0643
2025-07-25T07:44:30.825328,XRP-USDT,3.0608,3.06081,2244.32,670.43
2025-07-25T07:44:30.917661,XRP-USDT,3.06027,3.0604,378.0,298.15
2025-07-25T07:44:30.918130,SOL-USDT,176.5952,176.6047,1.461,1.544
2025-07-25T07:44:31.018493,XRP-USDT,3.06039,3.06081,378.0,61.0
2025-07-25T07:44:31.122988,ETH-USDT,3615.39,3615.68,0.0042,0.0436
2025-07-25T07:44:31.123343,XRP-USDT,3.06007,3.06081,163.0,61.0
2025-07-25T07:44:31.126033,SOL-USDT,176.5367,176.5853,5.13,1.595
2025-07-25T07:44:31.126079,LTC-USDT,111.23,111.28,2.97,1.7
2025-07-25T07:44:31.221443,ETH-USDT,3614.6,3615.39,0.0145,2.7658
2025-07-25T07:44:31.222188,XRP-USDT,3.06007,3.06016,163.0,292.66
2025-07-25T07:44:31.226737,SOL-USDT,176.5367,176.5813,5.13,3.31
2025-07-25T07:44:31.227051,LTC-USDT,111.24,111.3,5.302,2.97
2025-07-25T07:44:31.321601,BTC-USDT,115209.99,115210.0,0.32749,0.00339
2025-07-25T07:44:31.321896,ETH-USDT,3614.84,3615.38,0.0387,2.7662
2025-07-25T07:44:31.322075,XRP-USDT,3.06007,3.06008,839.01,712.45
2025-07-25T07:44:31.323134,SOL-USDT,176.5367,176.5773,5.13,3.31
2025-07-25T07:44:31.419405,BTC-USDT,115209.99,115210.0,0.32749,0.001804
2025-07-25T07:44:31.419701,ETH-USDT,3615.04,3615.05,0.3988,0.038
2025-07-25T07:44:31.420002,XRP-USDT,3.06007,3.06008,676.01,61.0
2025-07-25T07:44:31.421839,SOL-USDT,176.5579,176.5671,1.51,1.469
2025-07-25T07:44:31.422015,LTC-USDT,111.24,111.3,23.802,2.97
2025-07-25T07:44:31.519454,XRP-USDT,3.06007,3.06008,676.01,61.0
2025-07-25T07:44:31.622755,XRP-USDT,3.05966,3.06008,2.99,867.16
2025-07-25T07:44:31.623516,SOL-USDT,176.559,176.5671,5.13,1.469
2025-07-25T07:44:31.718483,ETH-USDT,3615.04,3615.05,0.3988,2.8042
2025-07-25T07:44:31.718532,XRP-USDT,3.05966,3.05967,2.99,1108.16
2025-07-25T07:44:31.719420,SOL-USDT,176.5579,176.5671,1.51,1.469
2025-07-25T07:44:31.819276,XRP-USDT,3.05896,3.05961,378.0,592.0
2025-07-25T07:44:31.820638,SOL-USDT,176.5367,176.5699,5.13,5.527
2025-07-25T07:44:31.918830,ETH-USDT,3614.84,3615.05,0.0387,2.8042
2025-07-25T07:44:31.919060,XRP-USDT,3.05886,3.05961,163.0,592.0
2025-07-25T07:44:31.919743,SOL-USDT,176.5287,176.5521,3.0,1.479
2025-07-25T07:44:32.021031,ETH-USDT,3614.85,3615.05,0.0445,2.8042
2025-07-25T07:44:32.021230,XRP-USDT,3.05886,3.05909,163.0,649.3
2025-07-25T07:44:32.022461,SOL-USDT,176.5287,176.5464,3.0,1.551
2025-07-25T07:44:32.117816,ETH-USDT,3615.04,3615.05,0.3988,2.8042
2025-07-25T07:44:32.117862,XRP-USDT,3.05889,3.05909,378.0,649.3
2025-07-25T07:44:32.118826,SOL-USDT,176.5379,176.5464,1.571,1.551
2025-07-25T07:44:32.218578,ETH-USDT,3614.84,3615.05,0.0387,2.8042
2025-07-25T07:44:32.218621,XRP-USDT,3.05892,3.05909,163.0,649.3
2025-07-25T07:44:32.317048,XRP-USDT,3.05895,3.05908,378.0,391.85
2025-07-25T07:44:32.458696,XRP-USDT,3.05898,3.05908,378.0,13.85
2025-07-25T07:44:32.517130,ETH-USDT,3615.04,3615.05,0.3988,2.8042
2025-07-25T07:44:32.517338,XRP-USDT,3.05902,3.05908,378.0,13.85
2025-07-25T07:44:32.617346,XRP-USDT,3.05903,3.05904,163.0,670.64
2025-07-25T07:44:32.719927,XRP-USDT,3.05903,3.05904,163.0,292.64
2025-07-25T07:44:32.826416,XRP-USDT,3.05903,3.05904,163.0,670.64
2025-07-25T07:44:32.918322,ETH-USDT,3614.84,3615.05,0.0387,2.8042
2025-07-25T07:44:32.918601,XRP-USDT,3.05903,3.05904,908.5,670.64
2025-07-25T07:44:33.118478,BTC-USDT,115209.99,115210.0,0.32749,0.001714001726412638
2025-07-25T07:44:33.218533,XRP-USDT,3.05903,3.05904,908.5,292.64
2025-07-25T07:44:33.317917,XRP-USDT,3.05903,3.05904,1596.27,292.64
2025-07-25T07:44:33.517488,ETH-USDT,3615.04,3615.05,0.3988,2.8042
2025-07-25T07:44:33.517547,XRP-USDT,3.05895,3.05904,378.0,292.64
2025-07-25T07:44:33.617405,XRP-USDT,3.05903,3.05904,378.0,292.64
2025-07-25T07:44:33.720612,ETH-USDT,3615.04,3615.05,0.3988,0.038
2025-07-25T07:44:33.720653,XRP-USDT,3.05908,3.06032,163.0,214.0
2025-07-25T07:44:33.722267,SOL-USDT,176.5546,176.5698,5.13,0.029
2025-07-25T07:44:33.722305,LTC-USDT,111.26,111.36,18.5,2.332
2025-07-25T07:44:33.821592,ETH-USDT,3615.05,3615.68,0.0354,0.0054
2025-07-25T07:44:33.821640,XRP-USDT,3.05947,3.06025,163.0,592.0
2025-07-25T07:44:33.823078,SOL-USDT,176.5913,176.6183,1.589,0.169
2025-07-25T07:44:33.823121,LTC-USDT,111.27,111.35,23.802,2.97
2025-07-25T07:44:33.920469,ETH-USDT,3615.05,3615.66,0.0354,0.8624
2025-07-25T07:44:33.920685,XRP-USDT,3.05975,3.06025,163.0,592.0
2025-07-25T07:44:33.922354,SOL-USDT,176.5923,176.6183,5.13,0.169
2025-07-25T07:44:34.019663,ETH-USDT,3615.25,3615.26,2.5933,0.0396
2025-07-25T07:44:34.019711,XRP-USDT,3.06002,3.06028,273.56,272.51
2025-07-25T07:44:34.021478,SOL-USDT,176.596,176.6035,5.13,1.46
2025-07-25T07:44:34.118672,ETH-USDT,3615.25,3615.26,0.3988,0.0396
2025-07-25T07:44:34.118722,XRP-USDT,3.05983,3.06028,378.0,378.0
2025-07-25T07:44:34.120157,SOL-USDT,176.5959,176.6035,1.512,1.46
2025-07-25T07:44:34.220830,XRP-USDT,3.05979,3.06027,378.0,592.0
2025-07-25T07:44:34.318956,ETH-USDT,3614.97,3615.05,0.0043,0.0365
2025-07-25T07:44:34.319138,XRP-USDT,3.0595,3.05976,378.0,439.0
2025-07-25T07:44:34.420082,ETH-USDT,3615.04,3615.05,0.3988,0.0365
2025-07-25T07:44:34.420130,XRP-USDT,3.0596,3.05976,664.4,439.0
2025-07-25T07:44:34.518000,XRP-USDT,3.0596,3.05962,286.4,61.0
2025-07-25T07:44:34.618629,ETH-USDT,3615.04,3615.05,0.3988,0.0726
2025-07-25T07:44:34.717921,XRP-USDT,3.0596,3.05961,286.4,61.0
2025-07-25T07:44:34.718543,LTC-USDT,111.27,111.34,23.802,0.2119
2025-07-25T07:44:34.820017,ETH-USDT,3615.04,3615.05,0.3988,2.8388
2025-07-25T07:44:34.820067,XRP-USDT,3.05915,3.05953,378.0,650.68
2025-07-25T07:44:34.821079,LTC-USDT,111.27,111.33,23.802,2.97
2025-07-25T07:44:34.919290,ETH-USDT,3614.76,3615.05,0.0037,2.8027
2025-07-25T07:44:34.919407,XRP-USDT,3.05922,3.0595,163.0,592.0
2025-07-25T07:44:34.920869,SOL-USDT,176.5643,176.614,0.169,5.527
2025-07-25T07:44:35.019642,ETH-USDT,3614.83,3614.96,3.62,0.0378
2025-07-25T07:44:35.020586,XRP-USDT,3.05922,3.05923,163.0,439.0
2025-07-25T07:44:35.021880,SOL-USDT,176.5409,176.5851,5.13,1.45
2025-07-25T07:44:35.117985,ETH-USDT,3614.94,3614.95,0.3988,2.7662
2025-07-25T07:44:35.220204,XRP-USDT,3.05922,3.05923,856.65,439.0
2025-07-25T07:44:35.220775,SOL-USDT,176.5796,176.5851,1.546,1.45
2025-07-25T07:44:35.220972,LTC-USDT,111.27,111.33,5.302,2.97
2025-07-25T07:44:35.418962,SOL-USDT,176.5796,176.6114,1.546,5.13
2025-07-25T07:44:35.517679,ETH-USDT,3614.76,3614.96,0.0378,0.0378
2025-07-25T07:44:35.518386,SOL-USDT,176.5796,176.606,1.546,20.282
2025-07-25T07:44:35.617957,ETH-USDT,3614.93,3614.94,0.3988,2.8024
2025-07-25T07:44:35.618008,XRP-USDT,3.05922,3.05923,856.65,61.0
2025-07-25T07:44:35.618497,SOL-USDT,176.5796,176.6058,1.546,5.13
2025-07-25T07:44:35.717856,XRP-USDT,3.05922,3.05923,856.65,439.0
2025-07-25T07:44:35.718636,SOL-USDT,176.55,176.589,5.527,1.537
2025-07-25T07:44:35.817227,XRP-USDT,3.05922,3.05923,856.65,61.0
2025-07-25T07:44:36.017818,SOL-USDT,176.5798,176.589,1.566,1.537
2025-07-25T07:44:36.119725,ETH-USDT,3614.93,3614.94,0.3988,0.0361
2025-07-25T07:44:36.119769,XRP-USDT,3.05922,3.05923,1143.82,61.0
2025-07-25T07:44:36.119821,LTC-USDT,111.27,111.32,5.302,2.97
2025-07-25T07:44:36.219129,ETH-USDT,3614.93,3614.94,0.4264,0.0361
2025-07-25T07:44:36.419221,ETH-USDT,3614.93,3614.94,0.4264,2.8024
2025-07-25T07:44:36.419279,XRP-USDT,3.05941,3.06014,272.91,592.0
2025-07-25T07:44:36.519940,ETH-USDT,3614.93,3614.94,0.0276,2.8024
2025-07-25T07:44:36.519982,XRP-USDT,3.05941,3.06014,272.91,592.0
2025-07-25T07:44:36.618436,XRP-USDT,3.05942,3.05956,378.0,650.57
2025-07-25T07:44:36.720033,BTC-USDT,115209.99,115210.0,0.477006,0.001714001726412638
2025-07-25T07:44:36.720074,XRP-USDT,3.05942,3.05956,378.0,272.57
2025-07-25T07:44:36.818951,BTC-USDT,115209.99,115210.0,0.37908,0.001714001726412638
2025-07-25T07:44:36.918822,XRP-USDT,3.05943,3.05956,378.0,650.57
2025-07-25T07:44:37.017475,XRP-USDT,3.05941,3.05956,272.91,650.57
2025-07-25T07:44:37.018184,LTC-USDT,111.27,111.29,5.302,2.97
2025-07-25T07:44:37.118068,BTC-USDT,115209.99,115210.0,0.32749,0.001714001726412638
2025-07-25T07:44:37.118884,XRP-USDT,3.05941,3.05955,272.91,541.0
2025-07-25T07:44:37.217515,XRP-USDT,3.05941,3.05955,650.91,541.0
2025-07-25T07:44:37.218405,LTC-USDT,111.27,111.3,5.302,1.7
2025-07-25T07:44:37.317504,XRP-USDT,3.05941,3.05955,272.91,541.0
2025-07-25T07:44:37.420481,XRP-USDT,3.05925,3.05954,163.0,391.85
2025-07-25T07:44:37.517995,XRP-USDT,3.05925,3.05937,163.0,670.8
2025-07-25T07:44:37.518435,LTC-USDT,111.27,111.29,5.302,2.97
2025-07-25T07:44:37.619980,BTC-USDT,115209.99,115210.0,0.32749,0.001245001726412638
2025-07-25T07:44:37.720857,BTC-USDT,115209.99,115210.0,0.32749,0.001155001726412638
2025-07-25T07:44:37.720905,ETH-USDT,3614.93,3614.94,0.0276,2.8405
2025-07-25T07:44:37.721210,XRP-USDT,3.05922,3.05928,693.65,669.97
2025-07-25T07:44:37.721995,SOL-USDT,176.5798,176.5887,1.566,5.13
2025-07-25T07:44:37.722033,LTC-USDT,111.25,111.29,18.5,2.97
2025-07-25T07:44:37.866954,SOL-USDT,176.5313,176.584,5.13,1.52
2025-07-25T07:44:37.867002,LTC-USDT,111.26,111.29,5.302,2.97
2025-07-25T07:44:37.919763,SOL-USDT,176.5339,176.584,5.13,1.52
2025-07-25T07:44:38.019036,SOL-USDT,176.5748,176.584,1.554,1.52
2025-07-25T07:44:38.019093,LTC-USDT,111.26,111.29,2.97,2.97
2025-07-25T07:44:38.119535,XRP-USDT,3.05922,3.05923,693.65,752.4
2025-07-25T07:44:38.120134,SOL-USDT,176.5314,176.5839,9.436,5.13
2025-07-25T07:44:38.120181,LTC-USDT,111.25,111.29,18.5,2.97
2025-07-25T07:44:38.219988,BTC-USDT,115209.99,115210.0,0.319077,0.15225700172641263
2025-07-25T07:44:38.220278,ETH-USDT,3614.66,3614.67,0.004,2.8029
2025-07-25T07:44:38.220510,XRP-USDT,3.0584,3.05892,163.0,674.68
2025-07-25T07:44:38.221496,SOL-USDT,176.5182,176.5623,0.169,5.13
2025-07-25T07:44:38.221703,LTC-USDT,111.24,111.29,21.47,2.97
2025-07-25T07:44:38.319044,BTC-USDT,115209.99,115210.0,0.319077,0.20274100172641263
2025-07-25T07:44:38.319240,XRP-USDT,3.05871,3.0589,163.0,378.0
2025-07-25T07:44:38.320629,SOL-USDT,176.5196,176.5558,5.13,1.53
2025-07-25T07:44:38.320669,LTC-USDT,111.22,111.27,5.302,2.97
2025-07-25T07:44:38.418599,XRP-USDT,3.05871,3.0589,163.0,378.0
2025-07-25T07:44:38.419550,SOL-USDT,176.5448,176.5558,1.49,1.53
2025-07-25T07:44:38.419705,LTC-USDT,111.22,111.27,23.802,2.97
2025-07-25T07:44:38.518759,ETH-USDT,3614.45,3614.46,0.3725,2.8064
2025-07-25T07:44:38.618058,XRP-USDT,3.05871,3.05872,163.0,439.0
2025-07-25T07:44:38.918287,XRP-USDT,3.05871,3.05872,163.0,61.0
2025-07-25T07:44:39.119202,ETH-USDT,3614.45,3614.46,0.3725,0.0399
2025-07-25T07:44:39.119243,XRP-USDT,3.05871,3.05872,1494.09,61.0
2025-07-25T07:44:39.217829,ETH-USDT,3614.45,3614.46,0.3725,2.8064
2025-07-25T07:44:39.719672,ETH-USDT,3614.45,3614.46,0.3725,0.076
2025-07-25T07:44:39.720437,LTC-USDT,111.22,111.27,5.302,2.97
2025-07-25T07:44:39.818041,BTC-USDT,115209.99,115210.0,0.32749,0.20115500172641262
2025-07-25T07:44:39.818346,XRP-USDT,3.05871,3.05872,2252.06,61.0
2025-07-25T07:44:39.819194,SOL-USDT,176.557,176.5898,1.582,0.169
2025-07-25T07:44:39.819235,LTC-USDT,111.22,111.28,5.302,2.97
2025-07-25T07:44:39.918832,ETH-USDT,3614.45,3614.46,0.4245,0.076
2025-07-25T07:44:39.919050,XRP-USDT,3.05922,3.06007,378.0,541.0
2025-07-25T07:44:39.919872,SOL-USDT,176.573,176.5983,1.443,3.31
2025-07-25T07:44:40.019040,ETH-USDT,3614.45,3614.46,0.4245,0.0361
2025-07-25T07:44:40.019221,XRP-USDT,3.05953,3.0599,378.0,2550.4
2025-07-25T07:44:40.019679,LTC-USDT,111.24,111.28,2.332,2.97
2025-07-25T07:44:40.121723,XRP-USDT,3.05957,3.06001,378.0,378.0
2025-07-25T07:44:40.123014,SOL-USDT,176.5733,176.602,5.13,5.527
2025-07-25T07:44:40.123167,LTC-USDT,111.24,111.28,23.802,2.97
2025-07-25T07:44:40.220058,ETH-USDT,3615.08,3615.09,0.3988,0.0037
2025-07-25T07:44:40.220263,XRP-USDT,3.05991,3.06007,378.0,163.0
2025-07-25T07:44:40.221977,SOL-USDT,176.5776,176.6219,1.497,3.31
2025-07-25T07:44:40.222086,LTC-USDT,111.24,111.3,23.802,2.97
2025-07-25T07:44:40.318520,ETH-USDT,3614.61,3615.33,0.038,0.0018
2025-07-25T07:44:40.318559,XRP-USDT,3.06021,3.06072,378.0,214.0
2025-07-25T07:44:40.319203,SOL-USDT,176.5776,176.6125,1.497,3.31
2025-07-25T07:44:40.427077,ETH-USDT,3614.61,3615.65,0.038,4.1987
2025-07-25T07:44:40.427494,SOL-USDT,176.5776,176.586,6.627,1.539
2025-07-25T07:44:40.518247,ETH-USDT,3614.83,3614.84,0.4508,0.0385
2025-07-25T07:44:40.518446,XRP-USDT,3.06022,3.0605,378.0,661.09
2025-07-25T07:44:40.518778,SOL-USDT,176.5792,176.586,5.13,1.539
2025-07-25T07:44:40.618679,SOL-USDT,176.5827,176.6125,5.13,3.31
2025-07-25T07:44:40.717960,XRP-USDT,3.06022,3.0605,378.0,661.09
2025-07-25T07:44:40.827112,ETH-USDT,3614.83,3614.84,0.4527,0.0385
2025-07-25T07:44:40.827160,XRP-USDT,3.0602,3.06049,273.15,13.85
2025-07-25T07:44:40.827915,SOL-USDT,176.5827,176.5904,5.13,1.461
2025-07-25T07:44:40.919712,BTC-USDT,115209.99,115210.0,0.528596,0.20115500172641262
2025-07-25T07:44:40.920374,ETH-USDT,3615.11,3615.53,0.4508,2.7659
2025-07-25T07:44:40.920421,XRP-USDT,3.06048,3.06049,378.0,378.0
2025-07-25T07:44:40.923263,SOL-USDT,176.5948,176.6146,1.476,5.527
2025-07-25T07:44:40.923739,LTC-USDT,111.24,111.32,23.802,2.97
2025-07-25T07:44:41.018626,BTC-USDT,115209.99,115210.0,0.736619,0.20115500172641262
2025-07-25T07:44:41.018671,ETH-USDT,3615.11,3615.53,0.3988,2.7659
2025-07-25T07:44:41.018863,XRP-USDT,3.06048,3.06073,378.0,541.0
2025-07-25T07:44:41.019147,SOL-USDT,176.5869,176.6146,5.13,5.527
2025-07-25T07:44:41.019350,LTC-USDT,111.24,111.3,23.802,2.97
2025-07-25T07:44:41.118699,BTC-USDT,115209.99,115210.0,0.587103,0.20115500172641262
2025-07-25T07:44:41.119036,ETH-USDT,3614.93,3615.49,0.0371,2.766
2025-07-25T07:44:41.119071,XRP-USDT,3.06034,3.06057,378.0,668.41
2025-07-25T07:44:41.119605,SOL-USDT,176.574,176.6142,5.13,3.31
2025-07-25T07:44:41.218128,ETH-USDT,3615.1,3615.11,0.3988,0.0375
2025-07-25T07:44:41.218333,XRP-USDT,3.06036,3.06073,378.0,163.0
2025-07-25T07:44:41.219489,SOL-USDT,176.574,176.6017,5.13,1.47
2025-07-25T07:44:41.318474,ETH-USDT,3615.1,3615.66,0.3988,3.8227
2025-07-25T07:44:41.319168,XRP-USDT,3.06036,3.06073,378.0,541.0
2025-07-25T07:44:41.321158,SOL-USDT,176.5917,176.6017,1.458,1.47
2025-07-25T07:44:41.418728,ETH-USDT,3614.93,3615.64,0.0371,2.7659
2025-07-25T07:44:41.418977,XRP-USDT,3.06021,3.06052,163.0,283.41
2025-07-25T07:44:41.536895,BTC-USDT,115209.99,115210.0,0.736619,0.20115500172641262
2025-07-25T07:44:41.537239,ETH-USDT,3614.93,3615.11,0.0371,0.0379
2025-07-25T07:44:41.537286,XRP-USDT,3.06023,3.06052,378.0,283.41
2025-07-25T07:44:41.618424,ETH-USDT,3614.93,3615.1,0.0371,2.766
2025-07-25T07:44:41.618484,XRP-USDT,3.06023,3.06052,378.0,661.41
2025-07-25T07:44:41.718915,BTC-USDT,115209.99,115210.0,0.587103,0.20115500172641262
2025-07-25T07:44:41.718956,ETH-USDT,3615.1,3615.11,0.3988,2.804
2025-07-25T07:44:41.718986,XRP-USDT,3.06021,3.06041,163.0,391.85
2025-07-25T07:44:41.817900,BTC-USDT,115209.99,115210.0,0.37908,0.20115500172641262
2025-07-25T07:44:41.918471,ETH-USDT,3614.93,3615.11,0.0371,2.804
2025-07-25T07:44:41.919092,LTC-USDT,111.24,111.31,23.802,2.97
2025-07-25T07:44:42.017947,ETH-USDT,3615.1,3615.11,0.0276,2.804
2025-07-25T07:44:42.018212,XRP-USDT,3.06021,3.06041,163.0,391.85
2025-07-25T07:44:42.118178,ETH-USDT,3615.1,3615.11,0.0276,0.0379
2025-07-25T07:44:42.118226,XRP-USDT,3.06023,3.06041,163.0,391.85
2025-07-25T07:44:42.317946,BTC-USDT,115209.99,115210.0,0.37908,0.20106500172641265
2025-07-25T07:44:42.317986,XRP-USDT,3.06025,3.06041,163.0,391.85
2025-07-25T07:44:42.417811,BTC-USDT,115209.99,115210.0,0.343207,0.20106500172641265
2025-07-25T07:44:42.418100,ETH-USDT,3614.93,3615.66,0.0371,2.766
2025-07-25T07:44:42.418378,XRP-USDT,3.06029,3.06041,163.0,378.0
2025-07-25T07:44:42.518001,ETH-USDT,3614.93,3615.64,0.0371,2.766
2025-07-25T07:44:42.618846,ETH-USDT,3615.1,3615.11,0.3988,0.0376
2025-07-25T07:44:42.718034,ETH-USDT,3614.93,3615.11,0.0371,2.8037
2025-07-25T07:44:42.918342,BTC-USDT,115209.99,115210.0,0.291617,0.20265100172641265
2025-07-25T07:44:42.918392,ETH-USDT,3615.1,3615.11,0.3988,2.8037
2025-07-25T07:44:42.918674,XRP-USDT,3.06029,3.06041,163.0,378.0
2025-07-25T07:44:43.020487,ETH-USDT,3614.93,3615.11,0.0371,2.8037
2025-07-25T07:44:43.020539,XRP-USDT,3.06029,3.0604,163.0,391.85
2025-07-25T07:44:43.166625,BTC-USDT,115209.99,115210.0,0.283204,0.20265100172641265
2025-07-25T07:44:43.166680,ETH-USDT,3615.1,3615.11,0.3988,0.0376
2025-07-25T07:44:43.166945,LTC-USDT,111.24,111.31,23.802,2.97
2025-07-25T07:44:43.619591,XRP-USDT,3.06031,3.06041,163.0,391.85
2025-07-25T07:44:43.723467,XRP-USDT,3.06031,3.06041,163.0,13.85
2025-07-25T07:44:43.724344,SOL-USDT,176.5923,176.6017,5.13,1.47
2025-07-25T07:44:43.819489,XRP-USDT,3.0604,3.06041,1085.8,13.85
2025-07-25T07:44:43.920555,ETH-USDT,3615.1,3615.11,0.3988,2.8037
2025-07-25T07:44:43.920595,XRP-USDT,3.0604,3.06041,1248.8,13.85
2025-07-25T07:44:44.019108,ETH-USDT,3614.94,3615.1,0.0445,2.7662
2025-07-25T07:44:44.019157,XRP-USDT,3.0604,3.06041,707.8,391.85
2025-07-25T07:44:44.118672,ETH-USDT,3615.1,3615.64,0.3988,2.7659
2025-07-25T07:44:44.118905,XRP-USDT,3.06047,3.06048,378.0,176.85
2025-07-25T07:44:44.217975,BTC-USDT,115209.99,115210.0,0.283204,0.21359300172641263
2025-07-25T07:44:44.218023,ETH-USDT,3615.1,3615.62,0.3988,2.7659
2025-07-25T07:44:44.320060,BTC-USDT,115207.79,115207.8,0.021258,0.058678
2025-07-25T07:44:44.320108,ETH-USDT,3614.85,3615.19,3.621,0.0387
2025-07-25T07:44:44.320144,XRP-USDT,3.0604,3.06048,707.8,391.85
2025-07-25T07:44:44.320959,SOL-USDT,176.5917,176.6017,1.458,1.47
2025-07-25T07:44:44.419718,BTC-USDT,115207.79,115207.8,0.021258,0.713712
2025-07-25T07:44:44.419767,ETH-USDT,3614.85,3615.17,3.621,0.0018
2025-07-25T07:44:44.419825,XRP-USDT,3.0604,3.06041,707.8,284.33
2025-07-25T07:44:44.519284,ETH-USDT,3615.18,3615.19,0.3988,0.0387
2025-07-25T07:44:44.618759,XRP-USDT,3.0604,3.06041,707.8,298.18
2025-07-25T07:44:44.718652,BTC-USDT,115207.79,115207.8,0.021258,0.874438
2025-07-25T07:44:44.817495,ETH-USDT,3615.03,3615.19,0.0399,2.8048
2025-07-25T07:44:44.917835,ETH-USDT,3615.18,3615.19,0.3988,2.8048
2025-07-25T07:44:44.918026,XRP-USDT,3.0604,3.06041,707.8,676.18
2025-07-25T07:44:45.017939,XRP-USDT,3.0604,3.06041,707.8,298.18
2025-07-25T07:44:45.120389,LTC-USDT,111.24,111.3,23.802,0.2119
2025-07-25T07:44:45.218992,ETH-USDT,3615.03,3615.19,0.0399,2.8048
2025-07-25T07:44:45.219290,LTC-USDT,111.24,111.29,23.802,2.97
2025-07-25T07:44:45.518237,BTC-USDT,115207.79,115207.8,0.021258,0.724922
2025-07-25T07:44:45.518445,ETH-USDT,3615.18,3615.19,0.3988,2.8048
2025-07-25T07:44:45.619282,BTC-USDT,115207.79,115207.8,0.021258,0.874438
2025-07-25T07:44:45.619461,ETH-USDT,3614.85,3615.19,3.621,2.8048
2025-07-25T07:44:45.619760,XRP-USDT,3.05968,3.06006,163.0,286.45
2025-07-25T07:44:45.623132,SOL-USDT,176.5386,176.5918,5.13,6.687
2025-07-25T07:44:45.728722,BTC-USDT,115207.79,115207.8,0.021258,1.186369
2025-07-25T07:44:45.728990,ETH-USDT,3614.85,3615.1,3.621,0.0387
2025-07-25T07:44:45.729034,XRP-USDT,3.05968,3.0598,163.0,676.79
2025-07-25T07:44:45.729972,SOL-USDT,176.5261,176.5767,5.13,3.31
2025-07-25T07:44:45.730017,LTC-USDT,111.23,111.28,2.332,0.2119
2025-07-25T07:44:45.857569,BTC-USDT,115207.43,115207.8,0.00093,1.036853
2025-07-25T07:44:45.857623,ETH-USDT,3614.85,3615.09,3.621,2.7662
2025-07-25T07:44:45.857657,XRP-USDT,3.05968,3.05969,163.0,61.0
2025-07-25T07:44:45.860498,SOL-USDT,176.5179,176.5737,5.13,3.31
2025-07-25T07:44:45.860741,LTC-USDT,111.23,111.28,5.302,0.2119
2025-07-25T07:44:45.919015,BTC-USDT,115200.0,115200.01,0.00011,0.662146
2025-07-25T07:44:45.919635,ETH-USDT,3614.57,3614.83,0.0042,0.039
2025-07-25T07:44:45.919684,XRP-USDT,3.05968,3.05969,163.0,439.0
2025-07-25T07:44:45.920416,SOL-USDT,176.5003,176.5687,1.5,3.31
2025-07-25T07:44:45.924714,LTC-USDT,111.23,111.27,2.97,2.97
2025-07-25T07:44:46.019112,BTC-USDT,115200.0,115200.01,0.260526,0.666346
2025-07-25T07:44:46.019362,ETH-USDT,3614.45,3614.72,0.3725,2.7665
2025-07-25T07:44:46.019408,XRP-USDT,3.05902,3.0596,378.0,673.62
2025-07-25T07:44:46.019850,SOL-USDT,176.5029,176.5547,5.13,5.13
2025-07-25T07:44:46.117754,XRP-USDT,3.05934,3.0596,163.0,673.62
2025-07-25T07:44:46.217652,XRP-USDT,3.05939,3.0594,378.0,61.0
2025-07-25T07:44:46.220075,SOL-USDT,176.5546,176.563,1.574,3.31
2025-07-25T07:44:46.321994,BTC-USDT,115200.0,115200.01,0.00011,0.827072
2025-07-25T07:44:46.322692,ETH-USDT,3614.71,3614.72,0.0167,2.8039
2025-07-25T07:44:46.322730,XRP-USDT,3.05939,3.0594,163.0,439.0
2025-07-25T07:44:46.323315,SOL-USDT,176.5546,176.5626,1.574,5.13
2025-07-25T07:44:46.419830,BTC-USDT,115200.0,115200.01,0.00011,1.081097
2025-07-25T07:44:46.419871,XRP-USDT,3.05939,3.0594,915.22,61.0
2025-07-25T07:44:46.419899,SOL-USDT,176.5546,176.5614,1.574,3.31
2025-07-25T07:44:46.617959,XRP-USDT,3.05939,3.0594,1681.78,61.0
2025-07-25T07:44:46.717580,XRP-USDT,3.05939,3.0594,1895.78,61.0
2025-07-25T07:44:46.920170,XRP-USDT,3.05939,3.0594,1958.1,61.0
2025-07-25T07:44:47.019871,SOL-USDT,176.5029,176.5579,5.13,5.13
2025-07-25T07:44:47.119190,SOL-USDT,176.5029,176.5523,5.13,1.462
2025-07-25T07:44:47.317977,SOL-USDT,176.5422,176.5523,1.443,1.462
2025-07-25T07:44:47.923437,XRP-USDT,3.05939,3.0594,2632.24,61.0
2025-07-25T07:44:48.017821,BTC-USDT,115200.0,115200.01,0.260526,1.081097
2025-07-25T07:44:48.219992,BTC-USDT,115200.0,115200.01,0.00011,1.081097
2025-07-25T07:44:48.221509,LTC-USDT,111.21,111.27,5.302,2.97
2025-07-25T07:44:48.619563,XRP-USDT,3.05939,3.0594,3398.36,61.0
2025-07-25T07:44:48.619897,LTC-USDT,111.23,111.27,2.97,2.97
2025-07-25T07:44:48.722015,XRP-USDT,3.05939,3.0594,276.32,61.0
2025-07-25T07:44:48.917775,BTC-USDT,115200.0,115200.01,0.260526,1.081097
2025-07-25T07:44:48.918336,LTC-USDT,111.23,111.25,2.97,2.97
2025-07-25T07:44:49.321227,BTC-USDT,115200.0,115200.01,0.00011,1.081097
2025-07-25T07:44:49.321284,ETH-USDT,3614.71,3614.72,0.0167,0.0374
2025-07-25T07:44:49.321553,SOL-USDT,176.5422,176.5874,1.443,0.029
2025-07-25T07:44:49.420081,BTC-USDT,115200.0,115200.01,0.260526,1.081097
2025-07-25T07:44:49.420131,ETH-USDT,3614.71,3614.72,0.0167,2.8038
2025-07-25T07:44:49.420164,XRP-USDT,3.0601,3.06034,378.0,163.0
2025-07-25T07:44:49.420716,SOL-USDT,176.5697,176.6022,1.524,3.31
2025-07-25T07:44:49.420942,LTC-USDT,111.24,111.27,4.67,2.97
2025-07-25T07:44:49.519742,XRP-USDT,3.0601,3.06033,378.0,391.85
2025-07-25T07:44:49.618254,XRP-USDT,3.06008,3.06009,378.0,294.21
2025-07-25T07:44:49.620638,SOL-USDT,176.5697,176.5785,1.524,1.596
2025-07-25T07:44:49.718765,XRP-USDT,3.06008,3.06032,378.0,541.0
2025-07-25T07:44:49.818893,BTC-USDT,115200.0,115200.01,0.00011,1.081097
2025-07-25T07:44:49.819143,XRP-USDT,3.05998,3.06032,163.0,541.0
2025-07-25T07:44:49.917905,XRP-USDT,3.05999,3.06032,378.0,541.0
2025-07-25T07:44:50.017443,XRP-USDT,3.05999,3.06011,163.0,391.85
2025-07-25T07:44:50.119943,XRP-USDT,3.06,3.06011,378.0,13.85
2025-07-25T07:44:50.317817,XRP-USDT,3.06,3.06011,378.0,391.85
2025-07-25T07:44:50.417760,XRP-USDT,3.05998,3.06011,163.0,391.85
2025-07-25T07:44:50.418192,LTC-USDT,111.24,111.27,1.7,2.97
2025-07-25T07:44:50.518232,XRP-USDT,3.06001,3.06011,378.0,13.85
2025-07-25T07:44:50.520370,LTC-USDT,111.21,111.27,5.302,2.97
2025-07-25T07:44:50.617707,ETH-USDT,3614.71,3614.72,0.0167,0.0374
2025-07-25T07:44:50.618956,LTC-USDT,111.22,111.27,5.302,2.97
2025-07-25T07:44:50.717120,XRP-USDT,3.06001,3.06039,378.0,541.0
2025-07-25T07:44:50.817845,BTC-USDT,115200.0,115200.01,0.260526,0.931581
2025-07-25T07:44:50.917892,ETH-USDT,3614.45,3615.29,0.338,0.0075
2025-07-25T07:44:50.917946,XRP-USDT,3.06001,3.06014,378.0,13.85
2025-07-25T07:44:51.018297,ETH-USDT,3615.16,3615.17,0.3988,2.7663
2025-07-25T07:44:51.018340,XRP-USDT,3.06001,3.06014,378.0,163.0
2025-07-25T07:44:51.117881,ETH-USDT,3614.91,3614.92,0.014,0.0381
2025-07-25T07:44:51.117933,XRP-USDT,3.06005,3.06014,378.0,163.0
2025-07-25T07:44:51.218143,BTC-USDT,115200.0,115200.01,0.260526,1.081097
2025-07-25T07:44:51.218194,XRP-USDT,3.06005,3.06013,378.0,13.85
2025-07-25T07:44:51.418495,BTC-USDT,115200.0,115200.01,0.260526,0.9314909921953132
2025-07-25T07:44:51.418726,ETH-USDT,3614.91,3614.92,0.066,0.0381
2025-07-25T07:44:51.921344,LTC-USDT,111.22,111.27,5.302,2.97
2025-07-25T07:44:52.020474,BTC-USDT,115200.0,115200.01,0.260526,1.0810069921953132
2025-07-25T07:44:52.020526,ETH-USDT,3614.98,3615.43,0.0239,2.766
2025-07-25T07:44:52.022364,SOL-USDT,176.5712,176.5785,5.13,1.596
2025-07-25T07:44:52.117634,ETH-USDT,3614.91,3615.43,0.052,2.766
2025-07-25T07:44:52.219294,ETH-USDT,3615.0,3615.01,0.4508,0.0375
2025-07-25T07:44:52.318274,XRP-USDT,3.06005,3.06014,378.0,176.85
2025-07-25T07:44:52.518445,BTC-USDT,115200.0,115200.01,0.260526,0.9314909921953132
2025-07-25T07:44:52.518508,ETH-USDT,3615.0,3615.3,0.052,2.7661
2025-07-25T07:44:52.620002,BTC-USDT,115200.0,115200.01,0.260526,0.7802439921953132
2025-07-25T07:44:52.620430,ETH-USDT,3615.29,3615.3,0.3988,2.7661
2025-07-25T07:44:52.621939,SOL-USDT,176.5712,176.6022,5.13,3.31
2025-07-25T07:44:52.720445,ETH-USDT,3615.29,3615.56,0.3988,2.7659
2025-07-25T07:44:52.720498,XRP-USDT,3.06036,3.06041,378.0,2550.5
2025-07-25T07:44:52.720940,SOL-USDT,176.5794,176.6022,5.13,3.31
2025-07-25T07:44:52.819214,ETH-USDT,3615.13,3615.14,0.3988,0.039
2025-07-25T07:44:52.819252,XRP-USDT,3.0604,3.06091,378.0,592.0
2025-07-25T07:44:52.918179,XRP-USDT,3.0604,3.06089,378.0,391.85
2025-07-25T07:44:52.918440,SOL-USDT,176.5784,176.5855,1.509,1.484
2025-07-25T07:44:53.019092,ETH-USDT,3615.13,3615.66,0.4508,2.7659
2025-07-25T07:44:53.020381,SOL-USDT,176.5794,176.5855,5.13,1.484
2025-07-25T07:44:53.119025,XRP-USDT,3.0604,3.06076,378.0,287.85
2025-07-25T07:44:53.223401,ETH-USDT,3615.21,3615.68,0.0445,0.0054
2025-07-25T07:44:53.223628,XRP-USDT,3.06058,3.06076,378.0,287.85
2025-07-25T07:44:53.224409,SOL-USDT,176.5794,176.6078,5.13,5.527
2025-07-25T07:44:53.224448,LTC-USDT,111.22,111.28,23.802,2.97
2025-07-25T07:44:53.318462,ETH-USDT,3615.41,3615.42,0.3988,0.0391
2025-07-25T07:44:53.318676,XRP-USDT,3.06079,3.0609,378.0,163.0
2025-07-25T07:44:53.417881,XRP-USDT,3.06067,3.0609,378.0,541.0
2025-07-25T07:44:53.518343,XRP-USDT,3.06079,3.0609,378.0,541.0
2025-07-25T07:44:53.518990,SOL-USDT,176.5794,176.5889,5.13,1.473
2025-07-25T07:44:53.617661,ETH-USDT,3615.41,3615.42,0.4264,0.0391
2025-07-25T07:44:53.617890,XRP-USDT,3.06069,3.06089,378.0,391.85
2025-07-25T07:44:53.724556,BTC-USDT,115200.0,115200.01,0.260526,0.5262189921953132
2025-07-25T07:44:53.724597,ETH-USDT,3615.41,3615.42,0.0276,2.805
2025-07-25T07:44:53.724762,XRP-USDT,3.06059,3.06082,272.76,657.93
2025-07-25T07:44:53.725497,SOL-USDT,176.5784,176.5889,1.509,1.473
2025-07-25T07:44:53.818650,BTC-USDT,115200.0,115200.01,0.260526,0.7802369921953132
2025-07-25T07:44:53.818690,ETH-USDT,3615.41,3615.42,0.0276,2.7659
2025-07-25T07:44:53.819020,XRP-USDT,3.06059,3.06082,272.76,657.93
2025-07-25T07:44:53.927327,XRP-USDT,3.06059,3.06081,272.76,592.0
2025-07-25T07:44:54.017762,ETH-USDT,3615.41,3615.42,0.0276,2.8033
2025-07-25T07:44:54.017842,XRP-USDT,3.06059,3.06074,272.76,554.85
2025-07-25T07:44:55.299322,ETH-USDT,3615.13,3615.42,0.0044,2.8033
2025-07-25T07:44:55.299378,XRP-USDT,3.06059,3.06074,272.76,554.85
2025-07-25T07:44:55.299405,ETH-USDT,3615.13,3615.14,0.0276,2.766
2025-07-25T07:44:55.299428,XRP-USDT,3.06036,3.06068,378.0,391.85
2025-07-25T07:44:55.299458,XRP-USDT,3.0605,3.06068,163.0,391.85
2025-07-25T07:44:55.299488,ETH-USDT,3615.13,3615.15,0.0276,0.0363
2025-07-25T07:44:55.299518,ETH-USDT,3615.14,3615.15,0.3988,0.0363
2025-07-25T07:44:55.299547,XRP-USDT,3.06056,3.06068,378.0,391.85
2025-07-25T07:44:55.299575,ETH-USDT,3615.14,3615.15,0.3988,2.8024
2025-07-25T07:44:55.317969,ETH-USDT,3615.41,3615.54,0.3988,0.004
2025-07-25T07:44:55.318021,XRP-USDT,3.06056,3.06068,378.0,13.85
2025-07-25T07:44:55.318370,SOL-USDT,176.579,176.5889,5.13,1.473
2025-07-25T07:44:55.318405,LTC-USDT,111.22,111.28,23.802,2.97
2025-07-25T07:44:55.417839,ETH-USDT,3615.14,3615.52,0.052,2.7659
2025-07-25T07:44:55.519272,ETH-USDT,3615.25,3615.26,0.3988,0.0363
2025-07-25T07:44:55.519318,XRP-USDT,3.06056,3.06068,378.0,13.85
2025-07-25T07:44:55.618192,ETH-USDT,3615.25,3615.26,0.4508,0.0363
2025-07-25T07:44:55.718047,BTC-USDT,115200.0,115200.01,0.260526,0.7801469921953131
2025-07-25T07:44:55.718267,ETH-USDT,3615.25,3615.26,0.052,2.8023
2025-07-25T07:44:55.718304,XRP-USDT,3.06055,3.06068,293.99,391.85
2025-07-25T07:44:55.818045,XRP-USDT,3.06056,3.06068,378.0,13.85
2025-07-25T07:44:55.918436,BTC-USDT,115200.0,115200.01,0.260526,0.5261289921953132
2025-07-25T07:44:56.019949,BTC-USDT,115200.0,115200.01,0.320529,0.212879
2025-07-25T07:44:56.019988,ETH-USDT,3615.53,3615.68,0.3988,0.0054
2025-07-25T07:44:56.020141,XRP-USDT,3.06091,3.06092,378.0,163.0
2025-07-25T07:44:56.021248,SOL-USDT,176.5946,176.6208,5.13,3.31
2025-07-25T07:44:56.119060,BTC-USDT,115200.0,115200.01,0.528552,0.212879
2025-07-25T07:44:56.119558,ETH-USDT,3615.23,3615.66,0.0386,2.7657
2025-07-25T07:44:56.120616,XRP-USDT,3.06112,3.06149,378.0,592.0
2025-07-25T07:44:56.122988,SOL-USDT,176.6188,176.6299,1.518,3.0
2025-07-25T07:44:56.219548,BTC-USDT,115200.0,115200.01,0.531984,0.208679
2025-07-25T07:44:56.220370,ETH-USDT,3615.24,3615.66,2.1649,2.7658
2025-07-25T07:44:56.223409,SOL-USDT,176.614,176.6299,5.13,3.0
2025-07-25T07:44:56.319137,ETH-USDT,3615.39,3615.4,0.3988,0.0364
2025-07-25T07:44:56.319178,XRP-USDT,3.06112,3.06124,378.0,272.53
2025-07-25T07:44:56.417567,XRP-USDT,3.06112,3.06145,378.0,592.0
2025-07-25T07:44:56.418102,SOL-USDT,176.6298,176.6299,1.56,3.0
2025-07-25T07:44:56.658695,XRP-USDT,3.06112,3.06136,378.0,666.69
2025-07-25T07:44:56.717214,ETH-USDT,3615.39,3615.4,0.3988,2.8023
2025-07-25T07:44:56.717516,XRP-USDT,3.06112,3.06128,378.0,273.94
2025-07-25T07:44:56.818125,BTC-USDT,115200.0,115200.01,0.6815,0.208679
2025-07-25T07:44:56.818339,ETH-USDT,3615.23,3615.4,0.0386,2.8023
2025-07-25T07:44:56.918502,ETH-USDT,3615.39,3615.4,0.3988,2.8023
2025-07-25T07:44:57.018432,ETH-USDT,3615.39,3615.4,0.3988,0.0364
2025-07-25T07:44:57.018500,XRP-USDT,3.06127,3.06128,378.0,273.94
2025-07-25T07:44:57.018870,SOL-USDT,176.6298,176.6299,6.69,3.0
2025-07-25T07:44:57.122089,ETH-USDT,3615.39,3615.4,0.3988,2.8023
2025-07-25T07:44:57.122158,XRP-USDT,3.06121,3.06145,378.0,592.0
2025-07-25T07:44:57.318561,XRP-USDT,3.061,3.06115,163.0,653.83
2025-07-25T07:44:57.319522,SOL-USDT,176.6298,176.6299,1.56,3.0
2025-07-25T07:44:57.420258,ETH-USDT,3615.11,3615.4,0.0041,2.8023
2025-07-25T07:44:57.420326,XRP-USDT,3.061,3.06111,163.0,214.0
2025-07-25T07:44:57.519231,XRP-USDT,3.061,3.06105,163.0,280.91
2025-07-25T07:44:57.618280,ETH-USDT,3615.13,3615.4,0.039,2.8023
2025-07-25T07:44:57.618347,XRP-USDT,3.06007,3.06076,378.0,592.0
2025-07-25T07:44:57.717588,XRP-USDT,3.06071,3.06078,378.0,290.12
2025-07-25T07:44:57.819164,XRP-USDT,3.06052,3.06068,298.04,283.29
2025-07-25T07:44:57.918659,XRP-USDT,3.06067,3.06068,541.0,283.29
2025-07-25T07:44:58.020250,ETH-USDT,3615.39,3615.4,0.3988,0.0364
2025-07-25T07:44:58.020302,XRP-USDT,3.06067,3.06068,541.0,61.0
2025-07-25T07:44:58.118757,ETH-USDT,3615.23,3615.68,0.0038,0.0054
2025-07-25T07:44:58.118821,XRP-USDT,3.06067,3.06068,823.15,61.0
2025-07-25T07:44:58.218618,ETH-USDT,3615.15,3615.68,0.0445,0.0054
2025-07-25T07:44:58.317866,ETH-USDT,3615.38,3615.39,0.3988,0.0367
2025-07-25T07:44:58.418635,SOL-USDT,176.6298,176.6299,6.69,3.0
2025-07-25T07:44:58.518730,ETH-USDT,3615.14,3615.39,2.6745,2.8026
2025-07-25T07:44:58.519630,SOL-USDT,176.6298,176.6299,1.56,3.0
2025-07-25T07:44:58.617991,ETH-USDT,3615.38,3615.39,0.4083,2.8026
2025-07-25T07:44:58.618680,SOL-USDT,176.6298,176.6393,1.56,7.851
2025-07-25T07:44:58.717735,ETH-USDT,3615.38,3615.39,0.0095,2.8026
2025-07-25T07:44:58.818171,XRP-USDT,3.06067,3.06068,541.0,61.0
2025-07-25T07:44:59.319160,XRP-USDT,3.06067,3.06068,685.37,61.0
2025-07-25T07:44:59.717237,BTC-USDT,115200.0,115200.01,0.6799,0.208679
2025-07-25T07:44:59.919152,XRP-USDT,3.06067,3.06068,848.37,61.0
2025-07-25T07:44:59.919204,LTC-USDT,111.22,111.28,23.802,2.97
2025-07-25T07:45:00.029476,BTC-USDT,115200.0,115200.01,0.6799,0.208679
2025-07-25T07:45:00.029767,XRP-USDT,3.06067,3.06068,848.37,439.0
2025-07-25T07:45:00.031697,SOL-USDT,176.6298,176.6389,1.56,3.31
2025-07-25T07:45:00.031743,LTC-USDT,111.22,111.28,23.802,2.97
2025-07-25T07:45:00.125140,ETH-USDT,3615.38,3615.39,0.0095,2.8026
2025-07-25T07:45:00.125401,XRP-USDT,3.06067,3.06068,685.37,452.85
2025-07-25T07:45:00.127388,SOL-USDT,176.6298,176.6328,1.56,3.31
2025-07-25T07:45:00.127425,LTC-USDT,111.22,111.28,5.302,2.97
2025-07-25T07:45:00.319395,XRP-USDT,3.06067,3.06068,685.37,743.15
2025-07-25T07:45:00.419212,SOL-USDT,176.5843,176.6205,5.13,3.31
2025-07-25T07:45:00.419265,LTC-USDT,111.23,111.28,2.97,2.97
2025-07-25T07:45:00.519112,XRP-USDT,3.06067,3.06068,685.37,365.15
2025-07-25T07:45:00.519864,SOL-USDT,176.5843,176.6345,5.13,3.31
2025-07-25T07:45:00.520090,LTC-USDT,111.23,111.28,2.7871,2.97
2025-07-25T07:45:00.620620,BTC-USDT,115200.0,115200.01,0.6799,0.142349
2025-07-25T07:45:00.620669,ETH-USDT,3615.38,3615.39,0.0095,0.0367
2025-07-25T07:45:00.620705,XRP-USDT,3.06071,3.06139,541.0,214.0
2025-07-25T07:45:00.621640,SOL-USDT,176.5846,176.6492,3.31,3.31
2025-07-25T07:45:00.621869,LTC-USDT,111.24,111.29,2.97,2.97
2025-07-25T07:45:00.719073,XRP-USDT,3.06101,3.06121,378.0,163.0
2025-07-25T07:45:00.720166,SOL-USDT,176.6258,176.6521,5.13,0.169
2025-07-25T07:45:00.720322,LTC-USDT,111.27,111.32,2.332,2.97
2025-07-25T07:45:00.824744,XRP-USDT,3.06107,3.06121,378.0,163.0
2025-07-25T07:45:00.825773,SOL-USDT,176.6421,176.6521,1.455,0.169
2025-07-25T07:45:00.825847,LTC-USDT,111.28,111.35,23.802,11.47
2025-07-25T07:45:00.923315,ETH-USDT,3615.67,3615.68,0.052,2.7711
2025-07-25T07:45:00.923366,XRP-USDT,3.0612,3.06121,378.0,163.0
2025-07-25T07:45:00.924004,LTC-USDT,111.3,111.35,23.802,8.5
2025-07-25T07:45:01.020475,SOL-USDT,176.6421,176.652,1.455,8.515
2025-07-25T07:45:01.119615,XRP-USDT,3.06087,3.06134,163.0,378.0
2025-07-25T07:45:01.121366,SOL-USDT,176.5846,176.6502,3.31,3.685
2025-07-25T07:45:01.121568,LTC-USDT,111.3,111.34,23.802,2.97
2025-07-25T07:45:01.219987,ETH-USDT,3615.22,3615.38,0.0044,0.0381
2025-07-25T07:45:01.220206,XRP-USDT,3.06067,3.06068,685.37,672.98
2025-07-25T07:45:01.221500,SOL-USDT,176.5532,176.6045,5.13,3.31
2025-07-25T07:45:01.319065,ETH-USDT,3615.36,3615.37,0.3988,2.7659
2025-07-25T07:45:01.319390,XRP-USDT,3.06067,3.06068,685.37,886.98
2025-07-25T07:45:01.321768,SOL-USDT,176.5532,176.6,5.13,3.31
2025-07-25T07:45:01.321976,LTC-USDT,111.3,111.34,5.302,2.97
2025-07-25T07:45:01.418159,ETH-USDT,3615.36,3615.37,0.074,2.7659
2025-07-25T07:45:01.419062,SOL-USDT,176.5957,176.6,1.583,3.31
2025-07-25T07:45:01.419279,LTC-USDT,111.27,111.3,5.302,2.97
2025-07-25T07:45:01.518019,ETH-USDT,3615.08,3615.35,0.004,2.766
2025-07-25T07:45:01.518345,XRP-USDT,3.06067,3.06068,685.37,294.98
2025-07-25T07:45:01.520083,LTC-USDT,111.27,111.33,23.802,2.97
2025-07-25T07:45:01.618489,ETH-USDT,3615.37,3615.38,0.052,2.804
2025-07-25T07:45:01.618544,XRP-USDT,3.06087,3.06088,378.0,163.0
2025-07-25T07:45:01.619071,SOL-USDT,176.6085,176.6472,5.13,3.31
2025-07-25T07:45:01.717832,XRP-USDT,3.06084,3.06085,287.66,378.0
2025-07-25T07:45:01.718573,SOL-USDT,176.6085,176.6448,5.13,3.31
2025-07-25T07:45:01.819185,ETH-USDT,3615.37,3615.38,0.052,0.0381
2025-07-25T07:45:01.819233,XRP-USDT,3.06084,3.06103,287.66,13.85
2025-07-25T07:45:01.819892,SOL-USDT,176.6,176.6252,1.544,1.539
2025-07-25T07:45:01.819930,LTC-USDT,111.27,111.34,23.802,2.97
2025-07-25T07:45:01.917919,ETH-USDT,3615.37,3615.38,0.4508,0.0381
2025-07-25T07:45:01.917968,XRP-USDT,3.06084,3.06093,287.66,378.0
2025-07-25T07:45:01.919246,SOL-USDT,176.6024,176.6252,5.13,1.539
2025-07-25T07:45:01.919286,LTC-USDT,111.29,111.35,5.302,8.5
2025-07-25T07:45:02.061493,ETH-USDT,3615.37,3615.63,0.052,2.7658
2025-07-25T07:45:02.062893,SOL-USDT,176.6152,176.6252,1.476,1.539
2025-07-25T07:45:02.062931,LTC-USDT,111.29,111.34,23.802,2.97
2025-07-25T07:45:02.117096,ETH-USDT,3615.62,3615.63,0.052,2.7658
2025-07-25T07:45:02.117135,XRP-USDT,3.06069,3.0607,163.0,378.0
2025-07-25T07:45:02.217837,ETH-USDT,3615.33,3615.63,0.0038,2.7657
2025-07-25T07:45:02.218029,XRP-USDT,3.06069,3.06124,163.0,378.0
2025-07-25T07:45:02.218910,SOL-USDT,176.6152,176.6399,1.476,3.31
2025-07-25T07:45:02.318705,ETH-USDT,3615.33,3615.61,0.0038,2.7658
2025-07-25T07:45:02.318753,XRP-USDT,3.06076,3.06088,163.0,378.0
2025-07-25T07:45:02.418362,ETH-USDT,3615.6,3615.61,0.052,2.7658
2025-07-25T07:45:02.418414,XRP-USDT,3.06076,3.06077,163.0,391.85
2025-07-25T07:45:02.419012,SOL-USDT,176.6152,176.6259,1.476,1.483
2025-07-25T07:45:02.518853,ETH-USDT,3615.6,3615.61,0.052,2.8039
2025-07-25T07:45:02.518901,XRP-USDT,3.06076,3.06077,163.0,452.85
2025-07-25T07:45:02.518934,SOL-USDT,176.5848,176.6159,0.169,1.566
2025-07-25T07:45:02.620000,ETH-USDT,3614.87,3615.29,0.0042,2.7661
2025-07-25T07:45:02.620157,XRP-USDT,3.06067,3.06068,685.37,865.92
2025-07-25T07:45:02.621878,SOL-USDT,176.5532,176.5981,5.13,3.31
2025-07-25T07:45:02.718734,ETH-USDT,3615.28,3615.29,0.3988,2.7661
2025-07-25T07:45:02.719087,XRP-USDT,3.06006,3.0605,163.0,214.0
2025-07-25T07:45:02.818451,ETH-USDT,3615.28,3615.29,0.052,2.7661
2025-07-25T07:45:02.818878,XRP-USDT,3.06029,3.06048,378.0,378.0
2025-07-25T07:45:02.819422,SOL-USDT,176.598,176.5981,1.544,3.31
2025-07-25T07:45:02.918489,ETH-USDT,3615.28,3615.29,0.052,2.7881
2025-07-25T07:45:02.918831,XRP-USDT,3.06034,3.06051,541.0,378.0
2025-07-25T07:45:02.919358,SOL-USDT,176.6067,176.611,1.597,0.169
2025-07-25T07:45:03.019721,ETH-USDT,3615.3,3615.31,0.4508,0.0372
2025-07-25T07:45:03.019774,XRP-USDT,3.06067,3.06068,541.0,52.89
2025-07-25T07:45:03.020927,SOL-USDT,176.6287,176.6433,1.591,3.31
2025-07-25T07:45:03.118219,XRP-USDT,3.06073,3.06097,378.0,378.0
2025-07-25T07:45:03.118535,SOL-USDT,176.6287,176.6485,1.591,3.31
2025-07-25T07:45:03.219069,XRP-USDT,3.06088,3.06105,275.98,378.0
2025-07-25T07:45:03.219712,SOL-USDT,176.6335,176.646,1.509,1.504
2025-07-25T07:45:03.219759,LTC-USDT,111.29,111.35,23.802,8.5
2025-07-25T07:45:03.317840,ETH-USDT,3615.3,3615.31,0.3988,0.0372
2025-07-25T07:45:03.318948,SOL-USDT,176.6381,176.646,1.457,1.504
2025-07-25T07:45:03.418027,BTC-USDT,115200.0,115200.01,0.679448,0.142349
2025-07-25T07:45:03.418307,ETH-USDT,3615.3,3615.31,0.4508,0.0372
2025-07-25T07:45:03.418341,XRP-USDT,3.06088,3.06089,275.98,378.0
2025-07-25T07:45:03.517644,ETH-USDT,3615.3,3615.31,0.4508,0.0592
2025-07-25T07:45:03.719148,ETH-USDT,3615.08,3615.22,2.7437,0.0369
2025-07-25T07:45:03.719212,XRP-USDT,3.06031,3.06032,163.0,378.0
2025-07-25T07:45:03.720583,SOL-USDT,176.6067,176.6409,0.169,1.484
2025-07-25T07:45:03.721066,LTC-USDT,111.29,111.34,23.802,2.97
2025-07-25T07:45:03.818363,XRP-USDT,3.06031,3.06032,163.0,439.0
2025-07-25T07:45:03.820827,SOL-USDT,176.5946,176.6408,5.13,5.707
2025-07-25T07:45:03.918862,ETH-USDT,3615.21,3615.22,0.052,0.0369
2025-07-25T07:45:03.918910,XRP-USDT,3.06031,3.06032,163.0,61.0
2025-07-25T07:45:03.920079,LTC-USDT,111.31,111.34,5.302,2.97
2025-07-25T07:45:04.019683,ETH-USDT,3615.08,3615.22,2.7059,0.0369
2025-07-25T07:45:04.019732,XRP-USDT,3.06031,3.06032,163.0,452.85
2025-07-25T07:45:04.020837,SOL-USDT,176.6317,176.6408,1.451,5.707
2025-07-25T07:45:04.118581,ETH-USDT,3615.21,3615.22,0.052,0.0369
2025-07-25T07:45:04.118775,XRP-USDT,3.06031,3.06032,163.0,74.85
2025-07-25T07:45:04.218316,XRP-USDT,3.06031,3.06032,163.0,452.85
2025-07-25T07:45:04.417978,ETH-USDT,3615.08,3615.22,2.7059,0.0369
2025-07-25T07:45:04.517875,ETH-USDT,3615.08,3615.22,2.7059,0.0589
2025-07-25T07:45:04.617120,XRP-USDT,3.06031,3.06032,163.0,74.85
2025-07-25T07:45:04.740265,XRP-USDT,3.06031,3.06032,869.61,452.85
2025-07-25T07:45:04.818002,ETH-USDT,3615.08,3615.22,1.1612,0.0589
2025-07-25T07:45:04.919535,ETH-USDT,3615.11,3615.2,3.62,2.7661
2025-07-25T07:45:04.920341,SOL-USDT,176.5775,176.6372,5.13,3.31
2025-07-25T07:45:05.018348,BTC-USDT,115200.0,115200.01,0.321909,0.142349
2025-07-25T07:45:05.018999,ETH-USDT,3615.11,3615.12,3.62,0.3988
2025-07-25T07:45:05.020033,SOL-USDT,176.5775,176.6326,5.13,3.31
2025-07-25T07:45:05.118642,SOL-USDT,176.6317,176.6326,1.462,3.31
2025-07-25T07:45:05.219659,BTC-USDT,115200.0,115200.01,0.001832,0.143935
2025-07-25T07:45:05.219712,ETH-USDT,3615.11,3615.21,3.62,2.7661
2025-07-25T07:45:05.319886,ETH-USDT,3615.11,3615.2,3.62,2.7661
2025-07-25T07:45:05.320476,XRP-USDT,3.05971,3.06002,163.0,378.0
2025-07-25T07:45:05.418276,ETH-USDT,3615.11,3615.12,3.62,0.3988
2025-07-25T07:45:05.418471,XRP-USDT,3.05995,3.06012,378.0,378.0
2025-07-25T07:45:05.518230,ETH-USDT,3615.03,3615.04,0.0389,0.3988
2025-07-25T07:45:05.518280,XRP-USDT,3.05998,3.05999,541.0,61.0
2025-07-25T07:45:05.518770,LTC-USDT,111.31,111.37,5.302,2.97
2025-07-25T07:45:05.619271,ETH-USDT,3615.09,3615.1,3.62,0.3988
2025-07-25T07:45:05.619319,XRP-USDT,3.05998,3.05999,163.0,61.0
2025-07-25T07:45:05.719174,BTC-USDT,115200.0,115200.01,0.010245,0.142349
2025-07-25T07:45:05.719231,XRP-USDT,3.05998,3.05999,863.8,61.0
2025-07-25T07:45:05.828362,BTC-USDT,115200.0,115200.01,0.159984,0.143935
2025-07-25T07:45:05.919203,BTC-USDT,115200.0,115200.01,0.159984,0.142349
2025-07-25T07:45:05.919502,ETH-USDT,3614.82,3614.83,0.0038,0.3988
2025-07-25T07:45:05.919540,XRP-USDT,3.05998,3.05999,863.8,452.85
2025-07-25T07:45:05.920361,SOL-USDT,176.6317,176.6318,1.462,3.31
2025-07-25T07:45:05.920399,LTC-USDT,111.29,111.37,21.47,2.332
2025-07-25T07:45:06.019653,BTC-USDT,115200.0,115200.01,0.001832,0.143935
2025-07-25T07:45:06.019956,ETH-USDT,3614.45,3614.76,1.5257,0.3988
2025-07-25T07:45:06.020243,XRP-USDT,3.05998,3.05999,700.8,726.0
2025-07-25T07:45:06.021250,SOL-USDT,176.5775,176.623,5.13,11.342
2025-07-25T07:45:06.021287,LTC-USDT,111.3,111.34,2.332,2.97
2025-07-25T07:45:06.118111,ETH-USDT,3614.48,3614.88,0.0111,0.0385
2025-07-25T07:45:06.118394,XRP-USDT,3.05871,3.05968,378.0,378.0
2025-07-25T07:45:06.118942,SOL-USDT,176.5775,176.6188,5.13,3.31
2025-07-25T07:45:06.119097,LTC-USDT,111.3,111.36,5.302,2.97
2025-07-25T07:45:06.218150,ETH-USDT,3614.62,3614.88,0.039,0.0385
2025-07-25T07:45:06.218467,XRP-USDT,3.05951,3.05968,163.0,378.0
2025-07-25T07:45:06.318642,BTC-USDT,115200.0,115200.01,0.010245,0.142259
2025-07-25T07:45:06.318969,ETH-USDT,3614.63,3614.86,0.0111,2.7664
2025-07-25T07:45:06.319007,XRP-USDT,3.0596,3.05968,163.0,378.0
2025-07-25T07:45:06.319355,LTC-USDT,111.3,111.32,5.302,2.97
2025-07-25T07:45:06.418739,BTC-USDT,115200.0,115200.01,0.010245,0.143845
2025-07-25T07:45:06.420606,ETH-USDT,3614.49,3614.5,1.3,0.3988
2025-07-25T07:45:06.518735,BTC-USDT,115200.0,115200.01,0.010245,0.142259
2025-07-25T07:45:06.518810,ETH-USDT,3614.55,3614.64,3.62,0.038
2025-07-25T07:45:06.518850,XRP-USDT,3.05931,3.05961,163.0,61.0
2025-07-25T07:45:06.618425,ETH-USDT,3614.57,3614.64,0.0354,0.038
2025-07-25T07:45:06.618699,XRP-USDT,3.05933,3.05961,541.0,61.0
2025-07-25T07:45:06.619321,SOL-USDT,176.6102,176.6188,1.486,3.31
2025-07-25T07:45:06.718687,XRP-USDT,3.05942,3.05948,163.0,378.0
2025-07-25T07:45:06.821667,BTC-USDT,115195.0,115201.73,0.0001,0.062659
2025-07-25T07:45:06.822055,ETH-USDT,3614.49,3614.56,0.0111,0.3988
2025-07-25T07:45:06.822285,XRP-USDT,3.05878,3.05943,163.0,61.0
2025-07-25T07:45:06.823701,SOL-USDT,176.572,176.6129,0.169,5.13
2025-07-25T07:45:06.823741,LTC-USDT,111.29,111.32,2.332,2.97
2025-07-25T07:45:06.922125,BTC-USDT,115190.0,115190.01,0.00032,0.052422
2025-07-25T07:45:06.922402,ETH-USDT,3614.49,3614.5,0.0111,0.4368
2025-07-25T07:45:06.922439,XRP-USDT,3.05879,3.05913,163.0,378.0
2025-07-25T07:45:06.925865,SOL-USDT,176.552,176.5814,3.0,1.492
2025-07-25T07:45:06.926080,LTC-USDT,111.25,111.3,2.97,1.7
2025-07-25T07:45:07.024589,BTC-USDT,115190.0,115190.01,0.00032,0.055849
2025-07-25T07:45:07.025235,ETH-USDT,3614.49,3614.5,0.0111,3.2253
2025-07-25T07:45:07.025277,XRP-USDT,3.05821,3.05886,214.0,378.0
2025-07-25T07:45:07.026225,SOL-USDT,176.5574,176.568,3.0,5.13
2025-07-25T07:45:07.026264,LTC-USDT,111.23,111.3,2.97,1.7
2025-07-25T07:45:07.120908,ETH-USDT,3614.45,3614.46,0.338,3.2019
2025-07-25T07:45:07.120947,XRP-USDT,3.05885,3.05886,279.62,592.0
2025-07-25T07:45:07.122145,SOL-USDT,176.5604,176.5683,1.508,1.476
2025-07-25T07:45:07.122185,LTC-USDT,111.24,111.29,2.97,2.97
2025-07-25T07:45:07.265559,XRP-USDT,3.05818,3.05856,163.0,378.0
2025-07-25T07:45:07.268433,SOL-USDT,176.5574,176.5683,3.0,1.476
2025-07-25T07:45:07.331819,BTC-USDT,115190.0,115190.01,0.00032,0.657203
2025-07-25T07:45:07.332480,ETH-USDT,3614.45,3614.46,0.338,0.0366
2025-07-25T07:45:07.420057,BTC-USDT,115190.0,115190.01,0.00032,0.911138
2025-07-25T07:45:07.420381,XRP-USDT,3.05837,3.05872,163.0,378.0
2025-07-25T07:45:07.519290,ETH-USDT,3614.45,3614.46,0.338,2.8031
2025-07-25T07:45:07.519331,XRP-USDT,3.05844,3.05872,163.0,378.0
2025-07-25T07:45:07.520312,SOL-USDT,176.5604,176.5683,1.484,1.476
2025-07-25T07:45:07.520352,LTC-USDT,111.25,111.29,18.5,2.97
2025-07-25T07:45:07.619712,BTC-USDT,115190.0,115190.01,0.260759,0.761399
2025-07-25T07:45:07.619933,ETH-USDT,3614.45,3614.46,0.338,0.0366
2025-07-25T07:45:07.620185,XRP-USDT,3.05871,3.05898,299.18,378.0
2025-07-25T07:45:07.621254,SOL-USDT,176.5609,176.5683,5.13,1.476
2025-07-25T07:45:07.621290,LTC-USDT,111.25,111.3,20.832,1.7
2025-07-25T07:45:07.719994,BTC-USDT,115190.0,115190.01,0.269172,0.004264
2025-07-25T07:45:07.720228,ETH-USDT,3614.56,3615.34,0.0371,3.62
2025-07-25T07:45:07.720428,XRP-USDT,3.05818,3.0593,214.0,378.0
2025-07-25T07:45:07.721929,SOL-USDT,176.5806,176.6046,1.581,0.169
2025-07-25T07:45:07.721966,LTC-USDT,111.27,111.32,5.302,2.97
2025-07-25T07:45:07.820404,BTC-USDT,115190.0,115190.01,0.00032,0.257942
2025-07-25T07:45:07.820468,ETH-USDT,3614.56,3615.54,0.0371,0.2035
2025-07-25T07:45:07.820502,XRP-USDT,3.05871,3.05931,378.0,378.0
2025-07-25T07:45:07.821233,SOL-USDT,176.5852,176.6151,1.529,3.31
2025-07-25T07:45:07.919091,XRP-USDT,3.05886,3.05909,163.0,378.0
2025-07-25T07:45:07.920308,SOL-USDT,176.5852,176.5926,1.529,1.514
2025-07-25T07:45:08.019707,ETH-USDT,3614.56,3614.57,0.0054,0.3988
2025-07-25T07:45:08.019946,XRP-USDT,3.05828,3.05895,378.0,391.85
2025-07-25T07:45:08.020731,SOL-USDT,176.5578,176.5926,5.13,1.514
2025-07-25T07:45:08.020772,LTC-USDT,111.27,111.32,23.802,2.97
2025-07-25T07:45:08.118159,ETH-USDT,3614.45,3614.67,0.338,0.0384
2025-07-25T07:45:08.118216,XRP-USDT,3.05838,3.05865,378.0,378.0
2025-07-25T07:45:08.220297,ETH-USDT,3614.46,3614.67,0.0354,0.0384
2025-07-25T07:45:08.220516,XRP-USDT,3.05852,3.05886,163.0,378.0
2025-07-25T07:45:08.221318,LTC-USDT,111.27,111.34,23.802,2.97
2025-07-25T07:45:08.319001,BTC-USDT,115190.0,115190.01,0.00032,0.457942
2025-07-25T07:45:08.319042,ETH-USDT,3614.54,3614.67,0.0354,0.0384
2025-07-25T07:45:08.319267,XRP-USDT,3.0587,3.05871,378.0,52.89
2025-07-25T07:45:08.319942,SOL-USDT,176.5834,176.5926,1.463,1.514
2025-07-25T07:45:08.419943,BTC-USDT,115190.0,115190.01,0.00032,0.609557
2025-07-25T07:45:08.419991,ETH-USDT,3614.56,3614.67,0.0354,0.0384
2025-07-25T07:45:08.420024,XRP-USDT,3.05903,3.05942,378.0,378.0
2025-07-25T07:45:08.519040,BTC-USDT,115190.0,115190.01,0.00032,0.615949
2025-07-25T07:45:08.519088,ETH-USDT,3614.58,3614.67,0.0354,0.0384
2025-07-25T07:45:08.519121,XRP-USDT,3.0593,3.05942,378.0,378.0
2025-07-25T07:45:08.520934,SOL-USDT,176.5864,176.5926,5.13,1.514
2025-07-25T07:45:08.619998,XRP-USDT,3.05936,3.05948,541.0,378.0
2025-07-25T07:45:08.718819,ETH-USDT,3614.62,3614.67,2.7059,0.0384
2025-07-25T07:45:08.719216,XRP-USDT,3.05937,3.05946,378.0,378.0
2025-07-25T07:45:08.720035,LTC-USDT,111.27,111.34,23.802,2.97
2025-07-25T07:45:08.822145,ETH-USDT,3614.88,3615.54,2.7059,0.2035
2025-07-25T07:45:08.822191,XRP-USDT,3.05954,3.05999,378.0,378.0
2025-07-25T07:45:08.825090,SOL-USDT,176.6065,176.6339,5.13,0.169
2025-07-25T07:45:08.825151,LTC-USDT,111.29,111.34,5.302,2.97
2025-07-25T07:45:08.919356,ETH-USDT,3615.53,3615.54,0.052,0.2035
2025-07-25T07:45:08.919583,XRP-USDT,3.05955,3.05978,298.22,378.0
2025-07-25T07:45:08.920071,SOL-USDT,176.6224,176.642,1.497,3.31
2025-07-25T07:45:08.920285,LTC-USDT,111.29,111.36,5.302,2.97
2025-07-25T07:45:09.018903,ETH-USDT,3615.53,3615.54,0.052,0.2398
2025-07-25T07:45:09.019176,XRP-USDT,3.05959,3.05971,163.0,378.0
2025-07-25T07:45:09.020417,SOL-USDT,176.6224,176.6332,1.497,1.488
2025-07-25T07:45:09.020571,LTC-USDT,111.29,111.36,23.802,2.97
2025-07-25T07:45:09.319002,LTC-USDT,111.29,111.38,23.802,2.97
2025-07-25T07:45:09.418845,ETH-USDT,3615.53,3615.54,0.052,3.0056
2025-07-25T07:45:09.421244,LTC-USDT,111.29,111.34,23.802,2.97
2025-07-25T07:45:09.519050,ETH-USDT,3615.53,3615.54,0.052,0.2398
2025-07-25T07:45:09.519094,XRP-USDT,3.05962,3.05976,378.0,163.0
2025-07-25T07:45:09.519384,SOL-USDT,176.6416,176.6469,1.571,1.5
2025-07-25T07:45:09.619036,LTC-USDT,111.29,111.38,23.802,2.97
2025-07-25T07:45:09.718313,XRP-USDT,3.05975,3.05976,378.0,163.0
2025-07-25T07:45:09.917759,XRP-USDT,3.05975,3.05976,378.0,176.85
2025-07-25T07:45:10.019402,ETH-USDT,3615.53,3615.54,0.0623,0.2618
2025-07-25T07:45:10.019457,XRP-USDT,3.05975,3.05976,1050.78,176.85
2025-07-25T07:45:10.119855,BTC-USDT,115190.0,115190.01,0.00032,0.2104
2025-07-25T07:45:10.121949,ETH-USDT,3615.64,3615.65,0.1847,0.0136
2025-07-25T07:45:10.222198,LTC-USDT,111.31,111.38,5.302,2.97
2025-07-25T07:45:10.318563,BTC-USDT,115190.0,115190.01,0.00032,0.615937
2025-07-25T07:45:10.318743,ETH-USDT,3615.64,3615.65,0.052,0.0136
2025-07-25T07:45:10.319343,SOL-USDT,176.6416,176.6468,1.571,18.187
2025-07-25T07:45:10.419088,ETH-USDT,3615.64,3615.65,0.052,0.0532
2025-07-25T07:45:10.419138,XRP-USDT,3.05975,3.05976,1824.99,176.85
2025-07-25T07:45:10.822128,XRP-USDT,3.05975,3.05976,2493.54,13.85
2025-07-25T07:45:11.017681,XRP-USDT,3.05975,3.05976,3255.72,13.85
2025-07-25T07:45:11.318046,ETH-USDT,3615.64,3615.65,0.1327,0.0136
2025-07-25T07:45:11.417233,XRP-USDT,3.06007,3.06039,286.35,2549.8
2025-07-25T07:45:11.521742,BTC-USDT,115190.0,115190.01,0.217066,0.462736
2025-07-25T07:45:11.521813,ETH-USDT,3615.65,3616.0,0.0354,4.2631
2025-07-25T07:45:11.521850,XRP-USDT,3.06038,3.06087,541.0,996.51
2025-07-25T07:45:11.522408,SOL-USDT,176.6417,176.6469,5.13,1.5
2025-07-25T07:45:11.624454,BTC-USDT,115190.0,115190.01,0.00032,0.464322
2025-07-25T07:45:11.624654,ETH-USDT,3616.25,3616.44,0.016,0.0077
2025-07-25T07:45:11.625308,XRP-USDT,3.0607,3.06086,378.0,163.0
2025-07-25T07:45:11.721395,ETH-USDT,3616.24,3616.44,0.0361,0.0077
2025-07-25T07:45:11.721447,XRP-USDT,3.06084,3.06087,378.0,996.51
2025-07-25T07:45:11.721959,SOL-USDT,176.6468,176.6469,6.674,1.5
2025-07-25T07:45:11.818777,XRP-USDT,3.0607,3.06087,163.0,996.51
2025-07-25T07:45:11.918894,BTC-USDT,115190.0,115190.01,0.00032,0.615937
2025-07-25T07:45:11.918950,ETH-USDT,3616.35,3616.36,0.1327,0.0378
2025-07-25T07:45:11.919145,XRP-USDT,3.06079,3.06087,378.0,996.51
2025-07-25T07:45:12.019118,ETH-USDT,3615.64,3616.36,4.0172,2.803
2025-07-25T07:45:12.019177,XRP-USDT,3.06079,3.06086,378.0,13.85
2025-07-25T07:45:12.118255,ETH-USDT,3615.67,3616.35,3.0,2.7652
2025-07-25T07:45:12.118304,XRP-USDT,3.06071,3.06077,163.0,378.0
2025-07-25T07:45:12.218068,ETH-USDT,3616.09,3616.35,0.0362,2.7652
2025-07-25T07:45:12.218370,XRP-USDT,3.06073,3.06085,541.0,378.0
2025-07-25T07:45:12.318183,ETH-USDT,3616.1,3616.36,0.0286,0.0378
2025-07-25T07:45:12.318416,XRP-USDT,3.06077,3.06084,378.0,13.85
2025-07-25T07:45:12.417719,ETH-USDT,3616.09,3616.1,0.0362,0.266
2025-07-25T07:45:12.418228,LTC-USDT,111.31,111.36,5.302,2.97
2025-07-25T07:45:12.519268,ETH-USDT,3616.09,3616.1,0.0362,2.7654
2025-07-25T07:45:12.521138,SOL-USDT,176.6468,176.6469,6.674,0.055
2025-07-25T07:45:12.620210,BTC-USDT,115190.0,115190.01,0.00032,0.2104
2025-07-25T07:45:12.620467,ETH-USDT,3616.09,3616.1,3.6552,0.3988
2025-07-25T07:45:12.620512,XRP-USDT,3.06086,3.06087,541.0,996.51
2025-07-25T07:45:12.621582,SOL-USDT,176.6956,176.7067,1.492,3.0
2025-07-25T07:45:12.621619,LTC-USDT,111.33,111.38,5.302,2.97
2025-07-25T07:45:12.718429,ETH-USDT,3616.35,3616.36,0.1327,0.0378
2025-07-25T07:45:12.718657,XRP-USDT,3.06086,3.06087,1505.97,996.51
2025-07-25T07:45:12.818364,BTC-USDT,115190.0,115190.01,0.00032,0.21030999218682245
2025-07-25T07:45:12.818413,ETH-USDT,3616.19,3616.2,0.0379,0.3988
2025-07-25T07:45:12.820154,SOL-USDT,176.7002,176.7067,1.499,3.0
2025-07-25T07:45:12.918255,BTC-USDT,115190.0,115190.01,0.00032,0.4642259921868225
2025-07-25T07:45:12.918844,LTC-USDT,111.33,111.37,5.302,0.2119
2025-07-25T07:45:13.019235,ETH-USDT,3616.35,3616.36,0.1327,0.0378
2025-07-25T07:45:13.019300,XRP-USDT,3.06086,3.06087,1505.97,13.85
2025-07-25T07:45:13.019599,LTC-USDT,111.33,111.36,5.302,2.97
2025-07-25T07:45:13.219237,XRP-USDT,3.06106,3.06111,719.76,275.06
2025-07-25T07:45:13.219546,LTC-USDT,111.32,111.36,18.5,2.97
2025-07-25T07:45:13.317700,XRP-USDT,3.06101,3.0613,378.0,378.0
2025-07-25T07:45:13.318368,LTC-USDT,111.31,111.36,23.802,2.97
2025-07-25T07:45:13.417660,BTC-USDT,115190.0,115190.01,0.00032,0.21030999218682245
2025-07-25T07:45:13.618392,BTC-USDT,115190.0,115190.01,0.00032,0.4642219921868225
2025-07-25T07:45:13.618748,ETH-USDT,3616.35,3616.74,0.1327,0.1258
2025-07-25T07:45:13.618816,XRP-USDT,3.06101,3.06136,378.0,163.0
2025-07-25T07:45:13.619925,SOL-USDT,176.7011,176.7067,5.13,3.0
2025-07-25T07:45:13.620131,LTC-USDT,111.31,111.34,2.97,2.97
2025-07-25T07:45:13.718642,ETH-USDT,3616.73,3616.74,0.1327,0.1258
2025-07-25T07:45:13.718902,XRP-USDT,3.06101,3.06127,378.0,287.33
2025-07-25T07:45:13.818388,BTC-USDT,115190.0,115190.01,0.00032,0.6158369921868224
2025-07-25T07:45:13.818736,ETH-USDT,3616.5,3616.51,0.0372,0.3988
2025-07-25T07:45:13.818806,XRP-USDT,3.06101,3.06126,378.0,163.0
2025-07-25T07:45:13.821232,LTC-USDT,111.31,111.36,5.302,2.97
2025-07-25T07:45:13.918747,BTC-USDT,115190.0,115190.01,0.00032,0.4642219921868225
2025-07-25T07:45:13.919270,ETH-USDT,3616.71,3616.74,0.3988,0.1258
2025-07-25T07:45:14.018357,BTC-USDT,115190.0,115190.01,0.00032,0.21030999218682245
2025-07-25T07:45:14.018946,ETH-USDT,3616.73,3616.74,0.3988,0.1258
2025-07-25T07:45:14.019113,XRP-USDT,3.06125,3.06126,378.0,163.0
2025-07-25T07:45:14.119916,BTC-USDT,115190.0,115190.01,0.00032,0.46421899218682244
2025-07-25T07:45:14.119966,ETH-USDT,3616.73,3616.74,0.4264,0.1258
2025-07-25T07:45:14.221196,XRP-USDT,3.06125,3.06126,1161.83,163.0
2025-07-25T07:45:14.222079,SOL-USDT,176.7066,176.7067,1.449,3.0
2025-07-25T07:45:14.319525,ETH-USDT,3616.73,3616.74,0.0276,0.1258
2025-07-25T07:45:14.319577,XRP-USDT,3.06136,3.06154,378.0,378.0
2025-07-25T07:45:14.418031,XRP-USDT,3.06125,3.06126,783.83,273.24
2025-07-25T07:45:14.418382,LTC-USDT,111.27,111.34,5.302,2.97
2025-07-25T07:45:14.517652,LTC-USDT,111.27,111.32,5.302,2.97
2025-07-25T07:45:14.619475,BTC-USDT,115190.0,115190.01,0.00032,0.21030999218682245
2025-07-25T07:45:14.619755,ETH-USDT,3616.73,3616.74,0.0796,0.1258
2025-07-25T07:45:14.719626,ETH-USDT,3617.02,3618.02,0.0366,0.0138
2025-07-25T07:45:14.719868,XRP-USDT,3.06134,3.0615,378.0,13.85
2025-07-25T07:45:14.721063,SOL-USDT,176.7066,176.7067,6.579,3.0
2025-07-25T07:45:14.818810,ETH-USDT,3616.92,3618.28,0.0286,0.0024
2025-07-25T07:45:14.818858,XRP-USDT,3.06134,3.06154,378.0,163.0
2025-07-25T07:45:14.819596,SOL-USDT,176.7066,176.7067,14.242,3.0
2025-07-25T07:45:14.819636,LTC-USDT,111.28,111.32,5.302,2.97
2025-07-25T07:45:14.918918,ETH-USDT,3616.92,3618.53,0.0286,0.0024
2025-07-25T07:45:14.919108,XRP-USDT,3.06134,3.06136,378.0,281.61
2025-07-25T07:45:14.920122,LTC-USDT,111.28,111.32,5.302,2.97
2025-07-25T07:45:15.020306,ETH-USDT,3617.27,3618.23,0.0391,1.9166
2025-07-25T07:45:15.122564,ETH-USDT,3617.4,3618.22,0.0383,1.2376
2025-07-25T07:45:15.122621,XRP-USDT,3.06134,3.06161,378.0,163.0
2025-07-25T07:45:15.123540,SOL-USDT,176.7387,176.7471,1.459,1.51
2025-07-25T07:45:15.218423,ETH-USDT,3617.49,3618.52,0.0364,1.2376
2025-07-25T07:45:15.218591,XRP-USDT,3.06138,3.06159,378.0,378.0
2025-07-25T07:45:15.220251,SOL-USDT,176.7296,176.7752,5.13,10.721
2025-07-25T07:45:15.220461,LTC-USDT,111.26,111.32,23.802,2.97
2025-07-25T07:45:15.318553,ETH-USDT,3617.71,3617.72,0.3988,0.0385
2025-07-25T07:45:15.318607,XRP-USDT,3.06134,3.06152,541.0,378.0
2025-07-25T07:45:15.319440,SOL-USDT,176.7034,176.7584,5.13,3.31
2025-07-25T07:45:15.319598,LTC-USDT,111.24,111.31,2.97,2.97
2025-07-25T07:45:15.419662,ETH-USDT,3617.49,3617.72,0.0364,2.8026
2025-07-25T07:45:15.419712,XRP-USDT,3.06134,3.06151,163.0,13.85
2025-07-25T07:45:15.421487,SOL-USDT,176.7034,176.7535,5.13,3.31
2025-07-25T07:45:15.421883,LTC-USDT,111.25,111.31,5.302,2.97
2025-07-25T07:45:15.518082,XRP-USDT,3.06146,3.06151,378.0,13.85
2025-07-25T07:45:15.618153,XRP-USDT,3.06151,3.06167,378.0,378.0
2025-07-25T07:45:15.618576,SOL-USDT,176.7379,176.7471,1.573,1.573
2025-07-25T07:45:15.718062,ETH-USDT,3617.71,3617.72,0.3988,0.0385
2025-07-25T07:45:15.718112,XRP-USDT,3.0615,3.06169,284.69,163.0
2025-07-25T07:45:15.718616,SOL-USDT,176.7444,176.7535,1.59,3.31
2025-07-25T07:45:15.718664,LTC-USDT,111.27,111.35,5.302,2.332
2025-07-25T07:45:15.819163,ETH-USDT,3617.71,3618.3,0.3988,2.7639
2025-07-25T07:45:15.819202,XRP-USDT,3.06177,3.06197,378.0,378.0
2025-07-25T07:45:15.820757,SOL-USDT,176.7488,176.7707,1.574,3.31
2025-07-25T07:45:15.820812,LTC-USDT,111.29,111.35,5.302,0.2119
2025-07-25T07:45:15.919086,ETH-USDT,3617.43,3618.79,0.0045,2.7637
2025-07-25T07:45:15.919140,XRP-USDT,3.06168,3.06197,272.19,378.0
2025-07-25T07:45:15.920837,SOL-USDT,176.7488,176.7635,1.574,5.13
2025-07-25T07:45:15.921049,LTC-USDT,111.29,111.34,23.802,2.97
2025-07-25T07:45:16.019255,ETH-USDT,3617.81,3618.0,0.0387,2.7637
2025-07-25T07:45:16.019500,XRP-USDT,3.06168,3.06197,272.19,378.0
2025-07-25T07:45:16.021010,SOL-USDT,176.7488,176.7536,1.574,1.561
2025-07-25T07:45:16.117759,XRP-USDT,3.06168,3.06169,272.19,378.0
2025-07-25T07:45:16.118761,LTC-USDT,111.3,111.31,4.67,1.588
2025-07-25T07:45:16.217546,BTC-USDT,115190.0,115190.01,0.008733,0.20872399218682244
2025-07-25T07:45:16.217835,XRP-USDT,3.06168,3.06181,435.19,378.0
2025-07-25T07:45:16.318103,ETH-USDT,3617.99,3618.0,0.0624,2.7637
2025-07-25T07:45:16.319032,XRP-USDT,3.06169,3.06181,378.0,378.0
2025-07-25T07:45:16.418537,LTC-USDT,111.3,111.31,9.5828,0.062
2025-07-25T07:45:16.517852,BTC-USDT,115190.0,115190.01,0.627244,0.20872399218682244
2025-07-25T07:45:16.518133,XRP-USDT,3.06168,3.06224,272.19,214.0
2025-07-25T07:45:16.619422,BTC-USDT,115190.0,115190.01,0.630733,0.008180992190555415
2025-07-25T07:45:16.619471,XRP-USDT,3.06195,3.06214,378.0,378.0
2025-07-25T07:45:16.717852,XRP-USDT,3.06195,3.06222,378.0,378.0
2025-07-25T07:45:16.817838,XRP-USDT,3.06173,3.06222,378.0,378.0
2025-07-25T07:45:16.919986,XRP-USDT,3.0619,3.06192,285.35,378.0
2025-07-25T07:45:16.920979,SOL-USDT,176.6982,176.7191,5.13,1.493
2025-07-25T07:45:17.018419,XRP-USDT,3.0619,3.06191,285.35,391.85
2025-07-25T07:45:17.219190,XRP-USDT,3.0619,3.06191,663.35,13.85
2025-07-25T07:45:17.222867,SOL-USDT,176.7403,176.7816,1.586,3.31
2025-07-25T07:45:17.223125,LTC-USDT,111.3,111.36,9.5828,2.97
2025-07-25T07:45:17.318456,XRP-USDT,3.0619,3.06191,448.35,13.85
2025-07-25T07:45:17.319453,SOL-USDT,176.7403,176.7738,1.586,3.31
2025-07-25T07:45:17.320033,LTC-USDT,111.31,111.36,5.302,2.97
2025-07-25T07:45:17.421740,XRP-USDT,3.06193,3.06214,378.0,378.0
2025-07-25T07:45:17.422634,SOL-USDT,176.7403,176.7637,1.586,3.31
2025-07-25T07:45:17.518314,XRP-USDT,3.06193,3.06214,378.0,378.0
2025-07-25T07:45:17.519006,SOL-USDT,176.7403,176.7515,1.586,1.53
2025-07-25T07:45:17.617475,XRP-USDT,3.062,3.06214,378.0,378.0
2025-07-25T07:45:17.717149,XRP-USDT,3.062,3.06223,378.0,163.0
2025-07-25T07:45:17.817436,XRP-USDT,3.06229,3.06254,163.0,378.0
2025-07-25T07:45:17.917096,XRP-USDT,3.06242,3.06254,163.0,378.0
2025-07-25T07:45:18.118249,XRP-USDT,3.06256,3.06268,378.0,163.0
2025-07-25T07:45:18.218023,XRP-USDT,3.06244,3.06267,378.0,378.0
2025-07-25T07:45:18.219001,LTC-USDT,111.31,111.34,5.302,2.97
2025-07-25T07:45:18.317482,XRP-USDT,3.0625,3.06282,378.0,2548.9
2025-07-25T07:45:18.318213,LTC-USDT,111.32,111.38,5.05,5.302
2025-07-25T07:45:18.419325,XRP-USDT,3.06282,3.063,378.0,378.0
2025-07-25T07:45:18.420534,SOL-USDT,176.7412,176.7515,5.13,1.53
2025-07-25T07:45:18.420574,LTC-USDT,111.32,111.37,2.97,2.97
2025-07-25T07:45:18.518938,XRP-USDT,3.06282,3.06311,378.0,378.0
2025-07-25T07:45:18.520494,SOL-USDT,176.7449,176.7813,5.13,0.169
2025-07-25T07:45:18.622123,BTC-USDT,115194.41,115194.42,0.690688,0.002886
2025-07-25T07:45:18.622172,ETH-USDT,3618.0,3618.76,0.4508,1.2376
2025-07-25T07:45:18.622206,XRP-USDT,3.06257,3.06326,214.0,378.0
2025-07-25T07:45:18.623529,SOL-USDT,176.7562,176.7813,5.13,0.169
2025-07-25T07:45:18.721215,ETH-USDT,3618.08,3618.95,0.0365,1.2376
2025-07-25T07:45:18.721263,XRP-USDT,3.06304,3.06342,163.0,378.0
2025-07-25T07:45:18.722663,SOL-USDT,176.7667,176.7813,5.13,0.169
2025-07-25T07:45:18.722700,LTC-USDT,111.34,111.37,2.97,2.97
2025-07-25T07:45:18.820007,BTC-USDT,115194.41,115194.42,0.689088,0.002886
2025-07-25T07:45:18.821461,ETH-USDT,3618.08,3618.96,0.0365,0.0068
2025-07-25T07:45:18.821498,XRP-USDT,3.0633,3.06342,163.0,378.0
2025-07-25T07:45:18.822363,SOL-USDT,176.7812,176.7864,5.13,1.591
2025-07-25T07:45:18.822408,LTC-USDT,111.35,111.37,5.302,2.97
2025-07-25T07:45:18.920622,BTC-USDT,115194.41,115194.42,0.690688,0.002886
2025-07-25T07:45:18.920926,ETH-USDT,3618.28,3618.29,0.4508,2.8035
2025-07-25T07:45:18.923468,SOL-USDT,176.7863,176.7864,1.596,1.591
2025-07-25T07:45:19.019186,ETH-USDT,3618.28,3618.29,0.052,2.8035
2025-07-25T07:45:19.019235,XRP-USDT,3.0633,3.06342,163.0,378.0
2025-07-25T07:45:19.019763,SOL-USDT,176.7498,176.7864,5.13,1.591
2025-07-25T07:45:19.019834,LTC-USDT,111.34,111.37,5.302,2.97
2025-07-25T07:45:19.118300,XRP-USDT,3.0633,3.06331,163.0,378.0
2025-07-25T07:45:19.218260,BTC-USDT,115194.41,115194.42,0.689648,0.002886
2025-07-25T07:45:19.218311,ETH-USDT,3618.28,3618.29,0.0796,2.8035
2025-07-25T07:45:19.218476,XRP-USDT,3.0633,3.06342,541.0,378.0
2025-07-25T07:45:19.318177,ETH-USDT,3618.28,3619.05,0.052,2.7634
2025-07-25T07:45:19.318225,XRP-USDT,3.0633,3.06342,163.0,378.0
2025-07-25T07:45:19.319010,SOL-USDT,176.7844,176.7864,1.567,1.591
2025-07-25T07:45:19.319050,LTC-USDT,111.34,111.37,7.002,2.97
2025-07-25T07:45:19.418493,ETH-USDT,3618.34,3619.03,0.0363,2.7634
2025-07-25T07:45:19.418697,XRP-USDT,3.0633,3.06342,541.0,378.0
2025-07-25T07:45:19.517970,ETH-USDT,3618.34,3619.01,0.0363,2.7634
2025-07-25T07:45:19.518018,XRP-USDT,3.06336,3.06351,163.0,378.0
2025-07-25T07:45:19.518376,LTC-USDT,111.34,111.38,7.002,2.97
2025-07-25T07:45:19.617990,ETH-USDT,3618.54,3618.55,0.4508,2.8013
2025-07-25T07:45:19.718837,ETH-USDT,3618.54,3618.55,0.052,2.8013
2025-07-25T07:45:19.720775,SOL-USDT,176.7498,176.7864,5.13,1.591
2025-07-25T07:45:19.821328,ETH-USDT,3618.54,3618.55,0.0445,4.828
2025-07-25T07:45:19.823129,XRP-USDT,3.0632,3.06334,298.88,214.0
