timestamp,symbol,bid,ask,bid_vol,ask_vol
2025-07-25T07:28:32.751216,BTC-USDT,115597.46,115597.47,0.480004,0.008649
2025-07-25T07:28:32.751258,ETH-USDT,3641.84,3641.85,0.2289,0.0043
2025-07-25T07:28:32.751289,SOL-USDT,177.6109,177.611,1.582,3.0
2025-07-25T07:28:32.751324,ETH-USDT,3641.61,3641.62,2.9749,0.0377
2025-07-25T07:28:32.751353,LTC-USDT,111.68,111.71,2.97,1.7
2025-07-25T07:28:32.751411,ETH-USDT,3640.76,3641.4,0.5466,0.2659
2025-07-25T07:28:32.751448,SOL-USDT,177.5109,177.6031,1.408,1.455
2025-07-25T07:28:32.751477,LTC-USDT,111.66,111.69,18.5,2.97
2025-07-25T07:28:32.770957,XRP-USDT,3.08314,3.08361,378.0,674.88
2025-07-25T07:28:32.837035,ETH-USDT,3640.81,3641.4,2.7464,0.2659
2025-07-25T07:28:32.837299,XRP-USDT,3.08346,3.0836,378.0,540.0
2025-07-25T07:28:32.839433,SOL-USDT,177.5512,177.6031,5.13,1.455
2025-07-25T07:28:32.839629,LTC-USDT,111.65,111.68,2.97,2.97
2025-07-25T07:28:32.937303,BTC-USDT,115597.46,115597.47,0.007816,0.008649
2025-07-25T07:28:32.937611,ETH-USDT,3640.41,3641.4,0.5466,0.2659
2025-07-25T07:28:32.937875,XRP-USDT,3.08315,3.08359,33.0,616.0
2025-07-25T07:28:32.943520,SOL-USDT,177.5158,177.5942,3.68,1.511
2025-07-25T07:28:33.035580,BTC-USDT,115597.46,115597.47,0.007816,0.00855899802244807
2025-07-25T07:28:33.036426,ETH-USDT,3641.11,3641.12,0.0386,0.3051
2025-07-25T07:28:33.036465,XRP-USDT,3.08315,3.08334,33.0,673.05
2025-07-25T07:28:33.037467,SOL-USDT,177.5331,177.5761,5.13,1.53
2025-07-25T07:28:33.135191,ETH-USDT,3641.11,3641.12,2.785,0.3027
2025-07-25T07:28:33.135229,XRP-USDT,3.08315,3.08331,33.0,616.0
2025-07-25T07:28:33.235458,XRP-USDT,3.08315,3.08323,33.0,281.31
2025-07-25T07:28:33.237060,SOL-USDT,177.5709,177.5761,1.489,1.53
2025-07-25T07:28:33.337759,ETH-USDT,3641.35,3641.36,2.9752,0.0382
2025-07-25T07:28:33.337840,XRP-USDT,3.08332,3.08333,378.0,489.16
2025-07-25T07:28:33.340038,LTC-USDT,111.65,111.68,2.97,2.97
2025-07-25T07:28:33.438349,BTC-USDT,115597.46,115597.47,0.156793,0.00855899802244807
2025-07-25T07:28:33.438671,ETH-USDT,3641.35,3641.36,2.7463,0.0382
2025-07-25T07:28:33.438933,XRP-USDT,3.08346,3.0839,284.89,540.0
2025-07-25T07:28:33.441451,SOL-USDT,177.5709,177.6189,1.489,3.68
2025-07-25T07:28:33.441913,LTC-USDT,111.65,111.69,2.97,2.97
2025-07-25T07:28:33.536720,ETH-USDT,3641.39,3641.4,2.9751,0.0045
2025-07-25T07:28:33.537009,XRP-USDT,3.08268,3.0839,2.97,540.0
2025-07-25T07:28:33.540100,SOL-USDT,177.5709,177.6189,1.489,8.81
2025-07-25T07:28:33.636098,ETH-USDT,3641.39,3641.4,2.7462,0.3027
2025-07-25T07:28:33.636336,XRP-USDT,3.08346,3.08384,378.0,540.0
2025-07-25T07:28:33.638251,SOL-USDT,177.5709,177.5813,1.489,1.538
2025-07-25T07:28:33.638302,LTC-USDT,111.65,111.69,2.97,2.97
2025-07-25T07:28:33.735463,XRP-USDT,3.08334,3.08367,378.0,540.0
2025-07-25T07:28:33.835293,ETH-USDT,3641.54,3641.55,2.975,0.038
2025-07-25T07:28:33.835576,XRP-USDT,3.08341,3.08364,378.0,13.85
2025-07-25T07:28:33.935624,XRP-USDT,3.08343,3.08362,291.31,391.85
2025-07-25T07:28:33.937979,LTC-USDT,111.65,111.69,2.97,2.97
2025-07-25T07:28:34.035552,ETH-USDT,3641.54,3641.85,2.7461,0.0043
2025-07-25T07:28:34.035716,XRP-USDT,3.08349,3.08361,378.0,162.0
2025-07-25T07:28:34.138090,ETH-USDT,3641.54,3641.55,2.7461,0.3027
2025-07-25T07:28:34.138306,XRP-USDT,3.08343,3.08361,291.31,540.0
2025-07-25T07:28:34.139612,LTC-USDT,111.65,111.69,2.97,2.97
2025-07-25T07:28:34.237917,ETH-USDT,3641.54,3641.55,2.7461,2.24
2025-07-25T07:28:34.237970,XRP-USDT,3.08348,3.08361,378.0,162.0
2025-07-25T07:28:34.335496,XRP-USDT,3.08343,3.08361,291.31,540.0
2025-07-25T07:28:34.336696,LTC-USDT,111.65,111.69,2.97,2.97
2025-07-25T07:28:34.436282,XRP-USDT,3.08344,3.08361,378.0,540.0
2025-07-25T07:28:34.439761,LTC-USDT,111.65,111.67,2.97,2.97
2025-07-25T07:28:34.537914,LTC-USDT,111.65,111.69,2.97,2.97
2025-07-25T07:28:34.637159,XRP-USDT,3.08344,3.08361,378.0,162.0
2025-07-25T07:28:34.737751,BTC-USDT,115597.46,115597.47,0.554052,0.00855899802244807
2025-07-25T07:28:34.737842,XRP-USDT,3.08304,3.08361,238.0,540.0
2025-07-25T07:28:34.738771,LTC-USDT,111.65,111.69,2.97,2.97
2025-07-25T07:28:34.843168,LTC-USDT,111.64,111.69,18.5,2.97
2025-07-25T07:28:34.936559,XRP-USDT,3.08331,3.08361,378.0,540.0
2025-07-25T07:28:34.937500,LTC-USDT,111.64,111.67,18.5,2.97
2025-07-25T07:28:35.035585,XRP-USDT,3.08333,3.08358,378.0,665.19
2025-07-25T07:28:35.037126,LTC-USDT,111.64,111.67,18.5,2.97
2025-07-25T07:28:35.237187,LTC-USDT,111.64,111.67,18.5,2.97
2025-07-25T07:28:35.336457,XRP-USDT,3.08301,3.08356,378.0,791.85
2025-07-25T07:28:35.436537,LTC-USDT,111.63,111.67,21.47,2.97
2025-07-25T07:28:35.536120,XRP-USDT,3.08318,3.08337,378.0,792.31
2025-07-25T07:28:35.537326,LTC-USDT,111.61,111.65,2.97,2.97
2025-07-25T07:28:35.638476,ETH-USDT,3640.6,3641.32,1.3363,0.3027
2025-07-25T07:28:35.639261,XRP-USDT,3.08324,3.08337,378.0,792.31
2025-07-25T07:28:35.642180,LTC-USDT,111.62,111.65,2.97,2.97
2025-07-25T07:28:35.738309,ETH-USDT,3640.63,3641.32,2.7465,0.3027
2025-07-25T07:28:35.738354,XRP-USDT,3.08323,3.08337,33.0,792.31
2025-07-25T07:28:35.740744,SOL-USDT,177.5285,177.5696,5.527,1.536
2025-07-25T07:28:35.836523,ETH-USDT,3640.68,3641.32,2.7465,0.3027
2025-07-25T07:28:35.836572,XRP-USDT,3.08328,3.08336,378.0,162.0
2025-07-25T07:28:35.838743,SOL-USDT,177.529,177.5696,5.13,1.536
2025-07-25T07:28:35.838794,LTC-USDT,111.62,111.65,2.97,2.97
2025-07-25T07:28:35.935379,BTC-USDT,115597.46,115597.47,0.552452,0.00855899802244807
2025-07-25T07:28:35.936861,ETH-USDT,3641.28,3641.29,2.7464,0.2659
2025-07-25T07:28:35.936897,XRP-USDT,3.08328,3.08335,378.0,13.85
2025-07-25T07:28:36.035588,ETH-USDT,3641.28,3641.55,2.7464,2.2778
2025-07-25T07:28:36.035990,XRP-USDT,3.08328,3.08334,378.0,414.31
2025-07-25T07:28:36.038008,SOL-USDT,177.5616,177.5696,1.58,1.536
2025-07-25T07:28:36.135134,ETH-USDT,3641.28,3641.29,2.7464,0.3027
2025-07-25T07:28:36.135402,XRP-USDT,3.08328,3.08333,378.0,162.0
2025-07-25T07:28:36.136966,LTC-USDT,111.63,111.65,4.9147,2.97
2025-07-25T07:28:36.237946,LTC-USDT,111.62,111.65,2.97,2.97
2025-07-25T07:28:36.336389,ETH-USDT,3641.28,3641.55,2.7464,0.0378
2025-07-25T07:28:36.336619,XRP-USDT,3.08328,3.08331,378.0,162.0
2025-07-25T07:28:36.435426,ETH-USDT,3641.28,3641.29,2.7464,0.3027
2025-07-25T07:28:36.535933,ETH-USDT,3641.28,3641.55,2.7464,2.2778
2025-07-25T07:28:36.635599,ETH-USDT,3641.28,3641.29,2.7464,0.3027
2025-07-25T07:28:36.635879,XRP-USDT,3.08342,3.08461,378.0,616.0
2025-07-25T07:28:36.735765,XRP-USDT,3.08331,3.08343,378.0,590.16
2025-07-25T07:28:36.738331,LTC-USDT,111.63,111.65,2.97,2.97
2025-07-25T07:28:36.836221,XRP-USDT,3.08331,3.08332,378.0,61.0
2025-07-25T07:28:36.941303,LTC-USDT,111.63,111.65,2.97,2.97
2025-07-25T07:28:37.038357,LTC-USDT,111.63,111.68,2.97,2.97
2025-07-25T07:28:37.135656,ETH-USDT,3641.28,3641.29,2.7464,0.2659
2025-07-25T07:28:37.136039,XRP-USDT,3.08329,3.08332,378.0,61.0
2025-07-25T07:28:37.137521,LTC-USDT,111.66,111.7,2.97,2.97
2025-07-25T07:28:37.236061,XRP-USDT,3.08329,3.0833,378.0,61.0
2025-07-25T07:28:37.336774,LTC-USDT,111.65,111.7,18.5,2.97
2025-07-25T07:28:37.435879,ETH-USDT,3641.28,3641.29,2.7464,0.3027
2025-07-25T07:28:37.437356,LTC-USDT,111.66,111.7,2.97,2.97
2025-07-25T07:28:37.536057,LTC-USDT,111.66,111.7,2.97,2.97
2025-07-25T07:28:37.635271,ETH-USDT,3641.28,3641.55,2.7464,2.2778
2025-07-25T07:28:37.635983,XRP-USDT,3.08329,3.0833,1161.21,61.0
2025-07-25T07:28:37.637025,LTC-USDT,111.66,111.7,2.97,2.97
2025-07-25T07:28:37.735697,XRP-USDT,3.08329,3.0833,1399.21,61.0
2025-07-25T07:28:37.836315,ETH-USDT,3641.28,3641.29,2.7464,0.3027
2025-07-25T07:28:37.836641,XRP-USDT,3.08375,3.08455,285.5,616.0
2025-07-25T07:28:37.838188,SOL-USDT,177.5618,177.5696,5.13,1.536
2025-07-25T07:28:37.936567,ETH-USDT,3641.28,3641.55,2.7464,2.2778
2025-07-25T07:28:37.936620,XRP-USDT,3.0838,3.08442,378.0,162.0
2025-07-25T07:28:38.038633,ETH-USDT,3641.3,3641.55,2.7461,2.2778
2025-07-25T07:28:38.039053,XRP-USDT,3.0838,3.08438,378.0,540.0
2025-07-25T07:28:38.040054,LTC-USDT,111.68,111.7,5.1577,2.97
2025-07-25T07:28:38.136441,XRP-USDT,3.08375,3.08398,285.5,954.31
2025-07-25T07:28:38.139339,LTC-USDT,111.66,111.7,2.97,2.97
2025-07-25T07:28:38.235378,ETH-USDT,3641.3,3641.31,2.7461,0.3027
2025-07-25T07:28:38.235432,XRP-USDT,3.08362,3.08394,378.0,162.0
2025-07-25T07:28:38.335043,ETH-USDT,3641.3,3641.55,2.7461,0.0378
2025-07-25T07:28:38.335282,XRP-USDT,3.08362,3.08392,378.0,162.0
2025-07-25T07:28:38.435291,XRP-USDT,3.08362,3.08392,378.0,540.0
2025-07-25T07:28:38.437736,LTC-USDT,111.66,111.7,2.97,2.97
2025-07-25T07:28:38.535674,ETH-USDT,3641.3,3641.55,2.7461,2.2778
2025-07-25T07:28:38.535900,XRP-USDT,3.08362,3.08388,378.0,162.0
2025-07-25T07:28:38.638446,ETH-USDT,3641.3,3641.31,2.7461,0.3027
2025-07-25T07:28:38.638757,XRP-USDT,3.08364,3.08386,238.0,162.0
2025-07-25T07:28:38.640465,SOL-USDT,177.57,177.6287,5.13,3.68
2025-07-25T07:28:38.640503,LTC-USDT,111.67,111.7,2.97,2.97
2025-07-25T07:28:38.735809,XRP-USDT,3.08375,3.08386,378.0,162.0
2025-07-25T07:28:38.737921,SOL-USDT,177.5444,177.6287,5.13,8.81
2025-07-25T07:28:38.836655,SOL-USDT,177.5545,177.6287,5.13,8.81
2025-07-25T07:28:38.936442,XRP-USDT,3.08385,3.08386,378.0,162.0
2025-07-25T07:28:38.938717,SOL-USDT,177.5798,177.5889,1.467,1.576
2025-07-25T07:28:38.938766,LTC-USDT,111.67,111.7,2.97,2.97
2025-07-25T07:28:39.235495,ETH-USDT,3641.3,3641.55,2.7461,2.2778
2025-07-25T07:28:39.239114,LTC-USDT,111.67,111.73,2.97,2.97
2025-07-25T07:28:39.335834,XRP-USDT,3.0838,3.08386,725.41,162.0
2025-07-25T07:28:39.337460,LTC-USDT,111.67,111.7,2.97,2.97
2025-07-25T07:28:39.434949,XRP-USDT,3.08381,3.08386,378.0,162.0
2025-07-25T07:28:39.535608,ETH-USDT,3641.3,3641.31,2.7461,0.3027
2025-07-25T07:28:39.634952,ETH-USDT,3641.3,3641.55,2.7461,2.2778
2025-07-25T07:28:39.636394,LTC-USDT,111.67,111.7,2.97,2.97
2025-07-25T07:28:39.735560,BTC-USDT,115597.46,115597.47,0.467165,0.00855899802244807
2025-07-25T07:28:39.736301,ETH-USDT,3641.3,3641.31,2.7461,0.3027
2025-07-25T07:28:39.736574,XRP-USDT,3.0838,3.08386,725.41,540.0
2025-07-25T07:28:39.835529,BTC-USDT,115597.46,115597.47,0.006216,0.00855899802244807
2025-07-25T07:28:39.835771,XRP-USDT,3.0838,3.08381,725.41,651.57
2025-07-25T07:28:39.837450,SOL-USDT,177.5343,177.5841,5.13,1.521
2025-07-25T07:28:39.837605,LTC-USDT,111.66,111.7,2.97,2.97
2025-07-25T07:28:39.935765,XRP-USDT,3.0838,3.08381,725.41,813.57
2025-07-25T07:28:39.938178,SOL-USDT,177.5413,177.5841,3.68,1.521
2025-07-25T07:28:40.036580,XRP-USDT,3.0838,3.08381,725.41,1241.73
2025-07-25T07:28:40.038013,SOL-USDT,177.5414,177.5841,5.13,1.521
2025-07-25T07:28:40.038189,LTC-USDT,111.66,111.7,2.97,2.97
2025-07-25T07:28:40.135272,BTC-USDT,115604.99,115605.0,0.062959,0.302416
2025-07-25T07:28:40.135677,ETH-USDT,3641.3,3641.55,2.7461,2.2778
2025-07-25T07:28:40.137198,SOL-USDT,177.5439,177.5841,5.13,1.521
2025-07-25T07:28:40.137351,LTC-USDT,111.67,111.7,1.7,2.97
2025-07-25T07:28:40.235334,BTC-USDT,115604.99,115605.0,0.012959,0.05011
2025-07-25T07:28:40.236335,ETH-USDT,3641.3,3641.31,2.7461,0.3027
2025-07-25T07:28:40.349155,BTC-USDT,115604.99,115605.0,0.272463,0.05011
2025-07-25T07:28:40.349459,XRP-USDT,3.0838,3.08381,725.41,806.16
2025-07-25T07:28:40.352255,SOL-USDT,177.5522,177.5841,5.13,1.521
2025-07-25T07:28:40.352312,LTC-USDT,111.67,111.7,4.67,2.97
2025-07-25T07:28:40.438120,SOL-USDT,177.5771,177.5841,1.557,1.521
2025-07-25T07:28:40.537498,LTC-USDT,111.67,111.7,4.67,2.97
2025-07-25T07:28:40.637390,BTC-USDT,115604.99,115605.0,0.27372,0.05011
2025-07-25T07:28:40.637449,ETH-USDT,3641.3,3641.55,2.7461,0.0378
2025-07-25T07:28:40.735308,ETH-USDT,3641.54,3641.55,2.975,0.0378
2025-07-25T07:28:40.937502,ETH-USDT,3641.54,3641.55,2.7461,2.2778
2025-07-25T07:28:40.937561,XRP-USDT,3.08382,3.08432,378.0,540.0
2025-07-25T07:28:41.037609,SOL-USDT,177.5771,177.6287,1.557,8.81
2025-07-25T07:28:41.037674,LTC-USDT,111.66,111.7,2.97,2.97
2025-07-25T07:28:41.135081,XRP-USDT,3.0838,3.0843,725.41,540.0
2025-07-25T07:28:41.236080,XRP-USDT,3.08381,3.08405,378.0,968.16
2025-07-25T07:28:41.237367,SOL-USDT,177.5771,177.5876,1.557,1.586
2025-07-25T07:28:41.336772,XRP-USDT,3.08381,3.08405,378.0,590.16
2025-07-25T07:28:41.340061,SOL-USDT,177.5864,177.6287,1.499,8.81
2025-07-25T07:28:41.340845,LTC-USDT,111.67,111.7,2.97,2.97
2025-07-25T07:28:41.436357,XRP-USDT,3.08404,3.08405,378.0,590.16
2025-07-25T07:28:41.536644,XRP-USDT,3.08381,3.08405,276.46,590.16
2025-07-25T07:28:41.540570,LTC-USDT,111.67,111.7,2.97,2.97
2025-07-25T07:28:41.636096,ETH-USDT,3641.54,3641.55,2.9749,2.2778
2025-07-25T07:28:41.636273,XRP-USDT,3.08384,3.08405,378.0,590.16
2025-07-25T07:28:41.637576,SOL-USDT,177.5864,177.5966,1.499,1.441
2025-07-25T07:28:41.637621,LTC-USDT,111.66,111.7,2.97,2.97
2025-07-25T07:28:41.735463,ETH-USDT,3641.54,3641.55,2.746,2.2778
2025-07-25T07:28:41.735989,XRP-USDT,3.08404,3.08405,378.0,162.0
2025-07-25T07:28:41.835529,XRP-USDT,3.08404,3.08466,378.0,540.0
2025-07-25T07:28:41.936411,XRP-USDT,3.08404,3.08448,378.0,540.0
2025-07-25T07:28:41.937869,LTC-USDT,111.66,111.7,2.97,2.97
2025-07-25T07:28:42.035559,XRP-USDT,3.08404,3.08442,378.0,540.0
2025-07-25T07:28:42.136121,ETH-USDT,3641.36,3641.55,0.0395,2.2778
2025-07-25T07:28:42.136171,XRP-USDT,3.08404,3.08436,378.0,540.0
2025-07-25T07:28:42.137867,LTC-USDT,111.66,111.7,2.97,2.97
2025-07-25T07:28:42.235642,ETH-USDT,3641.36,3641.55,2.7857,2.2778
2025-07-25T07:28:42.337738,LTC-USDT,111.66,111.68,2.97,4.7967
2025-07-25T07:28:42.435626,ETH-USDT,3641.36,3641.37,2.7857,0.3027
2025-07-25T07:28:42.437082,LTC-USDT,111.65,111.68,2.97,4.7967
2025-07-25T07:28:42.535505,ETH-USDT,3641.36,3641.55,2.7857,2.2778
2025-07-25T07:28:42.635225,XRP-USDT,3.08404,3.08436,378.0,162.0
2025-07-25T07:28:42.735595,ETH-USDT,3641.54,3641.55,2.975,0.0378
2025-07-25T07:28:42.736696,XRP-USDT,3.08404,3.08432,378.0,162.0
2025-07-25T07:28:42.885303,ETH-USDT,3641.54,3641.55,2.9749,0.0378
2025-07-25T07:28:42.885524,XRP-USDT,3.08434,3.08447,378.0,162.0
2025-07-25T07:28:42.887610,LTC-USDT,111.65,111.68,2.97,4.7967
2025-07-25T07:28:42.934618,ETH-USDT,3641.54,3641.55,2.746,0.0378
2025-07-25T07:28:43.035196,ETH-USDT,3641.54,3641.55,2.746,2.2778
2025-07-25T07:28:43.136052,XRP-USDT,3.08423,3.08447,378.0,540.0
2025-07-25T07:28:43.137548,LTC-USDT,111.65,111.68,2.97,4.7967
2025-07-25T07:28:43.237119,XRP-USDT,3.08423,3.08443,378.0,162.0
2025-07-25T07:28:43.239366,LTC-USDT,111.65,111.7,2.97,0.2119
2025-07-25T07:28:43.336190,XRP-USDT,3.08423,3.08442,378.0,414.31
2025-07-25T07:28:43.338549,LTC-USDT,111.65,111.69,2.97,2.97
2025-07-25T07:28:43.437499,XRP-USDT,3.08439,3.08441,378.0,162.0
2025-07-25T07:28:43.537067,LTC-USDT,111.65,111.69,2.97,10.9739
2025-07-25T07:28:43.636247,LTC-USDT,111.65,111.68,2.97,2.97
2025-07-25T07:28:43.736169,LTC-USDT,111.66,111.69,2.97,2.97
2025-07-25T07:28:43.835464,ETH-USDT,3641.37,3641.38,2.7461,0.3027
2025-07-25T07:28:43.935600,ETH-USDT,3641.37,3641.55,2.7461,2.2778
2025-07-25T07:28:44.036326,ETH-USDT,3641.38,3641.55,0.0072,2.2778
2025-07-25T07:28:44.036583,XRP-USDT,3.08421,3.08441,378.0,540.0
2025-07-25T07:28:44.038528,LTC-USDT,111.66,111.69,2.97,2.97
2025-07-25T07:28:44.137772,BTC-USDT,115604.99,115605.0,0.009906,0.055799
2025-07-25T07:28:44.137889,ETH-USDT,3641.38,3641.39,2.7534,0.268
2025-07-25T07:28:44.138202,XRP-USDT,3.08318,3.08423,238.0,391.85
2025-07-25T07:28:44.139704,SOL-USDT,177.5415,177.5822,3.68,1.441
2025-07-25T07:28:44.139758,LTC-USDT,111.65,111.68,2.97,2.97
2025-07-25T07:28:44.236656,ETH-USDT,3641.38,3641.39,2.7534,0.3027
2025-07-25T07:28:44.236702,XRP-USDT,3.08408,3.0842,378.0,162.0
2025-07-25T07:28:44.237853,SOL-USDT,177.549,177.6287,5.13,8.81
2025-07-25T07:28:44.336095,BTC-USDT,115604.99,115605.0,0.005627,0.055799
2025-07-25T07:28:44.336644,XRP-USDT,3.08437,3.08438,378.0,162.0
2025-07-25T07:28:44.340571,SOL-USDT,177.5638,177.6287,5.13,8.81
2025-07-25T07:28:44.340617,LTC-USDT,111.65,111.69,2.97,8.0039
2025-07-25T07:28:44.438162,SOL-USDT,177.5898,177.6287,1.54,8.81
2025-07-25T07:28:44.539905,SOL-USDT,177.5638,177.5941,5.13,1.564
2025-07-25T07:28:44.539961,LTC-USDT,111.65,111.68,2.97,2.97
2025-07-25T07:28:44.634997,ETH-USDT,3641.38,3641.55,2.7462,2.2778
2025-07-25T07:28:44.635770,XRP-USDT,3.08428,3.08438,378.0,162.0
2025-07-25T07:28:44.735558,ETH-USDT,3641.38,3641.39,2.7462,0.3027
2025-07-25T07:28:44.738253,SOL-USDT,177.5851,177.5941,1.494,1.564
2025-07-25T07:28:44.835744,ETH-USDT,3641.38,3641.55,2.7462,2.2778
2025-07-25T07:28:44.837022,LTC-USDT,111.66,111.68,2.97,2.97
2025-07-25T07:28:44.936196,BTC-USDT,115604.99,115605.0,0.009937,0.05011
2025-07-25T07:28:44.936258,ETH-USDT,3641.38,3641.39,2.7462,0.3027
2025-07-25T07:28:44.936452,XRP-USDT,3.08428,3.08456,378.0,162.0
2025-07-25T07:28:44.937733,SOL-USDT,177.5917,177.6252,1.493,0.168
2025-07-25T07:28:44.937906,LTC-USDT,111.66,111.69,2.97,8.0039
2025-07-25T07:28:45.035521,XRP-USDT,3.08452,3.08453,378.0,162.0
2025-07-25T07:28:45.136743,ETH-USDT,3641.54,3641.55,2.975,1.0962
2025-07-25T07:28:45.137028,XRP-USDT,3.08452,3.08548,378.0,100.0
2025-07-25T07:28:45.139047,SOL-USDT,177.5919,177.6252,5.13,0.168
2025-07-25T07:28:45.237541,ETH-USDT,3641.94,3641.95,2.9746,0.1545
2025-07-25T07:28:45.237591,XRP-USDT,3.08483,3.08535,378.0,540.0
2025-07-25T07:28:45.239486,SOL-USDT,177.6018,177.6355,1.49,0.5
2025-07-25T07:28:45.239637,LTC-USDT,111.66,111.73,2.97,2.97
2025-07-25T07:28:45.336254,XRP-USDT,3.08483,3.08526,378.0,162.0
2025-07-25T07:28:45.337331,SOL-USDT,177.6018,177.6354,1.49,5.944
2025-07-25T07:28:45.462004,ETH-USDT,3641.94,3641.95,2.7457,0.1545
2025-07-25T07:28:45.462212,XRP-USDT,3.08483,3.08526,378.0,540.0
2025-07-25T07:28:45.463727,SOL-USDT,177.5082,177.6058,3.0,6.578
2025-07-25T07:28:45.463891,LTC-USDT,111.66,111.73,2.97,2.97
2025-07-25T07:28:45.537855,BTC-USDT,115604.99,115605.0,0.005627,0.055799
2025-07-25T07:28:45.537901,ETH-USDT,3640.59,3641.04,0.0038,0.0376
2025-07-25T07:28:45.537920,XRP-USDT,3.08407,3.08426,162.0,674.07
2025-07-25T07:28:45.541475,SOL-USDT,177.5248,177.5879,5.13,1.531
2025-07-25T07:28:45.541934,LTC-USDT,111.64,111.71,18.5,2.591
2025-07-25T07:28:45.637719,ETH-USDT,3640.38,3641.91,0.5466,2.7467
2025-07-25T07:28:45.637772,XRP-USDT,3.08409,3.08425,378.0,576.31
2025-07-25T07:28:45.639876,SOL-USDT,177.5308,177.5798,5.13,1.499
2025-07-25T07:28:45.640084,LTC-USDT,111.65,111.71,2.97,2.591
2025-07-25T07:28:45.736426,ETH-USDT,3641.25,3641.9,0.0398,0.7586
2025-07-25T07:28:45.737231,XRP-USDT,3.08399,3.08425,697.26,576.31
2025-07-25T07:28:45.740273,SOL-USDT,177.5308,177.5871,5.13,5.527
2025-07-25T07:28:45.840151,ETH-USDT,3641.94,3641.95,2.9746,0.1545
2025-07-25T07:28:45.840209,XRP-USDT,3.08403,3.08421,378.0,162.0
2025-07-25T07:28:45.841727,SOL-USDT,177.5874,177.6304,1.599,8.81
2025-07-25T07:28:45.937286,ETH-USDT,3641.94,3641.95,2.7457,0.1938
2025-07-25T07:28:45.940985,SOL-USDT,177.5874,177.5941,1.599,1.47
2025-07-25T07:28:45.941221,LTC-USDT,111.65,111.68,2.97,2.97
2025-07-25T07:28:46.038023,LTC-USDT,111.65,111.7,2.97,2.97
2025-07-25T07:28:46.136037,ETH-USDT,3641.94,3641.95,2.9746,0.1938
2025-07-25T07:28:46.136234,XRP-USDT,3.0842,3.08421,378.0,433.1
2025-07-25T07:28:46.235757,XRP-USDT,3.08399,3.08421,697.26,433.1
2025-07-25T07:28:46.236978,LTC-USDT,111.65,111.68,2.97,2.97
2025-07-25T07:28:46.336231,BTC-USDT,115604.99,115605.0,0.009937,0.055799
2025-07-25T07:28:46.336530,ETH-USDT,3641.99,3642.63,2.7455,0.0037
2025-07-25T07:28:46.336915,XRP-USDT,3.08405,3.08419,378.0,162.0
2025-07-25T07:28:46.339289,LTC-USDT,111.65,111.69,2.97,7.505481850837138
2025-07-25T07:28:46.435523,BTC-USDT,115604.99,115605.0,0.009937,0.05011
2025-07-25T07:28:46.436010,ETH-USDT,3642.16,3642.91,2.7453,0.0054
2025-07-25T07:28:46.436241,XRP-USDT,3.08405,3.08417,378.0,162.0
2025-07-25T07:28:46.438727,SOL-USDT,177.5924,177.6263,1.575,0.168
2025-07-25T07:28:46.438948,LTC-USDT,111.65,111.69,2.97,7.505481850837138
2025-07-25T07:28:46.536317,XRP-USDT,3.08399,3.08405,697.26,540.0
2025-07-25T07:28:46.538313,LTC-USDT,111.65,111.68,2.97,2.97
2025-07-25T07:28:46.639126,ETH-USDT,3642.16,3642.9,2.7453,0.3027
2025-07-25T07:28:46.639372,XRP-USDT,3.08399,3.08404,697.26,414.31
2025-07-25T07:28:46.642206,LTC-USDT,111.65,111.68,2.97,2.97
2025-07-25T07:28:46.736232,ETH-USDT,3642.34,3642.91,0.5466,0.0054
2025-07-25T07:28:46.736676,XRP-USDT,3.08399,3.084,697.26,61.0
2025-07-25T07:28:46.738763,SOL-USDT,177.5924,177.6001,1.575,1.46
2025-07-25T07:28:46.738824,LTC-USDT,111.65,111.69,2.97,7.505481850837138
2025-07-25T07:28:46.837042,ETH-USDT,3642.35,3642.91,2.7452,0.0054
2025-07-25T07:28:46.838715,LTC-USDT,111.65,111.69,21.47,7.505481850837138
2025-07-25T07:28:46.937365,ETH-USDT,3642.42,3642.91,2.7452,0.0054
2025-07-25T07:28:46.941894,LTC-USDT,111.66,111.69,2.97,7.505481850837138
2025-07-25T07:28:47.035264,ETH-USDT,3642.6,3642.61,0.2289,0.0389
2025-07-25T07:28:47.035309,XRP-USDT,3.08399,3.084,697.26,345.87
2025-07-25T07:28:47.135546,ETH-USDT,3642.6,3642.61,0.2289,2.8077
2025-07-25T07:28:47.136498,LTC-USDT,111.66,111.69,2.97,7.505481850837138
2025-07-25T07:28:47.335926,ETH-USDT,3642.41,3642.42,2.7844,0.3027
2025-07-25T07:28:47.335977,XRP-USDT,3.08399,3.084,697.26,345.87
2025-07-25T07:28:47.434726,ETH-USDT,3642.6,3642.61,0.2289,2.8042
2025-07-25T07:28:47.534953,ETH-USDT,3642.6,3642.61,0.2289,2.8077
2025-07-25T07:28:47.637437,LTC-USDT,111.67,111.69,2.97,7.505481850837138
2025-07-25T07:28:47.837018,ETH-USDT,3642.6,3642.61,2.7452,0.02
2025-07-25T07:28:47.837848,XRP-USDT,3.08399,3.084,935.26,61.0
2025-07-25T07:28:47.841666,LTC-USDT,111.67,111.69,2.97,7.505481850837138
2025-07-25T07:28:47.936549,XRP-USDT,3.0843,3.08475,378.0,540.0
2025-07-25T07:28:48.080590,ETH-USDT,3642.6,3642.61,2.7842,0.02
2025-07-25T07:28:48.080874,XRP-USDT,3.0843,3.08431,378.0,292.33
2025-07-25T07:28:48.082835,SOL-USDT,177.5974,177.6354,1.546,5.944
2025-07-25T07:28:48.136166,ETH-USDT,3642.6,3642.61,3.3308,0.02
2025-07-25T07:28:48.136421,XRP-USDT,3.0843,3.08431,839.0,292.33
2025-07-25T07:28:48.138309,SOL-USDT,177.5974,177.6355,1.546,0.5
2025-07-25T07:28:48.138345,LTC-USDT,111.67,111.74,2.97,2.8029
2025-07-25T07:28:48.237545,ETH-USDT,3642.6,3642.61,2.7842,0.02
2025-07-25T07:28:48.238043,XRP-USDT,3.08436,3.08448,162.0,162.0
2025-07-25T07:28:48.241970,SOL-USDT,177.5974,177.6355,1.546,5.63
2025-07-25T07:28:48.242405,LTC-USDT,111.67,111.73,2.97,2.97
2025-07-25T07:28:48.336189,XRP-USDT,3.08438,3.08448,378.0,162.0
2025-07-25T07:28:48.337518,SOL-USDT,177.5974,177.6053,1.546,1.514
2025-07-25T07:28:48.438276,LTC-USDT,111.67,111.71,2.97,2.97
2025-07-25T07:28:48.538452,XRP-USDT,3.08437,3.08446,378.0,162.0
2025-07-25T07:28:48.635256,XRP-USDT,3.08436,3.08445,162.0,414.31
2025-07-25T07:28:48.735438,XRP-USDT,3.08444,3.08445,378.0,576.31
2025-07-25T07:28:48.835692,XRP-USDT,3.08444,3.08445,378.0,860.81
2025-07-25T07:28:48.838051,SOL-USDT,177.5974,177.6351,1.546,3.68
2025-07-25T07:28:48.838294,LTC-USDT,111.69,111.71,2.97,2.97
2025-07-25T07:28:48.936161,XRP-USDT,3.08444,3.08445,378.0,162.0
2025-07-25T07:28:48.937332,SOL-USDT,177.5976,177.6351,5.13,3.68
2025-07-25T07:28:48.937370,LTC-USDT,111.66,111.71,2.97,2.97
2025-07-25T07:28:49.035934,ETH-USDT,3642.92,3642.93,0.2289,0.7
2025-07-25T07:28:49.035985,XRP-USDT,3.08444,3.08445,616.0,162.0
2025-07-25T07:28:49.135992,ETH-USDT,3642.28,3642.82,2.7453,0.3027
2025-07-25T07:28:49.136057,XRP-USDT,3.08444,3.08445,1111.8,162.0
2025-07-25T07:28:49.137169,SOL-USDT,177.5974,177.613,1.546,1.49
2025-07-25T07:28:49.235452,ETH-USDT,3642.32,3642.93,2.7452,0.7564
2025-07-25T07:28:49.236710,SOL-USDT,177.5981,177.613,5.13,1.49
2025-07-25T07:28:49.236749,LTC-USDT,111.66,111.68,2.97,4.9715
2025-07-25T07:28:49.335562,ETH-USDT,3642.82,3642.93,0.04,0.7564
2025-07-25T07:28:49.335916,XRP-USDT,3.08464,3.0847,378.0,414.31
2025-07-25T07:28:49.337003,SOL-USDT,177.5981,177.6355,5.13,0.5
2025-07-25T07:28:49.337162,LTC-USDT,111.66,111.71,2.97,2.97
2025-07-25T07:28:49.436703,ETH-USDT,3642.92,3642.93,2.9739,0.72
2025-07-25T07:28:49.436941,XRP-USDT,3.08464,3.08468,378.0,162.0
2025-07-25T07:28:49.438255,SOL-USDT,177.6151,177.6355,1.513,0.5
2025-07-25T07:28:49.438292,LTC-USDT,111.68,111.71,2.97,2.97
2025-07-25T07:28:49.535142,XRP-USDT,3.08464,3.0847,378.0,414.31
2025-07-25T07:28:49.636836,XRP-USDT,3.08492,3.0854,378.0,616.0
2025-07-25T07:28:49.640448,SOL-USDT,177.6154,177.6228,5.13,1.572
2025-07-25T07:28:49.640486,LTC-USDT,111.66,111.71,2.97,2.97
2025-07-25T07:28:49.736098,XRP-USDT,3.08492,3.08493,378.0,434.97
2025-07-25T07:28:49.835648,XRP-USDT,3.08492,3.08493,378.0,162.0
2025-07-25T07:28:49.935580,XRP-USDT,3.08492,3.08493,378.0,576.31
2025-07-25T07:28:49.936996,LTC-USDT,111.69,111.71,2.97,2.97
2025-07-25T07:28:50.036241,BTC-USDT,115604.99,115605.0,0.009937,0.05002
2025-07-25T07:28:50.138711,BTC-USDT,115604.99,115605.0,0.009937,2e-05
2025-07-25T07:28:50.139095,XRP-USDT,3.08523,3.08537,378.0,162.0
2025-07-25T07:28:50.142075,SOL-USDT,177.623,177.6355,5.13,0.5
2025-07-25T07:28:50.142117,LTC-USDT,111.66,111.72,2.97,8.0039
2025-07-25T07:28:50.240100,ETH-USDT,3642.92,3642.93,3.0136,0.72
2025-07-25T07:28:50.240349,XRP-USDT,3.08509,3.08548,238.0,385.14
2025-07-25T07:28:50.242429,SOL-USDT,177.6226,177.6629,1.569,2.814
2025-07-25T07:28:50.242473,LTC-USDT,111.67,111.73,2.97,2.97
2025-07-25T07:28:50.335930,BTC-USDT,115604.99,115605.0,0.21721,2e-05
2025-07-25T07:28:50.336527,XRP-USDT,3.08547,3.08548,540.0,100.0
2025-07-25T07:28:50.337613,SOL-USDT,177.6289,177.6629,1.558,2.814
2025-07-25T07:28:50.435746,BTC-USDT,115604.99,115605.0,0.625691,2e-05
2025-07-25T07:28:50.436841,XRP-USDT,3.08547,3.08548,778.0,100.0
2025-07-25T07:28:50.439358,SOL-USDT,177.6289,177.6352,1.558,1.55
2025-07-25T07:28:50.439408,LTC-USDT,111.67,111.73,2.97,2.97
2025-07-25T07:28:50.683936,BTC-USDT,115609.99,115610.0,0.268152,5e-05
2025-07-25T07:28:50.685696,SOL-USDT,177.6072,177.6352,0.168,1.55
2025-07-25T07:28:50.734127,BTC-USDT,115609.99,115610.0,0.586787,5e-05
2025-07-25T07:28:50.734363,XRP-USDT,3.08547,3.08548,162.0,478.0
2025-07-25T07:28:50.835197,BTC-USDT,115609.99,115610.0,0.586787,0.001883
2025-07-25T07:28:50.835579,XRP-USDT,3.08547,3.08548,540.0,100.0
2025-07-25T07:28:50.837532,LTC-USDT,111.67,111.73,18.5,2.97
2025-07-25T07:28:50.936124,ETH-USDT,3642.92,3642.93,2.7847,0.72
2025-07-25T07:28:50.936338,XRP-USDT,3.08547,3.08548,162.0,100.0
2025-07-25T07:28:50.938259,SOL-USDT,177.6246,177.6352,5.13,1.55
2025-07-25T07:28:50.938407,LTC-USDT,111.7,111.73,2.97,2.97
2025-07-25T07:28:51.036033,ETH-USDT,3642.92,3642.93,2.7847,0.7
2025-07-25T07:28:51.036624,XRP-USDT,3.08526,3.08548,378.0,906.16
2025-07-25T07:28:51.136146,BTC-USDT,115609.99,115610.0,0.586787,0.001703
2025-07-25T07:28:51.136407,XRP-USDT,3.08536,3.08545,540.0,162.0
2025-07-25T07:28:51.235510,BTC-USDT,115609.99,115610.0,0.735764,0.001703
2025-07-25T07:28:51.235600,ETH-USDT,3642.92,3642.93,2.7847,0.72
2025-07-25T07:28:51.235936,XRP-USDT,3.08514,3.08542,378.0,553.85
2025-07-25T07:28:51.236887,LTC-USDT,111.69,111.71,4.67,2.97
2025-07-25T07:28:51.336317,XRP-USDT,3.08534,3.08535,61.0,292.26
2025-07-25T07:28:51.337886,LTC-USDT,111.69,111.71,1.7,2.97
2025-07-25T07:28:51.435149,XRP-USDT,3.08534,3.08535,772.34,670.26
2025-07-25T07:28:51.535017,XRP-USDT,3.08534,3.08535,772.34,1084.57
2025-07-25T07:28:51.536348,LTC-USDT,111.7,111.72,2.97,8.0039
2025-07-25T07:28:51.637094,LTC-USDT,111.7,111.72,2.97,8.0039
2025-07-25T07:28:51.935922,BTC-USDT,115609.99,115610.0,0.586787,0.001703
2025-07-25T07:28:51.939004,SOL-USDT,177.6242,177.6352,1.592,1.55
2025-07-25T07:28:51.939249,LTC-USDT,111.7,111.72,2.97,8.0039
2025-07-25T07:28:52.038019,LTC-USDT,111.7,111.72,2.97,8.0039
2025-07-25T07:28:52.136252,XRP-USDT,3.08534,3.08535,772.34,1246.57
2025-07-25T07:28:52.236816,XRP-USDT,3.08534,3.08535,711.34,1260.42
2025-07-25T07:28:52.335494,BTC-USDT,115609.99,115610.0,0.634584,0.001703
2025-07-25T07:28:52.335556,XRP-USDT,3.08534,3.08535,711.34,720.42
2025-07-25T07:28:52.336967,LTC-USDT,111.7,111.72,2.97,8.0039
2025-07-25T07:28:52.438363,LTC-USDT,111.69,111.71,4.67,2.97
2025-07-25T07:28:52.535171,XRP-USDT,3.08481,3.08485,162.0,293.98
2025-07-25T07:28:52.536628,LTC-USDT,111.69,111.71,4.67,2.97
2025-07-25T07:28:52.636426,BTC-USDT,115609.99,115610.0,0.485607,0.001703
2025-07-25T07:28:52.636719,XRP-USDT,3.08483,3.08485,540.0,293.98
2025-07-25T07:28:52.637874,LTC-USDT,111.7,111.72,2.97,8.0039
2025-07-25T07:28:52.737373,XRP-USDT,3.08483,3.08484,162.0,295.18
2025-07-25T07:28:53.035576,LTC-USDT,111.7,111.72,2.97,8.0039
2025-07-25T07:28:53.135844,BTC-USDT,115609.99,115610.0,0.634584,0.001703
2025-07-25T07:28:53.135898,ETH-USDT,3642.92,3642.93,2.7847,0.3
2025-07-25T07:28:53.135924,XRP-USDT,3.08483,3.08484,540.0,295.18
2025-07-25T07:28:53.235548,BTC-USDT,115609.99,115610.0,0.69288,0.001703
2025-07-25T07:28:53.235875,XRP-USDT,3.08483,3.08535,540.0,806.16
2025-07-25T07:28:53.336256,BTC-USDT,115609.99,115610.0,0.69448,0.001703
2025-07-25T07:28:53.336440,XRP-USDT,3.08513,3.08514,378.0,223.0
2025-07-25T07:28:53.435432,ETH-USDT,3642.92,3642.93,2.7847,0.02
2025-07-25T07:28:53.435717,XRP-USDT,3.08513,3.08514,378.0,475.31
2025-07-25T07:28:53.436997,LTC-USDT,111.7,111.72,2.97,8.0039
2025-07-25T07:28:53.535392,XRP-USDT,3.08513,3.08514,1051.73,475.31
2025-07-25T07:28:53.537775,LTC-USDT,111.7,111.73,2.97,2.97
2025-07-25T07:28:53.636185,BTC-USDT,115609.99,115610.0,0.843457,0.001523
2025-07-25T07:28:53.636250,XRP-USDT,3.08513,3.08514,1051.73,746.5
2025-07-25T07:28:53.735747,BTC-USDT,115614.99,115615.0,0.33614,0.00021
2025-07-25T07:28:53.838985,BTC-USDT,115623.94,115623.95,0.118,0.268108
2025-07-25T07:28:53.839330,XRP-USDT,3.08518,3.08547,238.0,540.0
2025-07-25T07:28:53.841490,SOL-USDT,177.6243,177.6352,5.13,1.55
2025-07-25T07:28:53.935700,BTC-USDT,115623.94,115623.95,0.060006,0.270067
2025-07-25T07:28:53.936163,XRP-USDT,3.08546,3.08547,378.0,162.0
2025-07-25T07:28:53.938739,LTC-USDT,111.7,111.73,2.97,2.97
2025-07-25T07:28:54.035161,BTC-USDT,115623.94,115623.95,0.383157,0.011606
2025-07-25T07:28:54.035532,XRP-USDT,3.08546,3.08547,378.0,449.88
2025-07-25T07:28:54.138071,XRP-USDT,3.08547,3.08548,238.0,100.0
2025-07-25T07:28:54.138131,SOL-USDT,177.6351,177.6783,1.501,5.298
2025-07-25T07:28:54.138165,LTC-USDT,111.7,111.73,2.97,2.97
2025-07-25T07:28:54.236391,XRP-USDT,3.08547,3.08548,378.0,100.0
2025-07-25T07:28:54.239085,SOL-USDT,177.6351,177.676,1.501,8.81
2025-07-25T07:28:54.338499,SOL-USDT,177.6351,177.6759,1.501,0.164
2025-07-25T07:28:54.437678,SOL-USDT,177.6351,177.646,1.501,1.598
2025-07-25T07:28:54.437724,LTC-USDT,111.71,111.73,2.97,2.97
2025-07-25T07:28:54.637162,LTC-USDT,111.71,111.73,2.97,2.97
2025-07-25T07:28:54.735029,XRP-USDT,3.08538,3.08539,378.0,270.12
2025-07-25T07:28:54.736168,LTC-USDT,111.69,111.73,1.7,2.97
2025-07-25T07:28:54.835363,BTC-USDT,115623.94,115623.95,0.319467,0.011606
2025-07-25T07:28:54.836023,XRP-USDT,3.08519,3.08539,378.0,432.12
2025-07-25T07:28:54.843260,LTC-USDT,111.68,111.71,2.97,2.97
2025-07-25T07:28:55.035498,XRP-USDT,3.08526,3.08539,378.0,540.0
2025-07-25T07:28:55.036215,LTC-USDT,111.69,111.71,2.97,2.97
2025-07-25T07:28:55.135164,XRP-USDT,3.08526,3.08539,378.0,162.0
2025-07-25T07:28:55.237642,LTC-USDT,111.69,111.72,2.97,8.0039
2025-07-25T07:28:55.335205,XRP-USDT,3.08527,3.08544,238.0,273.68
2025-07-25T07:28:55.336348,SOL-USDT,177.6352,177.646,5.13,1.598
2025-07-25T07:28:55.436606,XRP-USDT,3.08543,3.08544,378.0,273.68
2025-07-25T07:28:55.439098,LTC-USDT,111.69,111.72,2.97,8.0039
2025-07-25T07:28:55.534897,ETH-USDT,3643.13,3643.14,2.9738,0.0374
2025-07-25T07:28:55.535169,XRP-USDT,3.08534,3.08535,378.0,272.02
2025-07-25T07:28:55.536533,SOL-USDT,177.6352,177.676,5.13,3.68
2025-07-25T07:28:55.634986,ETH-USDT,3643.13,3643.14,2.7449,0.0374
2025-07-25T07:28:55.636094,SOL-USDT,177.6479,177.6783,1.525,0.168
2025-07-25T07:28:55.835631,BTC-USDT,115623.94,115623.95,0.383157,0.011606
2025-07-25T07:28:55.835682,ETH-USDT,3643.13,3643.14,2.7449,0.0574
2025-07-25T07:28:55.836562,SOL-USDT,177.6599,177.7018,1.453,3.68
2025-07-25T07:28:55.839137,LTC-USDT,111.69,111.7,2.97,5.704
2025-07-25T07:28:55.937457,BTC-USDT,115623.94,115623.95,0.482134,1.0858476986e-08
2025-07-25T07:28:55.937703,ETH-USDT,3643.13,3643.14,2.7848,0.02
2025-07-25T07:28:55.937960,XRP-USDT,3.08542,3.08596,238.0,162.0
2025-07-25T07:28:55.939588,SOL-USDT,177.6599,177.6722,6.583,1.454
2025-07-25T07:28:55.939836,LTC-USDT,111.69,111.72,2.97,8.0039
2025-07-25T07:28:56.037316,BTC-USDT,115634.99,115635.0,0.504754,3e-05
2025-07-25T07:28:56.037589,ETH-USDT,3643.13,3643.14,3.3314,0.02
2025-07-25T07:28:56.037624,XRP-USDT,3.08585,3.08596,238.0,162.0
2025-07-25T07:28:56.039478,SOL-USDT,177.6911,177.7133,1.494,3.0
2025-07-25T07:28:56.039748,LTC-USDT,111.69,111.79,2.97,2.591
2025-07-25T07:28:56.136261,BTC-USDT,115639.99,115640.0,0.336082,6e-05
2025-07-25T07:28:56.136555,XRP-USDT,3.08551,3.08642,238.0,540.0
2025-07-25T07:28:56.138478,LTC-USDT,111.69,111.76,2.97,2.97
2025-07-25T07:28:56.236718,BTC-USDT,115641.11,115641.12,0.507228,0.001835
2025-07-25T07:28:56.237042,ETH-USDT,3643.13,3643.14,2.7848,0.02
2025-07-25T07:28:56.237287,XRP-USDT,3.08519,3.08593,238.0,293.69
2025-07-25T07:28:56.240116,SOL-USDT,177.6302,177.6921,5.13,1.533
2025-07-25T07:28:56.336581,BTC-USDT,115641.11,115641.12,0.507228,0.001655
2025-07-25T07:28:56.336763,XRP-USDT,3.08522,3.08591,500.0,616.0
2025-07-25T07:28:56.338796,SOL-USDT,177.6432,177.6921,5.13,1.533
2025-07-25T07:28:56.341024,LTC-USDT,111.69,111.75,2.97,8.0039
2025-07-25T07:28:56.436152,BTC-USDT,115641.42,115641.43,0.381759,0.00132
2025-07-25T07:28:56.436546,XRP-USDT,3.08556,3.08587,378.0,13.85
2025-07-25T07:28:56.438334,LTC-USDT,111.69,111.74,2.97,0.2119
2025-07-25T07:28:56.537129,BTC-USDT,115641.42,115641.43,0.386069,0.00132
2025-07-25T07:28:56.537423,XRP-USDT,3.08556,3.08568,378.0,289.95
2025-07-25T07:28:56.539288,SOL-USDT,177.6831,177.6921,1.441,1.533
2025-07-25T07:28:56.539329,LTC-USDT,111.69,111.74,2.97,2.97
2025-07-25T07:28:56.634894,BTC-USDT,115641.42,115641.43,0.535046,0.00132
2025-07-25T07:28:56.635490,XRP-USDT,3.08583,3.08584,378.0,13.85
2025-07-25T07:28:56.636750,LTC-USDT,111.71,111.74,4.8257,2.97
2025-07-25T07:28:56.737534,XRP-USDT,3.08583,3.08584,378.0,223.0
2025-07-25T07:28:56.740597,LTC-USDT,111.71,111.74,2.97,2.97
2025-07-25T07:28:56.838069,LTC-USDT,111.69,111.74,2.97,2.97
2025-07-25T07:28:56.936218,XRP-USDT,3.08537,3.0856,238.0,272.78
2025-07-25T07:28:56.939504,LTC-USDT,111.69,111.73,2.97,8.0039
2025-07-25T07:28:57.036538,BTC-USDT,115641.42,115641.43,0.386069,0.00132
2025-07-25T07:28:57.037075,XRP-USDT,3.08559,3.0856,540.0,272.78
2025-07-25T07:28:57.038531,LTC-USDT,111.69,111.72,2.97,2.97
2025-07-25T07:28:57.235179,BTC-USDT,115641.42,115641.43,0.322379,0.00132
2025-07-25T07:28:57.235918,ETH-USDT,3643.13,3643.14,0.0399,2.7648
2025-07-25T07:28:57.235953,XRP-USDT,3.08559,3.0856,162.0,650.78
2025-07-25T07:28:57.335900,BTC-USDT,115641.42,115641.43,0.506438,0.00132
2025-07-25T07:28:57.336224,ETH-USDT,3642.48,3643.13,2.7451,0.0037
2025-07-25T07:28:57.336535,XRP-USDT,3.08536,3.08549,162.0,414.31
2025-07-25T07:28:57.436482,BTC-USDT,115641.42,115641.43,0.322379,0.00132
2025-07-25T07:28:57.436737,ETH-USDT,3641.53,3642.91,3.0,2.7455
2025-07-25T07:28:57.436981,XRP-USDT,3.08536,3.08537,162.0,295.14
2025-07-25T07:28:57.438589,SOL-USDT,177.6297,177.687,5.13,0.168
2025-07-25T07:28:57.536428,ETH-USDT,3642.62,3642.63,0.0361,0.3027
2025-07-25T07:28:57.536718,XRP-USDT,3.08514,3.08516,162.0,660.96
2025-07-25T07:28:57.538369,SOL-USDT,177.6119,177.6856,5.13,8.81
2025-07-25T07:28:57.538621,LTC-USDT,111.68,111.72,18.5,2.97
2025-07-25T07:28:57.636184,ETH-USDT,3642.62,3642.63,0.0361,0.3062
2025-07-25T07:28:57.636225,XRP-USDT,3.08513,3.08516,673.73,660.96
2025-07-25T07:28:57.637977,SOL-USDT,177.6502,177.6856,1.492,8.81
2025-07-25T07:28:57.638014,LTC-USDT,111.7,111.71,1.7,2.97
2025-07-25T07:28:57.737551,ETH-USDT,3641.43,3642.63,0.5466,0.7044
2025-07-25T07:28:57.739957,SOL-USDT,177.6502,177.6592,1.492,1.507
2025-07-25T07:28:57.836725,BTC-USDT,115641.42,115641.43,0.008646,0.316431
2025-07-25T07:28:57.836954,ETH-USDT,3641.19,3642.59,0.0069,0.739
2025-07-25T07:28:57.837170,XRP-USDT,3.08415,3.08471,162.0,293.36
2025-07-25T07:28:57.936366,ETH-USDT,3641.23,3642.59,0.5466,0.739
2025-07-25T07:28:57.936651,XRP-USDT,3.08445,3.08471,162.0,293.36
2025-07-25T07:28:57.938478,SOL-USDT,177.6064,177.6536,5.13,1.486
2025-07-25T07:28:57.938871,LTC-USDT,111.68,111.71,18.5,2.97
2025-07-25T07:28:58.035851,ETH-USDT,3642.23,3642.24,0.039,0.3059
2025-07-25T07:28:58.036048,XRP-USDT,3.08445,3.0847,162.0,590.16
2025-07-25T07:28:58.037234,LTC-USDT,111.69,111.71,2.97,2.97
2025-07-25T07:28:58.135279,ETH-USDT,3642.23,3642.24,0.039,3.0514
2025-07-25T07:28:58.135559,XRP-USDT,3.0841,3.08457,162.0,414.31
2025-07-25T07:28:58.139697,SOL-USDT,177.635,177.6486,1.502,1.569
2025-07-25T07:28:58.140111,LTC-USDT,111.69,111.71,7.8067,2.97
2025-07-25T07:28:58.236056,ETH-USDT,3641.19,3642.24,0.0069,3.4496
2025-07-25T07:28:58.236323,XRP-USDT,3.08437,3.08449,378.0,655.84
2025-07-25T07:28:58.238553,LTC-USDT,111.68,111.71,18.5,2.97
2025-07-25T07:28:58.335278,ETH-USDT,3641.2,3642.23,2.7459,0.3982
2025-07-25T07:28:58.335555,XRP-USDT,3.08444,3.08449,162.0,277.84
2025-07-25T07:28:58.337908,SOL-USDT,177.635,177.6442,1.502,1.46
2025-07-25T07:28:58.435032,ETH-USDT,3642.15,3642.16,0.0377,0.2659
2025-07-25T07:28:58.435072,XRP-USDT,3.08444,3.08449,162.0,655.84
2025-07-25T07:28:58.436438,LTC-USDT,111.68,111.71,18.5,2.97
2025-07-25T07:28:58.537888,ETH-USDT,3642.58,3642.59,0.2289,0.02
2025-07-25T07:28:58.537971,XRP-USDT,3.08475,3.08508,378.0,540.0
2025-07-25T07:28:58.541500,SOL-USDT,177.6369,177.6856,5.13,3.68
2025-07-25T07:28:58.541779,LTC-USDT,111.69,111.72,2.97,2.97
2025-07-25T07:28:58.636364,ETH-USDT,3642.58,3642.59,2.7453,0.02
2025-07-25T07:28:58.636994,XRP-USDT,3.08475,3.08506,378.0,162.0
2025-07-25T07:28:58.638246,SOL-USDT,177.6394,177.6856,1.458,3.68
2025-07-25T07:28:58.736544,XRP-USDT,3.08496,3.08504,378.0,162.0
2025-07-25T07:28:58.738514,SOL-USDT,177.6401,177.6856,5.13,3.68
2025-07-25T07:28:58.738559,LTC-USDT,111.69,111.73,2.97,8.0039
2025-07-25T07:28:58.836879,XRP-USDT,3.08496,3.08499,378.0,162.0
2025-07-25T07:28:58.935455,BTC-USDT,115641.42,115641.43,0.157623,0.316431
2025-07-25T07:28:58.937043,SOL-USDT,177.6499,177.6856,1.552,3.68
2025-07-25T07:28:58.937094,LTC-USDT,111.69,111.75,2.97,0.2119
2025-07-25T07:28:59.038339,SOL-USDT,177.6499,177.6594,1.552,1.477
2025-07-25T07:28:59.038386,LTC-USDT,111.7,111.74,2.97,2.97
2025-07-25T07:28:59.135420,BTC-USDT,115641.42,115641.43,0.008646,0.057009
2025-07-25T07:28:59.135819,XRP-USDT,3.08471,3.08499,281.75,540.0
2025-07-25T07:28:59.140460,SOL-USDT,177.6143,177.699,5.527,6.536
2025-07-25T07:28:59.238009,ETH-USDT,3642.58,3642.59,2.7842,0.02
2025-07-25T07:28:59.238326,XRP-USDT,3.08514,3.08539,378.0,378.0
2025-07-25T07:28:59.240506,SOL-USDT,177.6351,177.6981,5.13,3.68
2025-07-25T07:28:59.240687,LTC-USDT,111.73,111.74,5.0775,2.97
2025-07-25T07:28:59.336134,ETH-USDT,3642.58,3642.59,3.3308,0.02
2025-07-25T07:28:59.336172,XRP-USDT,3.08514,3.08537,378.0,540.0
2025-07-25T07:28:59.337828,SOL-USDT,177.6351,177.668,5.13,1.472
2025-07-25T07:28:59.338019,LTC-USDT,111.72,111.74,2.97,2.97
2025-07-25T07:28:59.437164,XRP-USDT,3.08514,3.08537,378.0,162.0
2025-07-25T07:28:59.439887,SOL-USDT,177.6554,177.668,5.13,1.472
2025-07-25T07:28:59.537078,XRP-USDT,3.08532,3.08533,378.0,290.38
2025-07-25T07:28:59.539669,SOL-USDT,177.6718,177.7123,5.13,0.168
2025-07-25T07:28:59.539855,LTC-USDT,111.72,111.75,2.97,8.2158
2025-07-25T07:28:59.638162,ETH-USDT,3642.58,3642.59,4.3602,0.02
2025-07-25T07:28:59.638493,XRP-USDT,3.08532,3.08577,378.0,414.31
2025-07-25T07:28:59.642286,LTC-USDT,111.73,111.75,2.97,8.2158
2025-07-25T07:28:59.735867,ETH-USDT,3642.58,3642.59,0.5855,0.02
2025-07-25T07:28:59.736113,XRP-USDT,3.08532,3.08576,378.0,540.0
2025-07-25T07:28:59.737962,LTC-USDT,111.73,111.74,2.97,8.0039
2025-07-25T07:28:59.837766,ETH-USDT,3642.58,3642.59,0.0389,0.02
2025-07-25T07:28:59.838126,XRP-USDT,3.08532,3.0855,378.0,285.46
2025-07-25T07:28:59.840642,SOL-USDT,177.6792,177.6882,1.455,1.547
2025-07-25T07:28:59.840931,LTC-USDT,111.73,111.76,7.8016,2.97
2025-07-25T07:28:59.935597,XRP-USDT,3.08533,3.0855,162.0,663.46
2025-07-25T07:29:00.044656,BTC-USDT,115641.42,115641.43,0.008646,0.057009
2025-07-25T07:29:00.045030,ETH-USDT,3642.58,3643.01,0.0389,0.038
2025-07-25T07:29:00.045623,XRP-USDT,3.08517,3.0855,273.24,663.46
2025-07-25T07:29:00.050865,SOL-USDT,177.6792,177.6882,1.455,1.547
2025-07-25T07:29:00.137119,ETH-USDT,3642.8,3642.81,0.0388,0.305
2025-07-25T07:29:00.137360,XRP-USDT,3.08542,3.08549,162.0,428.16
2025-07-25T07:29:00.140117,LTC-USDT,111.73,111.75,7.8016,8.0039
2025-07-25T07:29:00.236835,ETH-USDT,3642.11,3642.8,2.7454,0.0023
2025-07-25T07:29:00.237168,XRP-USDT,3.08542,3.08543,162.0,652.78
2025-07-25T07:29:00.241589,LTC-USDT,111.73,111.74,4.8316,2.97
2025-07-25T07:29:00.337477,ETH-USDT,3642.14,3642.8,2.7453,0.0223
2025-07-25T07:29:00.337760,XRP-USDT,3.08542,3.08543,739.47,1229.09
2025-07-25T07:29:00.435093,XRP-USDT,3.08542,3.08543,739.47,274.78
2025-07-25T07:29:00.535979,ETH-USDT,3642.68,3642.69,2.7817,0.2659
2025-07-25T07:29:00.536041,XRP-USDT,3.08542,3.08543,739.47,274.78
2025-07-25T07:29:00.539049,LTC-USDT,111.73,111.74,4.8316,2.97
2025-07-25T07:29:00.637038,ETH-USDT,3641.92,3642.69,0.5412,0.3027
2025-07-25T07:29:00.637079,XRP-USDT,3.08463,3.08538,378.0,238.0
2025-07-25T07:29:00.638928,SOL-USDT,177.6258,177.6659,5.13,1.587
2025-07-25T07:29:00.736447,ETH-USDT,3641.75,3642.69,3.2922,0.3027
2025-07-25T07:29:00.736485,XRP-USDT,3.0846,3.08538,378.0,616.0
2025-07-25T07:29:00.738434,SOL-USDT,177.6258,177.6614,5.13,1.512
2025-07-25T07:29:00.880609,ETH-USDT,3642.68,3642.69,0.0372,0.3027
2025-07-25T07:29:00.880855,XRP-USDT,3.08476,3.08484,162.0,284.35
2025-07-25T07:29:00.935166,ETH-USDT,3642.68,3642.69,2.7824,0.3027
2025-07-25T07:29:00.935387,XRP-USDT,3.08506,3.08537,378.0,540.0
2025-07-25T07:29:00.939591,SOL-USDT,177.6613,177.6943,1.565,5.527
2025-07-25T07:29:01.035937,ETH-USDT,3642.79,3642.8,2.7824,0.02
2025-07-25T07:29:01.036383,XRP-USDT,3.08506,3.08507,378.0,61.0
2025-07-25T07:29:01.039312,SOL-USDT,177.6706,177.7123,1.6,0.168
2025-07-25T07:29:01.134684,ETH-USDT,3642.79,3642.8,3.0113,0.02
2025-07-25T07:29:01.135005,XRP-USDT,3.08507,3.08535,378.0,540.0
2025-07-25T07:29:01.136197,LTC-USDT,111.71,111.73,2.97,3.2452
2025-07-25T07:29:01.234650,XRP-USDT,3.08506,3.08511,162.0,668.14
2025-07-25T07:29:01.235738,SOL-USDT,177.6706,177.6754,1.6,1.552
2025-07-25T07:29:01.235915,LTC-USDT,111.7,111.73,2.97,2.97
2025-07-25T07:29:01.335694,XRP-USDT,3.08514,3.08573,378.0,162.0
2025-07-25T07:29:01.435466,ETH-USDT,3642.79,3642.8,2.7451,0.02
2025-07-25T07:29:01.435678,XRP-USDT,3.08444,3.08557,378.0,616.0
2025-07-25T07:29:01.440544,SOL-USDT,177.6388,177.6754,5.13,1.552
2025-07-25T07:29:01.440595,LTC-USDT,111.69,111.73,2.97,2.97
2025-07-25T07:29:01.535893,XRP-USDT,3.08475,3.08556,378.0,540.0
2025-07-25T07:29:01.537673,SOL-USDT,177.6406,177.6754,5.13,1.552
2025-07-25T07:29:01.537989,LTC-USDT,111.67,111.73,21.47,5.561
2025-07-25T07:29:01.634705,BTC-USDT,115641.42,115641.43,0.008646,0.05645700148182187
2025-07-25T07:29:01.635637,XRP-USDT,3.08504,3.08505,223.0,458.65
2025-07-25T07:29:01.636582,LTC-USDT,111.68,111.7,2.97,2.97
2025-07-25T07:29:01.736541,BTC-USDT,115641.42,115641.43,0.076646,0.00076800148182187
2025-07-25T07:29:01.736901,ETH-USDT,3643.23,3643.24,0.0397,0.2659
2025-07-25T07:29:01.737052,XRP-USDT,3.08534,3.08637,378.0,616.0
2025-07-25T07:29:01.740473,SOL-USDT,177.6762,177.7123,5.13,0.168
2025-07-25T07:29:01.740701,LTC-USDT,111.65,111.72,2.97,2.97
2025-07-25T07:29:01.835899,ETH-USDT,3643.23,3643.24,0.0375,0.0021
2025-07-25T07:29:01.836140,XRP-USDT,3.08545,3.08624,378.0,162.0
2025-07-25T07:29:01.837751,SOL-USDT,177.6876,177.7123,1.568,0.168
2025-07-25T07:29:01.935463,BTC-USDT,115641.42,115641.43,0.225623,0.00076800148182187
2025-07-25T07:29:01.935680,ETH-USDT,3642.78,3643.35,2.8444,0.18
2025-07-25T07:29:01.935945,XRP-USDT,3.08539,3.08548,378.0,290.01
2025-07-25T07:29:01.937482,SOL-USDT,177.6712,177.7123,5.13,0.168
2025-07-25T07:29:01.937629,LTC-USDT,111.65,111.71,2.97,2.97
2025-07-25T07:29:02.038036,ETH-USDT,3643.34,3643.35,0.2289,0.18
2025-07-25T07:29:02.038394,SOL-USDT,177.6712,177.7011,5.13,1.466
2025-07-25T07:29:02.038441,LTC-USDT,111.68,111.71,2.97,2.97
2025-07-25T07:29:02.134612,ETH-USDT,3643.34,3643.35,0.0388,2.927
2025-07-25T07:29:02.134661,XRP-USDT,3.08539,3.08616,378.0,540.0
2025-07-25T07:29:02.136620,SOL-USDT,177.7007,177.7123,1.455,0.168
2025-07-25T07:29:02.137250,LTC-USDT,111.68,111.73,2.97,2.97
2025-07-25T07:29:02.234976,ETH-USDT,3643.34,3643.35,2.7834,0.18
2025-07-25T07:29:02.235051,XRP-USDT,3.08539,3.08576,378.0,540.0
2025-07-25T07:29:02.236679,SOL-USDT,177.701,177.7123,5.13,0.168
2025-07-25T07:29:02.336450,XRP-USDT,3.08539,3.08571,378.0,290.07
2025-07-25T07:29:02.337917,SOL-USDT,177.7088,177.7123,1.556,0.168
2025-07-25T07:29:02.435862,ETH-USDT,3643.81,3643.82,2.9732,0.016
2025-07-25T07:29:02.436159,XRP-USDT,3.08539,3.08568,238.0,540.0
2025-07-25T07:29:02.437448,LTC-USDT,111.68,111.73,21.47,2.97
2025-07-25T07:29:02.534754,ETH-USDT,3643.81,3643.82,2.7443,0.016
2025-07-25T07:29:02.535002,XRP-USDT,3.08547,3.08568,378.0,540.0
2025-07-25T07:29:02.536484,LTC-USDT,111.69,111.72,2.97,8.0039
2025-07-25T07:29:02.635325,ETH-USDT,3643.81,3643.82,2.7443,0.0549
2025-07-25T07:29:02.636096,XRP-USDT,3.08547,3.08558,378.0,288.16
2025-07-25T07:29:02.834730,ETH-USDT,3643.6,3643.61,2.784,0.3027
2025-07-25T07:29:02.836331,SOL-USDT,177.701,177.7123,5.13,0.168
2025-07-25T07:29:02.836369,LTC-USDT,111.7,111.71,1.7,2.97
2025-07-25T07:29:02.934733,ETH-USDT,3643.8,3643.81,0.2289,0.3982
2025-07-25T07:29:02.934804,XRP-USDT,3.08543,3.08558,378.0,288.16
2025-07-25T07:29:02.935955,LTC-USDT,111.7,111.73,1.7,8.0039
2025-07-25T07:29:03.034608,ETH-USDT,3643.8,3643.81,2.7444,0.3982
2025-07-25T07:29:03.035737,LTC-USDT,111.7,111.72,1.7,2.97
2025-07-25T07:29:03.134605,ETH-USDT,3643.8,3643.81,2.7444,0.3027
2025-07-25T07:29:03.136916,SOL-USDT,177.7122,177.7133,1.462,3.0
2025-07-25T07:29:03.236755,SOL-USDT,177.7122,177.7215,1.462,1.465
2025-07-25T07:29:03.237075,LTC-USDT,111.7,111.71,1.7,2.97
2025-07-25T07:29:03.334981,XRP-USDT,3.08549,3.08558,378.0,288.16
2025-07-25T07:29:03.457270,ETH-USDT,3643.8,3643.81,2.7444,0.3982
2025-07-25T07:29:03.634996,ETH-USDT,3643.6,3643.61,0.0396,0.3027
2025-07-25T07:29:03.735448,BTC-USDT,115641.42,115641.43,0.076646,0.00076800148182187
2025-07-25T07:29:03.736390,XRP-USDT,3.08542,3.08558,378.0,666.16
2025-07-25T07:29:03.739293,LTC-USDT,111.7,111.71,6.864,2.97
2025-07-25T07:29:03.836968,BTC-USDT,115641.42,115641.43,0.008646,0.00645700148182187
2025-07-25T07:29:03.838919,ETH-USDT,3643.6,3643.61,0.0396,3.4482
2025-07-25T07:29:03.839605,XRP-USDT,3.08511,3.08524,162.0,279.88
2025-07-25T07:29:03.842266,LTC-USDT,111.7,111.71,6.864,10.9739
2025-07-25T07:29:03.936068,ETH-USDT,3642.71,3643.6,0.0038,0.7586
2025-07-25T07:29:03.936357,XRP-USDT,3.0852,3.08524,162.0,279.88
2025-07-25T07:29:03.937623,SOL-USDT,177.7122,177.717,1.462,1.546
2025-07-25T07:29:03.937884,LTC-USDT,111.7,111.71,11.841,13.5649
2025-07-25T07:29:04.035315,BTC-USDT,115641.42,115641.43,0.008646,0.01365500148182187
2025-07-25T07:29:04.035734,ETH-USDT,3642.71,3643.57,0.0038,0.4002
2025-07-25T07:29:04.036077,XRP-USDT,3.08493,3.085,378.0,275.54
2025-07-25T07:29:04.135776,ETH-USDT,3643.39,3643.49,0.0381,0.0381
2025-07-25T07:29:04.136117,XRP-USDT,3.08493,3.08499,378.0,414.31
2025-07-25T07:29:04.138719,SOL-USDT,177.6766,177.717,5.13,1.546
2025-07-25T07:29:04.236081,ETH-USDT,3643.39,3643.4,0.0381,0.3067
2025-07-25T07:29:04.236264,XRP-USDT,3.08481,3.08482,540.0,283.69
2025-07-25T07:29:04.237331,SOL-USDT,177.6766,177.7052,5.13,1.444
2025-07-25T07:29:04.335044,ETH-USDT,3643.39,3643.4,0.0381,1.5827
2025-07-25T07:29:04.436233,ETH-USDT,3642.71,3643.39,0.0038,0.7586
2025-07-25T07:29:04.436431,XRP-USDT,3.08481,3.08482,162.0,661.69
2025-07-25T07:29:04.536253,ETH-USDT,3641.92,3643.22,0.0042,0.0393
2025-07-25T07:29:04.536575,XRP-USDT,3.0844,3.08458,378.0,283.0
2025-07-25T07:29:04.538125,SOL-USDT,177.6951,177.7052,1.565,1.444
2025-07-25T07:29:04.634970,XRP-USDT,3.08456,3.08458,162.0,283.0
2025-07-25T07:29:04.737894,ETH-USDT,3642.72,3642.87,0.037,1.273
2025-07-25T07:29:04.738246,XRP-USDT,3.08424,3.0844,162.0,276.42
2025-07-25T07:29:04.741990,SOL-USDT,177.608,177.6852,5.13,1.515
2025-07-25T07:29:04.742325,LTC-USDT,111.7,111.71,15.8395,15.2649
2025-07-25T07:29:04.835506,ETH-USDT,3642.72,3642.73,0.037,0.3068
2025-07-25T07:29:04.835967,XRP-USDT,3.08431,3.08432,378.0,293.36
2025-07-25T07:29:04.837053,SOL-USDT,177.6543,177.6852,5.13,1.515
2025-07-25T07:29:04.837091,LTC-USDT,111.65,111.7,2.97,2.591
2025-07-25T07:29:04.935094,BTC-USDT,115641.42,115641.43,0.008646,0.01356500148182187
2025-07-25T07:29:04.935432,ETH-USDT,3642.44,3642.45,0.0043,0.269
2025-07-25T07:29:04.935635,XRP-USDT,3.08406,3.0841,162.0,274.53
2025-07-25T07:29:04.937032,SOL-USDT,177.6762,177.6852,1.492,1.515
2025-07-25T07:29:05.035259,ETH-USDT,3641.91,3642.45,0.0138,0.269
2025-07-25T07:29:05.035547,XRP-USDT,3.08409,3.0841,540.0,274.53
2025-07-25T07:29:05.036922,LTC-USDT,111.65,111.69,2.97,2.97
2025-07-25T07:29:05.135330,ETH-USDT,3642.44,3642.45,0.0374,0.269
2025-07-25T07:29:05.136406,LTC-USDT,111.67,111.69,2.97,2.97
2025-07-25T07:29:05.237649,ETH-USDT,3642.44,3642.45,2.7828,0.269
2025-07-25T07:29:05.334875,ETH-USDT,3642.44,3642.73,2.7454,0.3982
2025-07-25T07:29:05.336549,LTC-USDT,111.66,111.69,2.97,2.97
2025-07-25T07:29:05.436467,ETH-USDT,3642.66,3642.71,0.04,2.7453
2025-07-25T07:29:05.534710,ETH-USDT,3642.66,3642.67,0.04,0.3066
2025-07-25T07:29:05.635314,ETH-USDT,3642.66,3642.67,0.04,0.7048
2025-07-25T07:29:05.635580,XRP-USDT,3.08412,3.08496,162.0,616.0
2025-07-25T07:29:05.734982,ETH-USDT,3641.53,3642.67,3.0,0.7048
2025-07-25T07:29:05.735189,XRP-USDT,3.08415,3.08483,378.0,13.85
2025-07-25T07:29:05.736073,LTC-USDT,111.66,111.69,2.97,2.97
2025-07-25T07:29:05.834562,ETH-USDT,3641.53,3642.66,3.0,0.3982
2025-07-25T07:29:05.834859,XRP-USDT,3.08412,3.08413,162.0,284.7
2025-07-25T07:29:05.934844,ETH-USDT,3642.64,3642.65,0.0389,0.004
2025-07-25T07:29:05.934891,XRP-USDT,3.08412,3.08413,540.0,284.7
2025-07-25T07:29:06.035336,ETH-USDT,3642.64,3642.65,2.7841,0.004
2025-07-25T07:29:06.035763,XRP-USDT,3.08442,3.08475,378.0,378.0
2025-07-25T07:29:06.036679,SOL-USDT,177.6772,177.6852,5.13,1.515
2025-07-25T07:29:06.036718,LTC-USDT,111.66,111.7,2.97,8.0039
2025-07-25T07:29:06.136629,XRP-USDT,3.08442,3.08443,378.0,61.0
2025-07-25T07:29:06.141030,LTC-USDT,111.66,111.69,2.97,1.7
2025-07-25T07:29:06.236302,XRP-USDT,3.08443,3.08482,378.0,414.31
2025-07-25T07:29:06.237957,SOL-USDT,177.6867,177.7313,1.583,3.68
2025-07-25T07:29:06.336185,ETH-USDT,3642.79,3643.24,2.745,0.5412
2025-07-25T07:29:06.336397,XRP-USDT,3.08478,3.08479,1122.46,298.0
2025-07-25T07:29:06.337744,SOL-USDT,177.6943,177.7313,1.564,3.68
2025-07-25T07:29:06.337801,LTC-USDT,111.66,111.69,2.97,1.7
2025-07-25T07:29:06.436007,ETH-USDT,3642.79,3642.8,2.745,0.3027
2025-07-25T07:29:06.535756,ETH-USDT,3642.89,3642.9,2.974,0.3982
2025-07-25T07:29:06.535833,XRP-USDT,3.08483,3.08516,238.0,162.0
2025-07-25T07:29:06.537206,SOL-USDT,177.6947,177.7053,5.13,1.466
2025-07-25T07:29:06.635815,ETH-USDT,3642.89,3642.9,3.0118,0.3982
2025-07-25T07:29:06.636281,XRP-USDT,3.08501,3.08516,378.0,540.0
2025-07-25T07:29:06.736229,BTC-USDT,115641.42,115641.43,0.012956,0.01356500148182187
2025-07-25T07:29:06.736420,ETH-USDT,3642.91,3643.51,2.7448,0.5412
2025-07-25T07:29:06.736635,XRP-USDT,3.08517,3.08518,778.0,100.0
2025-07-25T07:29:06.737860,SOL-USDT,177.6994,177.7053,1.575,1.466
2025-07-25T07:29:06.836509,BTC-USDT,115641.42,115641.43,0.008646,0.01356500148182187
2025-07-25T07:29:06.836776,ETH-USDT,3643.1,3643.11,2.9738,0.0382
2025-07-25T07:29:06.836838,XRP-USDT,3.08517,3.08518,540.0,100.0
2025-07-25T07:29:06.934530,ETH-USDT,3643.1,3643.11,2.7449,0.0382
2025-07-25T07:29:06.934768,XRP-USDT,3.08517,3.08518,162.0,395.77
2025-07-25T07:29:07.036135,ETH-USDT,3642.12,3642.9,2.745,0.3027
2025-07-25T07:29:07.036198,XRP-USDT,3.08517,3.08518,162.0,773.77
2025-07-25T07:29:07.136076,ETH-USDT,3641.48,3642.89,0.0145,2.7453
2025-07-25T07:29:07.136415,XRP-USDT,3.08479,3.08487,2.97,668.88
2025-07-25T07:29:07.139207,LTC-USDT,111.66,111.69,2.97,4.67
2025-07-25T07:29:07.237316,ETH-USDT,3641.45,3642.84,3.0,0.7586
2025-07-25T07:29:07.237358,XRP-USDT,3.08478,3.08486,744.46,13.85
2025-07-25T07:29:07.238773,SOL-USDT,177.6543,177.6988,5.13,1.56
2025-07-25T07:29:07.238836,LTC-USDT,111.66,111.68,2.97,2.97
2025-07-25T07:29:07.335712,ETH-USDT,3642.56,3642.57,0.0376,1.6811
2025-07-25T07:29:07.336106,XRP-USDT,3.08478,3.08485,744.46,414.31
2025-07-25T07:29:07.337720,LTC-USDT,111.66,111.68,2.97,2.97
2025-07-25T07:29:07.435364,ETH-USDT,3642.56,3642.57,0.0376,2.0793
2025-07-25T07:29:07.435665,XRP-USDT,3.08478,3.08479,744.46,297.55
2025-07-25T07:29:07.436811,SOL-USDT,177.6852,177.6988,1.444,1.56
2025-07-25T07:29:07.436848,LTC-USDT,111.66,111.69,2.97,4.67
2025-07-25T07:29:07.537939,LTC-USDT,111.66,111.69,2.97,1.7
2025-07-25T07:29:07.735159,XRP-USDT,3.08478,3.08479,744.46,675.55
2025-07-25T07:29:07.737418,LTC-USDT,111.66,111.69,2.97,1.7
2025-07-25T07:29:07.834723,ETH-USDT,3642.56,3642.57,0.0376,4.8246
2025-07-25T07:29:07.835051,XRP-USDT,3.08478,3.08479,744.46,358.55
2025-07-25T07:29:07.837573,SOL-USDT,177.6917,177.6988,1.557,1.56
2025-07-25T07:29:07.934690,ETH-USDT,3642.56,3642.57,2.7829,0.4013
2025-07-25T07:29:08.033900,ETH-USDT,3642.56,3642.57,2.7829,0.3982
2025-07-25T07:29:08.134415,XRP-USDT,3.08478,3.08479,744.46,772.86
2025-07-25T07:29:08.135449,LTC-USDT,111.66,111.69,21.47,1.7
2025-07-25T07:29:08.236862,LTC-USDT,111.67,111.74,2.97,2.97
2025-07-25T07:29:08.435991,LTC-USDT,111.67,111.72,2.97,2.97
2025-07-25T07:29:08.534901,ETH-USDT,3642.72,3643.02,0.2289,0.0031
2025-07-25T07:29:08.535122,XRP-USDT,3.08466,3.08477,162.0,13.85
2025-07-25T07:29:08.537944,LTC-USDT,111.67,111.7,2.97,2.97
2025-07-25T07:29:08.634555,ETH-USDT,3642.56,3642.57,0.0376,0.2659
2025-07-25T07:29:08.634749,XRP-USDT,3.08466,3.08467,162.0,336.77
2025-07-25T07:29:08.735436,ETH-USDT,3642.56,3642.57,0.0376,0.269
2025-07-25T07:29:08.735476,XRP-USDT,3.08466,3.08467,540.0,336.77
2025-07-25T07:29:08.960686,LTC-USDT,111.67,111.7,2.97,2.97
2025-07-25T07:29:09.034108,ETH-USDT,3642.56,3642.57,0.0376,0.0031
2025-07-25T07:29:09.135164,ETH-USDT,3642.56,3642.57,2.7829,0.0031
2025-07-25T07:29:09.338537,ETH-USDT,3642.56,3642.57,2.7829,0.3027
2025-07-25T07:29:09.338578,SOL-USDT,177.6917,177.7346,1.557,0.168
2025-07-25T07:29:09.338609,LTC-USDT,111.67,111.71,2.97,8.0039
2025-07-25T07:29:09.436096,BTC-USDT,115641.42,115641.43,0.157623,0.01356500148182187
2025-07-25T07:29:09.436465,ETH-USDT,3642.8,3642.81,2.9741,0.3982
2025-07-25T07:29:09.436622,XRP-USDT,3.08466,3.08467,778.0,61.0
2025-07-25T07:29:09.438254,SOL-USDT,177.6755,177.7323,5.13,3.68
2025-07-25T07:29:09.438443,LTC-USDT,111.67,111.7,2.97,2.97
2025-07-25T07:29:09.535121,BTC-USDT,115641.42,115641.43,0.008646,0.01356500148182187
2025-07-25T07:29:09.535881,ETH-USDT,3643.1,3643.11,0.2289,0.0044
2025-07-25T07:29:09.536577,XRP-USDT,3.08477,3.08515,378.0,13.85
2025-07-25T07:29:09.539676,SOL-USDT,177.7042,177.7346,1.568,0.168
2025-07-25T07:29:09.539942,LTC-USDT,111.67,111.71,2.97,8.0039
2025-07-25T07:29:09.635064,ETH-USDT,3643.1,3643.11,0.2289,3.1475
2025-07-25T07:29:09.635116,XRP-USDT,3.08477,3.08511,378.0,540.0
2025-07-25T07:29:09.636985,SOL-USDT,177.7042,177.7127,1.568,1.452
2025-07-25T07:29:09.637023,LTC-USDT,111.67,111.7,2.97,2.97
2025-07-25T07:29:09.735495,BTC-USDT,115641.42,115641.43,0.008646,0.01347500148182187
2025-07-25T07:29:09.735921,ETH-USDT,3642.93,3642.94,2.974,0.04
2025-07-25T07:29:09.736146,XRP-USDT,3.08477,3.08484,378.0,290.53
2025-07-25T07:29:09.837771,ETH-USDT,3642.72,3642.94,0.0399,2.785
2025-07-25T07:29:09.934216,ETH-USDT,3642.72,3642.73,2.785,0.3027
2025-07-25T07:29:10.034724,ETH-USDT,3642.93,3642.94,2.745,2.7882
2025-07-25T07:29:10.034933,XRP-USDT,3.08457,3.08484,2.97,290.53
2025-07-25T07:29:10.136080,BTC-USDT,115641.42,115641.43,0.012956,0.00778600148182187
2025-07-25T07:29:10.136265,ETH-USDT,3642.93,3642.94,2.2777,0.04
2025-07-25T07:29:10.136533,XRP-USDT,3.0848,3.08484,238.0,290.53
2025-07-25T07:29:10.235128,BTC-USDT,115641.42,115641.43,0.012956,0.01347500148182187
2025-07-25T07:29:10.235414,XRP-USDT,3.08492,3.08517,378.0,540.0
2025-07-25T07:29:10.237092,LTC-USDT,111.67,111.71,2.97,8.0039
2025-07-25T07:29:10.334426,XRP-USDT,3.08485,3.08515,378.0,540.0
2025-07-25T07:29:10.335233,LTC-USDT,111.67,111.7,2.97,2.97
2025-07-25T07:29:10.435356,BTC-USDT,115641.42,115641.43,0.008646,0.01347500148182187
2025-07-25T07:29:10.435739,ETH-USDT,3642.93,3643.44,2.2777,1.6471
2025-07-25T07:29:10.436105,XRP-USDT,3.08501,3.08515,378.0,540.0
2025-07-25T07:29:10.535931,ETH-USDT,3642.93,3643.41,2.2777,0.7586
2025-07-25T07:29:10.536288,XRP-USDT,3.08472,3.085,378.0,540.0
2025-07-25T07:29:10.634353,ETH-USDT,3642.86,3643.37,2.7448,0.0047
2025-07-25T07:29:10.634620,XRP-USDT,3.08472,3.08477,378.0,291.48
2025-07-25T07:29:10.735174,ETH-USDT,3642.86,3643.06,2.7448,0.0376
2025-07-25T07:29:10.736476,LTC-USDT,111.68,111.7,8.0264,2.97
2025-07-25T07:29:10.836336,ETH-USDT,3642.86,3643.05,2.7448,0.3982
2025-07-25T07:29:10.836587,XRP-USDT,3.08472,3.08499,378.0,540.0
2025-07-25T07:29:10.934703,ETH-USDT,3642.86,3642.87,2.7448,0.2659
2025-07-25T07:29:10.936617,XRP-USDT,3.08472,3.08499,378.0,162.0
2025-07-25T07:29:11.035279,ETH-USDT,3642.86,3643.05,2.7448,0.3982
2025-07-25T07:29:11.036971,XRP-USDT,3.08483,3.08488,378.0,295.89
2025-07-25T07:29:11.134529,ETH-USDT,3642.86,3642.87,2.7448,0.3027
2025-07-25T07:29:11.237641,LTC-USDT,111.68,111.71,8.0264,8.0039
2025-07-25T07:29:11.334052,ETH-USDT,3642.86,3643.05,2.7448,0.3982
2025-07-25T07:29:11.434132,ETH-USDT,3643.04,3643.05,0.2289,0.3982
2025-07-25T07:29:11.435810,LTC-USDT,111.69,111.7,2.97,5.4224
2025-07-25T07:29:11.534741,ETH-USDT,3643.04,3643.05,0.2289,3.1467
2025-07-25T07:29:11.534816,XRP-USDT,3.08483,3.08484,378.0,298.52
2025-07-25T07:29:11.535866,LTC-USDT,111.69,111.71,2.97,8.0039
2025-07-25T07:29:11.634589,BTC-USDT,115641.42,115641.43,0.012956,0.01347500148182187
2025-07-25T07:29:11.634860,ETH-USDT,3642.86,3643.05,2.7449,3.1467
2025-07-25T07:29:11.733721,BTC-USDT,115641.42,115641.43,0.008646,0.01347500148182187
2025-07-25T07:29:11.734035,ETH-USDT,3643.04,3643.05,0.2289,3.1467
2025-07-25T07:29:11.855320,ETH-USDT,3642.85,3642.86,2.7833,0.3027
2025-07-25T07:29:11.934456,ETH-USDT,3642.85,3643.05,2.7833,0.3982
2025-07-25T07:29:11.934512,XRP-USDT,3.08483,3.08484,1083.51,298.52
2025-07-25T07:29:11.935289,LTC-USDT,111.69,111.71,2.97,8.0039
2025-07-25T07:29:12.034417,ETH-USDT,3642.95,3642.96,2.7815,0.3027
2025-07-25T07:29:12.034584,XRP-USDT,3.08483,3.08484,705.51,298.52
2025-07-25T07:29:12.035867,LTC-USDT,111.68,111.7,8.0264,2.97
2025-07-25T07:29:12.134269,ETH-USDT,3642.95,3642.96,0.0365,0.3027
2025-07-25T07:29:12.134537,XRP-USDT,3.08483,3.08484,705.51,676.52
2025-07-25T07:29:12.135404,LTC-USDT,111.68,111.7,5.0564,2.97
2025-07-25T07:29:12.236208,ETH-USDT,3642.95,3642.96,0.0365,0.3062
2025-07-25T07:29:12.236433,LTC-USDT,111.68,111.7,8.0264,2.97
2025-07-25T07:29:12.437255,ETH-USDT,3642.95,3642.96,2.7815,0.3062
2025-07-25T07:29:12.537463,BTC-USDT,115641.42,115641.43,0.157623,0.01347500148182187
2025-07-25T07:29:12.537549,ETH-USDT,3643.09,3643.1,2.7839,0.3027
2025-07-25T07:29:12.537594,XRP-USDT,3.08483,3.08484,705.51,298.52
2025-07-25T07:29:12.537634,LTC-USDT,111.69,111.71,2.97,2.97
2025-07-25T07:29:12.634747,ETH-USDT,3643.09,3643.1,0.039,0.3027
2025-07-25T07:29:12.636868,LTC-USDT,111.69,111.71,2.97,2.97
2025-07-25T07:29:12.734100,ETH-USDT,3642.31,3643.1,2.7452,0.3027
2025-07-25T07:29:12.837563,ETH-USDT,3642.5,3643.18,0.5466,0.0362
2025-07-25T07:29:12.939551,BTC-USDT,115641.42,115641.43,0.225623,0.00058800148182187
2025-07-25T07:29:12.939624,ETH-USDT,3642.98,3643.74,0.5466,2.1578
2025-07-25T07:29:12.939667,XRP-USDT,3.08513,3.08514,378.0,576.31
2025-07-25T07:29:12.939701,SOL-USDT,177.7048,177.7127,5.13,1.452
2025-07-25T07:29:12.939745,LTC-USDT,111.69,111.72,2.97,3.1819
2025-07-25T07:29:13.036507,ETH-USDT,3643.25,3643.71,2.7446,0.0046
2025-07-25T07:29:13.036757,XRP-USDT,3.08504,3.0851,378.0,162.0
2025-07-25T07:29:13.038029,LTC-USDT,111.69,111.71,2.97,2.97
2025-07-25T07:29:13.134864,ETH-USDT,3643.25,3643.46,2.7446,0.0363
2025-07-25T07:29:13.134927,XRP-USDT,3.08504,3.08508,378.0,443.13
2025-07-25T07:29:13.235211,ETH-USDT,3643.25,3643.26,2.7446,0.3027
2025-07-25T07:29:13.235467,XRP-USDT,3.08504,3.08505,378.0,162.0
2025-07-25T07:29:13.335475,ETH-USDT,3643.25,3643.26,2.7446,0.3982
2025-07-25T07:29:13.337777,SOL-USDT,177.7042,177.7127,1.568,1.452
2025-07-25T07:29:13.436093,XRP-USDT,3.08504,3.08505,378.0,576.31
2025-07-25T07:29:13.438065,LTC-USDT,111.69,111.71,2.97,10.9739
2025-07-25T07:29:13.534626,ETH-USDT,3643.24,3643.25,0.036,1.0648
2025-07-25T07:29:13.534966,XRP-USDT,3.0849,3.08505,378.0,540.0
2025-07-25T07:29:13.537026,LTC-USDT,111.68,111.7,2.97,2.97
2025-07-25T07:29:13.635917,LTC-USDT,111.68,111.71,2.97,8.0039
2025-07-25T07:29:13.735047,XRP-USDT,3.08494,3.08504,378.0,162.0
2025-07-25T07:29:13.736011,LTC-USDT,111.68,111.7,2.97,2.97
2025-07-25T07:29:13.836030,ETH-USDT,3643.24,3643.25,0.036,0.7044
2025-07-25T07:29:14.133748,XRP-USDT,3.08497,3.08508,238.0,281.13
2025-07-25T07:29:14.134940,LTC-USDT,111.68,111.71,2.97,8.0039
2025-07-25T07:29:14.234669,XRP-USDT,3.08516,3.08517,378.0,162.0
2025-07-25T07:29:14.235838,LTC-USDT,111.68,111.71,2.97,8.0039
2025-07-25T07:29:14.335047,ETH-USDT,3643.24,3643.25,2.7808,0.7009
2025-07-25T07:29:14.434589,XRP-USDT,3.08516,3.08517,378.0,443.7
2025-07-25T07:29:14.535681,XRP-USDT,3.08516,3.08517,1092.76,443.7
2025-07-25T07:29:14.537177,LTC-USDT,111.68,111.71,2.97,8.0039
2025-07-25T07:29:14.634074,ETH-USDT,3643.24,3643.25,2.7808,0.3982
2025-07-25T07:29:14.635361,LTC-USDT,111.68,111.71,2.97,8.0039
2025-07-25T07:29:14.934099,XRP-USDT,3.08516,3.08517,714.76,443.7
2025-07-25T07:29:15.034696,ETH-USDT,3643.24,3643.25,0.036,0.4015
2025-07-25T07:29:15.135150,LTC-USDT,111.68,111.71,2.97,8.0039
2025-07-25T07:29:15.636250,LTC-USDT,111.68,111.71,2.97,8.0039
2025-07-25T07:29:15.934464,XRP-USDT,3.08516,3.08517,714.76,443.7
2025-07-25T07:29:16.034727,ETH-USDT,3643.24,3643.25,2.7808,0.3982
2025-07-25T07:29:16.035653,SOL-USDT,177.6827,177.7346,0.168,0.168
2025-07-25T07:29:16.134245,ETH-USDT,3643.24,3643.25,0.036,0.3982
2025-07-25T07:29:16.134403,XRP-USDT,3.08516,3.08517,714.76,821.7
2025-07-25T07:29:16.136637,SOL-USDT,177.7095,177.7419,1.447,0.164
2025-07-25T07:29:16.136852,LTC-USDT,111.68,111.71,2.97,8.0039
2025-07-25T07:29:16.334423,ETH-USDT,3643.24,3643.25,0.036,0.4009
2025-07-25T07:29:16.335938,SOL-USDT,177.7095,177.716,1.447,1.553
2025-07-25T07:29:16.434977,ETH-USDT,3643.24,3643.25,0.036,0.3982
2025-07-25T07:29:16.435731,LTC-USDT,111.7,111.71,1.7,8.0039
2025-07-25T07:29:16.539487,LTC-USDT,111.68,111.7,21.47,2.97
2025-07-25T07:29:16.634108,BTC-USDT,115645.65,115645.66,0.331754,0.001901
2025-07-25T07:29:16.734511,BTC-USDT,115645.65,115645.66,0.341794,0.001901
2025-07-25T07:29:16.734905,XRP-USDT,3.08447,3.08473,378.0,676.27
2025-07-25T07:29:16.836339,XRP-USDT,3.08439,3.08473,378.0,676.27
2025-07-25T07:29:16.837632,LTC-USDT,111.68,111.7,21.47,2.97
2025-07-25T07:29:16.935609,BTC-USDT,115645.65,115645.66,0.341476,0.267003
2025-07-25T07:29:16.935934,ETH-USDT,3642.16,3643.25,0.0042,0.3982
2025-07-25T07:29:16.936167,XRP-USDT,3.08442,3.08455,162.0,378.0
2025-07-25T07:29:16.938182,SOL-USDT,177.6827,177.716,0.168,1.553
2025-07-25T07:29:16.938243,LTC-USDT,111.68,111.7,18.5,2.97
2025-07-25T07:29:17.036106,BTC-USDT,115645.65,115645.66,0.273476,0.267003
2025-07-25T07:29:17.036450,ETH-USDT,3642.16,3643.06,0.0042,0.3982
2025-07-25T07:29:17.036496,XRP-USDT,3.08412,3.08454,378.0,792.31
2025-07-25T07:29:17.038555,SOL-USDT,177.6609,177.716,5.13,1.553
2025-07-25T07:29:17.038592,LTC-USDT,111.67,111.7,18.5,2.97
2025-07-25T07:29:17.136290,ETH-USDT,3641.84,3643.05,0.0067,0.7586
2025-07-25T07:29:17.136568,XRP-USDT,3.08411,3.08429,378.0,13.85
2025-07-25T07:29:17.237200,ETH-USDT,3642.8,3642.81,0.0376,1.7284
2025-07-25T07:29:17.237266,XRP-USDT,3.08376,3.08412,162.0,339.08
2025-07-25T07:29:17.239084,SOL-USDT,177.6609,177.7112,5.13,1.48
2025-07-25T07:29:17.344590,ETH-USDT,3642.15,3642.81,0.0044,2.1266
2025-07-25T07:29:17.344632,XRP-USDT,3.08401,3.08412,378.0,339.08
2025-07-25T07:29:17.347960,LTC-USDT,111.68,111.7,2.97,2.97
2025-07-25T07:29:17.434929,BTC-USDT,115645.65,115645.66,0.272958,0.267003
2025-07-25T07:29:17.437200,SOL-USDT,177.6985,177.7112,1.472,1.48
2025-07-25T07:29:17.437453,LTC-USDT,111.67,111.7,18.5,2.97
2025-07-25T07:29:17.537875,BTC-USDT,115645.65,115645.66,0.014376,0.267003
2025-07-25T07:29:17.635742,BTC-USDT,115645.65,115645.66,0.014376,0.274201
2025-07-25T07:29:17.636108,ETH-USDT,3642.5,3642.51,0.0382,0.3027
2025-07-25T07:29:17.636155,XRP-USDT,3.08372,3.08396,378.0,281.83
2025-07-25T07:29:17.637871,SOL-USDT,177.6985,177.7111,1.472,3.68
2025-07-25T07:29:17.638024,LTC-USDT,111.66,111.7,18.5,2.97
2025-07-25T07:29:17.734868,XRP-USDT,3.08395,3.08396,378.0,281.83
2025-07-25T07:29:17.736552,LTC-USDT,111.67,111.7,2.97,2.97
2025-07-25T07:29:17.836255,XRP-USDT,3.08395,3.08396,378.0,696.14
2025-07-25T07:29:17.934227,BTC-USDT,115645.65,115645.66,0.014376,0.2741110032919523
2025-07-25T07:29:17.935383,ETH-USDT,3642.5,3642.51,0.0382,0.7009
2025-07-25T07:29:17.935420,XRP-USDT,3.08395,3.08396,378.0,709.99
2025-07-25T07:29:18.035392,XRP-USDT,3.08388,3.08396,378.0,709.99
2025-07-25T07:29:18.135122,ETH-USDT,3642.5,3642.51,2.7835,0.7044
2025-07-25T07:29:18.135434,XRP-USDT,3.0839,3.08396,378.0,709.99
2025-07-25T07:29:18.136884,SOL-USDT,177.7031,177.74,1.574,3.68
2025-07-25T07:29:18.136921,LTC-USDT,111.67,111.71,2.97,12.2949
2025-07-25T07:29:18.235167,ETH-USDT,3642.5,3642.51,0.0382,0.4012
2025-07-25T07:29:18.235376,XRP-USDT,3.0839,3.08395,378.0,414.31
2025-07-25T07:29:18.236686,SOL-USDT,177.7113,177.74,1.537,3.68
2025-07-25T07:29:18.236925,LTC-USDT,111.67,111.7,2.97,2.97
2025-07-25T07:29:18.337125,XRP-USDT,3.08384,3.08387,755.74,673.8
2025-07-25T07:29:18.436958,XRP-USDT,3.08384,3.08385,755.74,667.53
2025-07-25T07:29:18.439003,SOL-USDT,177.6705,177.718,3.68,1.553
2025-07-25T07:29:18.535952,BTC-USDT,115645.65,115645.66,0.00573,0.34901100329195234
2025-07-25T07:29:18.536004,ETH-USDT,3642.5,3642.51,0.0382,3.1465
2025-07-25T07:29:18.536315,XRP-USDT,3.08351,3.0837,378.0,671.67
2025-07-25T07:29:18.538132,SOL-USDT,177.6706,177.718,5.13,1.553
2025-07-25T07:29:18.538170,LTC-USDT,111.66,111.69,2.97,2.97
2025-07-25T07:29:18.636416,XRP-USDT,3.08356,3.08368,378.0,414.31
2025-07-25T07:29:18.737654,XRP-USDT,3.08342,3.08352,100.0,667.04
2025-07-25T07:29:18.739678,SOL-USDT,177.6431,177.7127,5.527,1.572
2025-07-25T07:29:18.835194,XRP-USDT,3.08342,3.08343,100.0,294.95
2025-07-25T07:29:18.836984,SOL-USDT,177.652,177.7082,5.13,1.549
2025-07-25T07:29:18.936067,ETH-USDT,3641.85,3642.33,2.7453,0.0366
2025-07-25T07:29:18.936502,XRP-USDT,3.08342,3.08343,100.0,723.11
2025-07-25T07:29:18.939713,LTC-USDT,111.65,111.69,2.97,5.561
2025-07-25T07:29:19.036373,ETH-USDT,3641.63,3642.05,0.0079,0.0373
2025-07-25T07:29:19.036588,XRP-USDT,3.08342,3.08343,100.0,1160.3
2025-07-25T07:29:19.037971,SOL-USDT,177.699,177.7082,1.54,1.549
2025-07-25T07:29:19.038179,LTC-USDT,111.65,111.68,2.97,2.97
2025-07-25T07:29:19.135038,ETH-USDT,3641.27,3642.05,0.5466,0.0373
2025-07-25T07:29:19.136826,LTC-USDT,111.65,111.7,2.97,2.591
2025-07-25T07:29:19.236485,BTC-USDT,115645.65,115645.66,0.005172,0.34901100329195234
2025-07-25T07:29:19.236539,ETH-USDT,3641.82,3641.83,0.0363,0.3027
2025-07-25T07:29:19.236899,LTC-USDT,111.65,111.69,2.97,2.97
2025-07-25T07:29:19.335219,BTC-USDT,115645.65,115645.66,0.004614,0.34901100329195234
2025-07-25T07:29:19.335518,ETH-USDT,3641.82,3641.83,0.0363,0.3055
2025-07-25T07:29:19.454586,BTC-USDT,115645.65,115645.66,0.000842,0.34901100329195234
2025-07-25T07:29:19.455107,ETH-USDT,3641.24,3641.83,5.4636,0.3027
2025-07-25T07:29:19.459605,SOL-USDT,177.6517,177.7082,3.68,5.13
2025-07-25T07:29:19.536429,ETH-USDT,3641.24,3641.81,5.4636,0.0041
2025-07-25T07:29:19.536751,XRP-USDT,3.08342,3.08343,885.74,1398.3
2025-07-25T07:29:19.539431,SOL-USDT,177.6468,177.687,5.13,1.491
2025-07-25T07:29:19.539804,LTC-USDT,111.65,111.67,2.97,2.97
2025-07-25T07:29:19.636163,ETH-USDT,3641.24,3641.81,5.4636,0.4023
2025-07-25T07:29:19.640972,SOL-USDT,177.6468,177.7107,5.13,3.68
2025-07-25T07:29:19.641207,LTC-USDT,111.65,111.67,2.97,5.561
2025-07-25T07:29:19.735853,ETH-USDT,3641.57,3641.58,0.0363,0.3027
2025-07-25T07:29:19.736062,XRP-USDT,3.08342,3.08343,885.74,1160.3
2025-07-25T07:29:19.737290,SOL-USDT,177.6838,177.7107,1.572,3.68
2025-07-25T07:29:19.737326,LTC-USDT,111.62,111.69,2.97,2.97
2025-07-25T07:29:19.834635,BTC-USDT,115645.65,115645.66,0.004614,0.34901100329195234
2025-07-25T07:29:19.834995,ETH-USDT,3641.57,3641.58,0.0363,0.7044
2025-07-25T07:29:19.836126,LTC-USDT,111.64,111.67,2.97,2.97
2025-07-25T07:29:19.938025,SOL-USDT,177.6838,177.6928,1.572,1.469
2025-07-25T07:29:20.034965,XRP-USDT,3.08342,3.08343,885.74,782.3
2025-07-25T07:29:20.036969,LTC-USDT,111.64,111.67,2.97,2.97
2025-07-25T07:29:20.134189,ETH-USDT,3641.57,3641.58,0.0363,3.4504
2025-07-25T07:29:20.134409,XRP-USDT,3.08342,3.08343,885.74,489.16
2025-07-25T07:29:20.334666,XRP-USDT,3.08342,3.08343,885.74,761.4
2025-07-25T07:29:20.335757,LTC-USDT,111.66,111.7,2.97,2.591
2025-07-25T07:29:20.435115,LTC-USDT,111.66,111.67,2.97,1.7
2025-07-25T07:29:20.535053,ETH-USDT,3640.96,3641.58,2.746,3.4504
2025-07-25T07:29:20.538914,SOL-USDT,177.6468,177.6928,5.13,1.469
2025-07-25T07:29:20.539289,LTC-USDT,111.65,111.67,4.9892,1.7
2025-07-25T07:29:20.635317,ETH-USDT,3640.69,3641.38,2.7464,0.3982
2025-07-25T07:29:20.637166,SOL-USDT,177.6339,177.6749,5.13,1.45
2025-07-25T07:29:20.637318,LTC-USDT,111.65,111.66,4.9892,4.67
2025-07-25T07:29:20.734835,ETH-USDT,3640.69,3641.37,2.7464,0.7586
2025-07-25T07:29:20.835749,ETH-USDT,3641.15,3641.16,0.0372,0.3057
2025-07-25T07:29:20.935855,ETH-USDT,3641.15,3641.16,0.0372,0.7039
2025-07-25T07:29:20.937075,SOL-USDT,177.6667,177.6749,1.479,1.45
2025-07-25T07:29:20.937226,LTC-USDT,111.65,111.66,8.4286,1.7
2025-07-25T07:29:21.136324,XRP-USDT,3.08342,3.08343,1658.67,761.4
2025-07-25T07:29:21.140938,SOL-USDT,177.6244,177.6436,3.0,1.585
2025-07-25T07:29:21.141103,LTC-USDT,111.65,111.66,5.4586,4.67
2025-07-25T07:29:21.235843,BTC-USDT,115641.43,115641.44,0.006652,0.128025
2025-07-25T07:29:21.236059,ETH-USDT,3640.57,3641.15,2.7465,0.3982
2025-07-25T07:29:21.237620,SOL-USDT,177.6244,177.648,3.0,5.13
2025-07-25T07:29:21.337223,BTC-USDT,115641.43,115641.44,0.0027,0.139235
2025-07-25T07:29:21.337286,ETH-USDT,3640.57,3641.14,2.7465,0.004
2025-07-25T07:29:21.435614,ETH-USDT,3641.08,3641.09,0.0361,0.3027
2025-07-25T07:29:21.438043,SOL-USDT,177.6244,177.6356,3.0,1.464
2025-07-25T07:29:21.438081,LTC-USDT,111.65,111.66,5.4586,4.67
2025-07-25T07:29:21.534558,ETH-USDT,3641.08,3641.09,0.0361,0.3061
2025-07-25T07:29:21.536315,SOL-USDT,177.6244,177.6278,3.0,1.477
2025-07-25T07:29:21.634771,BTC-USDT,115641.43,115641.44,0.00215,0.139235
2025-07-25T07:29:21.636456,SOL-USDT,177.6244,177.6245,3.0,1.483
2025-07-25T07:29:21.636494,LTC-USDT,111.65,111.66,5.4586,4.67
2025-07-25T07:29:21.834557,ETH-USDT,3641.08,3641.09,0.0361,0.7043
2025-07-25T07:29:22.136142,LTC-USDT,111.65,111.66,5.4586,4.67
2025-07-25T07:29:22.234964,XRP-USDT,3.08342,3.08343,2406.62,761.4
2025-07-25T07:29:22.338370,LTC-USDT,111.65,111.66,8.4286,1.7
2025-07-25T07:29:22.434511,ETH-USDT,3641.08,3641.09,0.0361,0.4014
2025-07-25T07:29:22.436412,LTC-USDT,111.65,111.66,5.4586,4.67
2025-07-25T07:29:22.634304,BTC-USDT,115641.43,115641.44,0.00215,0.1391449967157102
2025-07-25T07:29:22.634558,XRP-USDT,3.08342,3.08343,2406.62,700.4
2025-07-25T07:29:22.855047,LTC-USDT,111.65,111.66,5.4586,4.67
2025-07-25T07:29:22.935446,LTC-USDT,111.65,111.66,8.4286,1.7
2025-07-25T07:29:23.037387,LTC-USDT,111.65,111.66,8.4286,1.7
2025-07-25T07:29:23.134883,XRP-USDT,3.08342,3.08343,3163.57,700.4
2025-07-25T07:29:23.236813,ETH-USDT,3641.36,3641.37,0.2289,2.7534
2025-07-25T07:29:23.237027,XRP-USDT,3.08372,3.08411,378.0,378.0
2025-07-25T07:29:23.238825,SOL-USDT,177.6244,177.6603,3.0,3.68
2025-07-25T07:29:23.238863,LTC-USDT,111.65,111.66,2.97,1.7
2025-07-25T07:29:23.335967,ETH-USDT,3641.08,3641.09,0.0361,0.3061
2025-07-25T07:29:23.336220,XRP-USDT,3.08343,3.0838,2.97,378.0
2025-07-25T07:29:23.337704,LTC-USDT,111.63,111.67,2.97,2.97
2025-07-25T07:29:23.435557,ETH-USDT,3640.31,3641.09,2.7467,0.3061
2025-07-25T07:29:23.436601,XRP-USDT,3.08357,3.08358,540.0,272.49
2025-07-25T07:29:23.439495,SOL-USDT,177.6244,177.6446,3.0,5.13
2025-07-25T07:29:23.536139,BTC-USDT,115641.43,115641.44,0.00215,0.1426199967157102
2025-07-25T07:29:23.536891,XRP-USDT,3.08357,3.08358,162.0,650.49
2025-07-25T07:29:23.538262,SOL-USDT,177.6244,177.6245,3.0,1.534
2025-07-25T07:29:23.636736,BTC-USDT,115635.0,115635.01,0.00011,0.058646
2025-07-25T07:29:23.636812,ETH-USDT,3640.87,3640.88,0.0377,1.683
2025-07-25T07:29:23.636853,XRP-USDT,3.08342,3.08343,161.0,279.78
2025-07-25T07:29:23.637724,LTC-USDT,111.63,111.67,2.97,2.97
2025-07-25T07:29:23.735759,BTC-USDT,115635.0,115635.01,0.00011,0.38987
2025-07-25T07:29:23.735847,ETH-USDT,3640.87,3640.88,0.0377,1.6866
2025-07-25T07:29:24.035322,XRP-USDT,3.08342,3.08343,100.0,279.78
2025-07-25T07:29:24.036667,LTC-USDT,111.62,111.65,18.5,2.97
2025-07-25T07:29:24.135681,ETH-USDT,3640.0,3640.88,0.0306,2.0848
2025-07-25T07:29:24.135748,XRP-USDT,3.08342,3.08343,823.28,657.78
2025-07-25T07:29:24.138181,SOL-USDT,177.6244,177.6245,0.75,6.664
2025-07-25T07:29:24.138215,LTC-USDT,111.63,111.65,2.97,2.97
2025-07-25T07:29:24.236005,ETH-USDT,3640.02,3640.83,0.7584,0.0368
2025-07-25T07:29:24.335092,XRP-USDT,3.08342,3.08343,823.28,279.78
2025-07-25T07:29:24.434624,ETH-USDT,3640.6,3640.61,0.038,0.3058
2025-07-25T07:29:24.536470,LTC-USDT,111.63,111.65,2.97,2.97
2025-07-25T07:29:24.736153,ETH-USDT,3640.6,3640.61,2.7847,0.0031
2025-07-25T07:29:24.736191,XRP-USDT,3.08371,3.08446,378.0,378.0
2025-07-25T07:29:24.738852,SOL-USDT,177.6244,177.6245,0.75,1.534
2025-07-25T07:29:24.835187,ETH-USDT,3640.76,3641.16,2.7465,0.0037
2025-07-25T07:29:24.835506,XRP-USDT,3.08399,3.08441,378.0,414.31
2025-07-25T07:29:24.839123,LTC-USDT,111.63,111.66,2.97,8.0039
2025-07-25T07:29:24.934885,XRP-USDT,3.08397,3.08429,378.0,378.0
2025-07-25T07:29:25.034817,ETH-USDT,3640.75,3641.14,0.0373,1.5358
2025-07-25T07:29:25.034871,XRP-USDT,3.08375,3.08376,378.0,276.03
2025-07-25T07:29:25.036160,LTC-USDT,111.63,111.65,2.97,2.97
2025-07-25T07:29:25.134227,ETH-USDT,3640.75,3640.76,0.0373,3.0525
2025-07-25T07:29:25.135431,LTC-USDT,111.62,111.65,18.5,2.97
2025-07-25T07:29:25.234729,XRP-USDT,3.08374,3.08375,378.0,162.0
2025-07-25T07:29:25.334204,ETH-USDT,3640.75,3640.95,0.0373,0.0384
2025-07-25T07:29:25.336502,LTC-USDT,111.63,111.65,2.97,2.97
2025-07-25T07:29:25.434736,ETH-USDT,3640.75,3640.76,0.0373,0.3058
2025-07-25T07:29:25.436496,LTC-USDT,111.63,111.65,2.97,4.67
2025-07-25T07:29:25.534988,BTC-USDT,115635.0,115635.01,0.00011,0.32618
2025-07-25T07:29:25.535041,ETH-USDT,3640.76,3640.95,2.7465,0.0384
2025-07-25T07:29:25.639621,ETH-USDT,3640.75,3640.76,0.0373,0.3027
2025-07-25T07:29:25.737831,ETH-USDT,3640.75,3640.95,2.7838,0.0384
2025-07-25T07:29:25.737883,LTC-USDT,111.63,111.65,2.97,4.67
2025-07-25T07:29:25.835464,ETH-USDT,3640.75,3640.76,2.7838,0.3027
2025-07-25T07:29:25.838629,LTC-USDT,111.63,111.65,2.97,1.7
2025-07-25T07:29:25.934610,ETH-USDT,3640.75,3640.95,2.7838,0.0384
2025-07-25T07:29:25.936263,SOL-USDT,177.6244,177.6495,0.75,5.527
2025-07-25T07:29:26.035194,ETH-USDT,3640.94,3640.95,2.7465,0.0384
2025-07-25T07:29:26.037186,LTC-USDT,111.63,111.65,2.97,4.67
2025-07-25T07:29:26.136841,LTC-USDT,111.63,111.65,2.97,4.67
2025-07-25T07:29:26.237740,SOL-USDT,177.6244,177.6245,0.75,1.549
2025-07-25T07:29:26.434048,ETH-USDT,3640.94,3640.95,2.9754,0.0384
2025-07-25T07:29:26.436030,LTC-USDT,111.62,111.65,18.5,4.67
2025-07-25T07:29:26.534555,ETH-USDT,3640.94,3640.95,2.7465,0.0384
2025-07-25T07:29:26.538240,LTC-USDT,111.63,111.65,2.97,4.67
2025-07-25T07:29:26.634590,ETH-USDT,3640.75,3640.76,0.0373,0.3027
2025-07-25T07:29:26.634753,XRP-USDT,3.0836,3.08366,238.0,296.3
2025-07-25T07:29:26.636312,SOL-USDT,177.6244,177.6245,0.75,6.679
2025-07-25T07:29:26.636352,LTC-USDT,111.62,111.65,18.5,4.67
2025-07-25T07:29:26.735612,ETH-USDT,3640.75,3640.76,0.0373,3.0523
2025-07-25T07:29:26.735858,XRP-USDT,3.08351,3.08366,378.0,296.3
2025-07-25T07:29:26.736714,LTC-USDT,111.62,111.64,18.5,2.97
2025-07-25T07:29:26.836417,LTC-USDT,111.63,111.64,2.97,2.97
2025-07-25T07:29:26.935263,XRP-USDT,3.08342,3.08356,723.28,175.85
2025-07-25T07:29:26.936841,LTC-USDT,111.61,111.64,21.47,2.97
2025-07-25T07:29:27.035086,XRP-USDT,3.08342,3.08343,723.28,1124.76
2025-07-25T07:29:27.036219,LTC-USDT,111.62,111.64,2.97,2.97
2025-07-25T07:29:27.134980,ETH-USDT,3640.02,3640.76,0.7584,3.0523
2025-07-25T07:29:27.135287,XRP-USDT,3.08342,3.08343,723.28,1138.61
2025-07-25T07:29:27.235190,ETH-USDT,3640.0,3640.76,0.0306,3.0523
2025-07-25T07:29:27.236747,SOL-USDT,177.6036,177.6037,1.5,1.543
2025-07-25T07:29:27.236967,LTC-USDT,111.61,111.64,18.5,2.97
2025-07-25T07:29:27.334908,ETH-USDT,3640.65,3640.74,0.0385,0.0038
2025-07-25T07:29:27.334961,XRP-USDT,3.08342,3.08343,723.28,760.61
2025-07-25T07:29:27.336081,SOL-USDT,177.6036,177.6037,1.5,6.673
2025-07-25T07:29:27.336118,LTC-USDT,111.61,111.63,2.97,2.97
2025-07-25T07:29:27.436587,ETH-USDT,3640.65,3640.66,0.0385,0.306
2025-07-25T07:29:27.437189,LTC-USDT,111.61,111.63,2.97,2.97
2025-07-25T07:29:27.536192,ETH-USDT,3640.01,3640.66,2.747,0.306
2025-07-25T07:29:27.537400,SOL-USDT,177.5995,177.5996,63.471,6.723
2025-07-25T07:29:27.537442,LTC-USDT,111.59,111.63,2.97,2.97
2025-07-25T07:29:27.735721,SOL-USDT,177.5757,177.5811,1.451,1.569
2025-07-25T07:29:27.834776,ETH-USDT,3640.46,3640.47,0.0375,0.2685
2025-07-25T07:29:28.033836,ETH-USDT,3640.46,3640.47,2.7844,0.2659
2025-07-25T07:29:28.134160,BTC-USDT,115635.0,115635.01,6e-06,0.32618
2025-07-25T07:29:28.134210,ETH-USDT,3640.46,3640.47,2.7844,0.3027
2025-07-25T07:29:28.135467,LTC-USDT,111.6,111.63,2.97,2.97
2025-07-25T07:29:28.234500,XRP-USDT,3.08342,3.08343,723.28,332.45
2025-07-25T07:29:28.333138,ETH-USDT,3640.46,3640.47,0.0375,0.3027
2025-07-25T07:29:28.333461,XRP-USDT,3.08342,3.08343,723.28,710.45
2025-07-25T07:29:28.433413,ETH-USDT,3640.46,3640.47,2.7844,0.3027
2025-07-25T07:29:28.433626,XRP-USDT,3.08342,3.08343,723.28,710.45
2025-07-25T07:29:28.533387,XRP-USDT,3.08315,3.08333,378.0,378.0
2025-07-25T07:29:28.633473,XRP-USDT,3.08318,3.08332,378.0,162.0
2025-07-25T07:29:28.634434,LTC-USDT,111.6,111.63,2.97,2.97
2025-07-25T07:29:28.733673,XRP-USDT,3.08318,3.08337,378.0,290.95
2025-07-25T07:29:28.833098,XRP-USDT,3.08318,3.08336,238.0,162.0
2025-07-25T07:29:28.933284,XRP-USDT,3.08332,3.08336,378.0,162.0
2025-07-25T07:29:29.033928,XRP-USDT,3.08335,3.08336,378.0,162.0
2025-07-25T07:29:29.133271,XRP-USDT,3.08315,3.08326,162.0,378.0
2025-07-25T07:29:29.135422,SOL-USDT,177.5314,177.5811,5.13,1.569
2025-07-25T07:29:29.135635,LTC-USDT,111.6,111.63,2.97,2.97
2025-07-25T07:29:29.335332,SOL-USDT,177.5725,177.5811,1.56,1.569
2025-07-25T07:29:29.433480,ETH-USDT,3640.01,3640.47,2.747,0.3027
2025-07-25T07:29:29.533758,ETH-USDT,3640.01,3640.46,2.747,0.0033
2025-07-25T07:29:29.535967,LTC-USDT,111.6,111.63,2.97,2.97
2025-07-25T07:29:29.733424,ETH-USDT,3640.41,3640.42,0.0381,0.2691
2025-07-25T07:29:29.833310,BTC-USDT,115635.0,115635.01,6e-06,0.32608999499546026
2025-07-25T07:29:29.834389,LTC-USDT,111.6,111.63,2.97,2.97
2025-07-25T07:29:29.934132,XRP-USDT,3.08315,3.08316,162.0,378.0
2025-07-25T07:29:30.235740,XRP-USDT,3.08315,3.08323,162.0,378.0
2025-07-25T07:29:30.434211,XRP-USDT,3.08284,3.08316,238.0,271.16
2025-07-25T07:29:30.534527,BTC-USDT,115635.0,115635.01,6e-06,0.07545499499546028
2025-07-25T07:29:30.534776,ETH-USDT,3640.41,3640.42,0.0381,2.0324
2025-07-25T07:29:30.535066,XRP-USDT,3.08304,3.08316,162.0,378.0
2025-07-25T07:29:30.535748,LTC-USDT,111.6,111.63,2.97,2.97
2025-07-25T07:29:30.633331,BTC-USDT,115635.0,115635.01,0.259442,0.07545499499546028
2025-07-25T07:29:30.633515,ETH-USDT,3640.01,3640.41,2.747,0.0035
2025-07-25T07:29:30.633725,XRP-USDT,3.08308,3.08342,378.0,175.85
2025-07-25T07:29:30.736354,ETH-USDT,3640.01,3640.41,2.747,0.4017
2025-07-25T07:29:30.736403,XRP-USDT,3.08263,3.0834,100.0,162.0
2025-07-25T07:29:30.834051,ETH-USDT,3640.3,3640.31,0.0394,0.3027
2025-07-25T07:29:30.834091,XRP-USDT,3.08301,3.08323,378.0,661.77
2025-07-25T07:29:30.835136,SOL-USDT,177.5314,177.5811,5.13,1.569
2025-07-25T07:29:30.933510,ETH-USDT,3640.3,3640.31,0.0394,0.306
2025-07-25T07:29:30.933755,XRP-USDT,3.08302,3.08313,162.0,284.78
2025-07-25T07:29:30.934658,LTC-USDT,111.6,111.63,2.97,2.97
2025-07-25T07:29:31.032924,ETH-USDT,3640.3,3640.31,0.0394,3.4512
2025-07-25T07:29:31.033125,XRP-USDT,3.08311,3.08323,162.0,378.0
2025-07-25T07:29:31.133030,XRP-USDT,3.08311,3.08323,540.0,378.0
2025-07-25T07:29:31.133624,SOL-USDT,177.5687,177.5811,1.479,1.569
2025-07-25T07:29:31.336940,XRP-USDT,3.08313,3.08318,162.0,272.54
2025-07-25T07:29:31.433910,LTC-USDT,111.61,111.63,2.97,2.97
2025-07-25T07:29:31.633076,XRP-USDT,3.08313,3.08318,162.0,650.54
2025-07-25T07:29:31.734054,BTC-USDT,115635.0,115635.01,6e-06,0.07545499499546028
2025-07-25T07:29:31.735872,SOL-USDT,177.5687,177.5757,1.479,1.48
2025-07-25T07:29:31.735931,LTC-USDT,111.6,111.63,2.97,2.97
2025-07-25T07:29:31.833165,BTC-USDT,115635.0,115635.01,6e-06,0.07491099499926536
2025-07-25T07:29:31.933010,XRP-USDT,3.08314,3.08318,162.0,650.54
2025-07-25T07:29:33.254828,BTC-USDT,115635.0,115635.01,0.259442,0.07491099499926536
2025-07-25T07:29:33.254887,XRP-USDT,3.08314,3.08318,162.0,251.26
2025-07-25T07:29:33.254919,LTC-USDT,111.6,111.63,2.97,2.97
2025-07-25T07:29:33.254952,XRP-USDT,3.08314,3.08318,162.0,629.26
2025-07-25T07:29:33.254983,XRP-USDT,3.08316,3.08318,378.0,251.26
2025-07-25T07:29:33.255015,XRP-USDT,3.08299,3.08318,378.0,629.26
2025-07-25T07:29:33.255040,XRP-USDT,3.08307,3.08318,162.0,629.26
2025-07-25T07:29:33.255069,LTC-USDT,111.6,111.63,2.97,2.97
2025-07-25T07:29:33.255100,XRP-USDT,3.08311,3.08318,378.0,251.26
2025-07-25T07:29:33.255125,XRP-USDT,3.08312,3.08318,540.0,251.26
2025-07-25T07:29:33.255153,XRP-USDT,3.08314,3.08318,162.0,251.26
2025-07-25T07:29:33.255178,LTC-USDT,111.6,111.63,2.97,2.97
2025-07-25T07:29:33.255202,XRP-USDT,3.08314,3.08318,162.0,251.26
2025-07-25T07:29:33.433852,XRP-USDT,3.08314,3.08318,162.0,629.26
2025-07-25T07:29:33.633852,XRP-USDT,3.08296,3.08339,283.81,540.0
2025-07-25T07:29:33.734467,BTC-USDT,115635.0,115635.01,6e-06,0.07491099499926536
2025-07-25T07:29:33.734522,ETH-USDT,3640.01,3640.31,2.747,3.1485
2025-07-25T07:29:33.734741,XRP-USDT,3.08263,3.08333,100.0,162.0
2025-07-25T07:29:33.738214,SOL-USDT,177.5286,177.5757,3.68,1.48
2025-07-25T07:29:33.833957,XRP-USDT,3.08263,3.08312,100.0,238.0
2025-07-25T07:29:33.835434,SOL-USDT,177.5205,177.5712,5.13,1.564
2025-07-25T07:29:33.835661,LTC-USDT,111.6,111.63,2.97,2.97
2025-07-25T07:29:33.933998,ETH-USDT,3640.01,3640.02,2.747,0.2659
2025-07-25T07:29:33.934045,XRP-USDT,3.08302,3.08477,238.0,378.0
2025-07-25T07:29:33.935111,SOL-USDT,177.5228,177.5712,5.13,1.564
2025-07-25T07:29:34.036825,ETH-USDT,3640.3,3640.31,0.0395,3.1485
2025-07-25T07:29:34.037201,XRP-USDT,3.08334,3.08341,378.0,293.62
2025-07-25T07:29:34.040232,SOL-USDT,177.566,177.5947,1.541,3.68
2025-07-25T07:29:34.233471,XRP-USDT,3.08341,3.08367,238.0,13.85
2025-07-25T07:29:34.333833,XRP-USDT,3.08333,3.0836,238.0,540.0
2025-07-25T07:29:34.335311,SOL-USDT,177.566,177.5763,1.541,1.551
2025-07-25T07:29:34.335349,LTC-USDT,111.61,111.63,5.6947,2.97
2025-07-25T07:29:34.433604,XRP-USDT,3.08321,3.08358,238.0,540.0
2025-07-25T07:29:34.532621,XRP-USDT,3.08322,3.08356,378.0,540.0
2025-07-25T07:29:34.533341,LTC-USDT,111.61,111.63,5.6947,2.97
2025-07-25T07:29:34.633698,XRP-USDT,3.0831,3.08341,238.0,162.0
2025-07-25T07:29:34.734467,XRP-USDT,3.08305,3.08341,296.03,540.0
2025-07-25T07:29:34.735550,SOL-USDT,177.5258,177.5757,3.68,5.13
2025-07-25T07:29:34.833704,XRP-USDT,3.08305,3.08332,296.03,292.57
2025-07-25T07:29:34.834481,SOL-USDT,177.5142,177.5517,5.13,1.467
2025-07-25T07:29:34.935100,LTC-USDT,111.61,111.63,5.6947,2.97
2025-07-25T07:29:35.035388,XRP-USDT,3.08306,3.08323,378.0,280.17
2025-07-25T07:29:35.035456,SOL-USDT,177.5432,177.5517,1.444,1.467
2025-07-25T07:29:35.035511,LTC-USDT,111.61,111.62,5.6947,4.67
2025-07-25T07:29:35.133140,XRP-USDT,3.08305,3.08322,296.03,792.31
2025-07-25T07:29:35.134119,LTC-USDT,111.61,111.62,5.6947,4.67
2025-07-25T07:29:35.233686,XRP-USDT,3.08305,3.0832,296.03,540.0
2025-07-25T07:29:35.235292,LTC-USDT,111.62,111.67,2.97,2.97
2025-07-25T07:29:35.333694,XRP-USDT,3.08266,3.08319,378.0,13.85
2025-07-25T07:29:35.334670,LTC-USDT,111.62,111.65,2.97,2.97
2025-07-25T07:29:35.433754,XRP-USDT,3.08294,3.08318,378.0,540.0
2025-07-25T07:29:35.534109,XRP-USDT,3.08265,3.08314,240.97,540.0
2025-07-25T07:29:35.537012,LTC-USDT,111.62,111.66,2.97,8.0039
2025-07-25T07:29:35.634509,XRP-USDT,3.08265,3.08307,2.97,238.0
2025-07-25T07:29:35.636555,SOL-USDT,177.5044,177.5517,3.68,1.467
2025-07-25T07:29:35.636605,LTC-USDT,111.62,111.65,2.97,2.97
2025-07-25T07:29:35.734480,XRP-USDT,3.08184,3.08296,238.0,238.0
2025-07-25T07:29:35.736931,SOL-USDT,177.5045,177.5517,5.13,1.467
2025-07-25T07:29:35.736980,LTC-USDT,111.62,111.65,2.97,2.97
2025-07-25T07:29:35.834584,XRP-USDT,3.08243,3.08292,378.0,391.85
2025-07-25T07:29:35.934024,XRP-USDT,3.08278,3.08289,274.47,162.0
2025-07-25T07:29:35.935205,SOL-USDT,177.5432,177.5517,1.587,1.467
2025-07-25T07:29:36.033544,XRP-USDT,3.08278,3.08286,274.47,391.85
2025-07-25T07:29:36.136578,XRP-USDT,3.08278,3.08285,274.47,540.0
2025-07-25T07:29:36.138764,SOL-USDT,177.4985,177.5351,5.527,1.589
2025-07-25T07:29:36.237365,ETH-USDT,3639.01,3639.92,0.5466,0.0397
2025-07-25T07:29:36.237532,XRP-USDT,3.08108,3.08285,2.97,540.0
2025-07-25T07:29:36.239143,SOL-USDT,177.5181,177.5725,5.13,0.168
2025-07-25T07:29:36.339014,ETH-USDT,3639.09,3639.92,0.5466,0.0397
2025-07-25T07:29:36.339525,XRP-USDT,3.08206,3.08283,238.0,553.85
2025-07-25T07:29:36.343066,SOL-USDT,177.5379,177.5923,5.13,5.13
2025-07-25T07:29:36.343278,LTC-USDT,111.62,111.65,2.97,2.97
2025-07-25T07:29:36.435037,ETH-USDT,3638.91,3639.72,0.3,0.3027
2025-07-25T07:29:36.435276,XRP-USDT,3.08265,3.0828,297.8,391.85
2025-07-25T07:29:36.437740,SOL-USDT,177.5407,177.5497,1.484,1.489
2025-07-25T07:29:36.535167,ETH-USDT,3638.91,3639.71,0.3,0.4044
2025-07-25T07:29:36.535424,XRP-USDT,3.0817,3.08276,500.0,540.0
2025-07-25T07:29:36.633906,ETH-USDT,3638.91,3639.71,0.3,0.4051
2025-07-25T07:29:36.634448,XRP-USDT,3.082,3.08254,378.0,553.85
2025-07-25T07:29:36.638993,SOL-USDT,177.5407,177.5496,1.484,5.71
2025-07-25T07:29:36.734041,ETH-USDT,3639.59,3639.6,0.04,0.2689
2025-07-25T07:29:36.734311,XRP-USDT,3.08195,3.08245,500.0,968.16
2025-07-25T07:29:36.835664,ETH-USDT,3638.91,3639.37,0.3,0.0366
2025-07-25T07:29:36.835718,XRP-USDT,3.08177,3.08245,238.0,968.16
2025-07-25T07:29:36.839288,SOL-USDT,177.4998,177.5496,5.13,5.71
2025-07-25T07:29:36.839584,LTC-USDT,111.61,111.65,24.1947,2.97
2025-07-25T07:29:36.934056,ETH-USDT,3638.91,3639.36,0.3,0.3982
2025-07-25T07:29:36.934110,XRP-USDT,3.08171,3.08231,378.0,540.0
2025-07-25T07:29:36.935247,SOL-USDT,177.4976,177.5339,3.0,1.444
2025-07-25T07:29:36.935459,LTC-USDT,111.61,111.63,5.6947,2.97
2025-07-25T07:29:37.033603,XRP-USDT,3.08188,3.08231,378.0,540.0
2025-07-25T07:29:37.036081,SOL-USDT,177.4976,177.5295,3.0,1.506
2025-07-25T07:29:37.036120,LTC-USDT,111.61,111.63,5.6947,2.97
2025-07-25T07:29:37.135656,ETH-USDT,3639.14,3639.15,0.0389,0.3056
2025-07-25T07:29:37.136146,XRP-USDT,3.08171,3.08231,500.0,540.0
2025-07-25T07:29:37.137411,SOL-USDT,177.5178,177.5343,1.516,5.527
2025-07-25T07:29:37.235562,XRP-USDT,3.08213,3.08231,298.96,778.0
2025-07-25T07:29:37.236832,SOL-USDT,177.5178,177.525,1.516,1.452
2025-07-25T07:29:37.338928,ETH-USDT,3638.91,3638.92,0.3,0.2659
2025-07-25T07:29:37.339259,XRP-USDT,3.08156,3.0822,2.97,13.85
2025-07-25T07:29:37.342181,SOL-USDT,177.4976,177.5197,3.0,1.477
2025-07-25T07:29:37.342234,LTC-USDT,111.61,111.62,5.6947,2.97
2025-07-25T07:29:37.435818,XRP-USDT,3.08143,3.08215,500.0,391.85
2025-07-25T07:29:37.534636,XRP-USDT,3.08145,3.08203,378.0,238.0
2025-07-25T07:29:37.535903,SOL-USDT,177.5098,177.5197,1.488,1.477
2025-07-25T07:29:37.637046,ETH-USDT,3638.91,3639.12,0.3,0.036
2025-07-25T07:29:37.637215,XRP-USDT,3.08169,3.082,271.53,540.0
2025-07-25T07:29:37.671551,LTC-USDT,111.61,111.62,0.8403,12.6739
2025-07-25T07:29:37.733847,ETH-USDT,3638.91,3638.92,0.3,0.305
2025-07-25T07:29:37.734157,XRP-USDT,3.08178,3.08179,298.53,614.85
2025-07-25T07:29:37.738501,LTC-USDT,111.61,111.62,5.6947,12.6739
2025-07-25T07:29:37.834450,ETH-USDT,3638.91,3638.92,0.3,0.0023
2025-07-25T07:29:37.935174,LTC-USDT,111.61,111.62,5.6947,12.6739
2025-07-25T07:29:38.036108,ETH-USDT,3638.91,3639.11,0.3,0.4023
2025-07-25T07:29:38.038349,LTC-USDT,111.61,111.62,5.6947,12.8858
2025-07-25T07:29:38.134901,ETH-USDT,3638.91,3638.92,0.3,0.3054
2025-07-25T07:29:38.134942,XRP-USDT,3.08178,3.08179,298.53,1029.16
2025-07-25T07:29:38.136234,LTC-USDT,111.58,111.61,2.97,2.97
2025-07-25T07:29:38.234741,ETH-USDT,3638.91,3638.92,0.3,0.7036
2025-07-25T07:29:38.334750,ETH-USDT,3638.91,3638.92,0.3365,0.7036
2025-07-25T07:29:38.334840,XRP-USDT,3.08178,3.08179,1443.44,236.85
2025-07-25T07:29:38.336082,SOL-USDT,177.5173,177.5343,1.46,5.527
2025-07-25T07:29:38.433939,ETH-USDT,3638.91,3638.92,0.3365,0.4009
2025-07-25T07:29:38.434209,XRP-USDT,3.08178,3.08179,1065.44,614.85
2025-07-25T07:29:38.436416,SOL-USDT,177.5173,177.534,1.46,5.13
2025-07-25T07:29:38.535810,ETH-USDT,3638.91,3638.92,0.3,0.4009
2025-07-25T07:29:38.535869,XRP-USDT,3.08178,3.08179,298.53,614.85
2025-07-25T07:29:38.635168,SOL-USDT,177.5173,177.5226,1.46,1.491
2025-07-25T07:29:38.635226,LTC-USDT,111.58,111.61,2.97,2.97
2025-07-25T07:29:38.735300,XRP-USDT,3.08178,3.08179,676.53,74.85
2025-07-25T07:29:38.736741,SOL-USDT,177.4976,177.5226,3.0,1.491
2025-07-25T07:29:38.835233,SOL-USDT,177.4976,177.5152,3.0,1.483
2025-07-25T07:29:38.934011,XRP-USDT,3.08178,3.08179,1430.31,74.85
2025-07-25T07:29:38.935304,SOL-USDT,177.5077,177.534,1.511,5.13
2025-07-25T07:29:39.034407,XRP-USDT,3.08178,3.08179,1052.31,452.85
2025-07-25T07:29:39.035956,LTC-USDT,111.58,111.62,2.97,9.7039
2025-07-25T07:29:39.134738,XRP-USDT,3.08178,3.08179,1052.31,614.85
2025-07-25T07:29:39.236101,SOL-USDT,177.4976,177.5122,3.0,1.487
2025-07-25T07:29:39.236170,LTC-USDT,111.58,111.62,2.97,9.7039
2025-07-25T07:29:39.333913,ETH-USDT,3638.91,3638.92,0.3,0.4372
2025-07-25T07:29:39.335842,SOL-USDT,177.4924,177.5122,1.5,1.487
2025-07-25T07:29:39.481371,XRP-USDT,3.08178,3.08179,1052.31,236.85
2025-07-25T07:29:39.482977,SOL-USDT,177.5058,177.5122,1.465,1.487
2025-07-25T07:29:39.483180,LTC-USDT,111.58,111.61,2.97,8.0039
2025-07-25T07:29:39.533897,BTC-USDT,115635.0,115635.01,0.259442,0.07491099499926536
2025-07-25T07:29:39.535497,LTC-USDT,111.59,111.67,2.97,2.591
2025-07-25T07:29:39.633639,BTC-USDT,115635.0,115635.01,0.259344,0.07491099499926536
2025-07-25T07:29:39.635909,LTC-USDT,111.59,111.67,2.97,2.97
2025-07-25T07:29:39.733609,BTC-USDT,115630.47,115630.48,0.001957,0.423901
2025-07-25T07:29:39.835409,LTC-USDT,111.59,111.66,2.97,8.0039
2025-07-25T07:29:39.935196,BTC-USDT,115630.47,115630.48,0.001875,0.423901
2025-07-25T07:29:39.936404,LTC-USDT,111.59,111.65,2.97,2.97
2025-07-25T07:29:40.134842,XRP-USDT,3.08178,3.08179,1726.84,236.85
2025-07-25T07:29:40.136047,SOL-USDT,177.5058,177.5343,1.465,5.527
2025-07-25T07:29:40.136218,LTC-USDT,111.59,111.62,2.97,2.97
2025-07-25T07:29:40.334627,LTC-USDT,111.59,111.65,2.97,2.97
2025-07-25T07:29:40.435384,SOL-USDT,177.5058,177.5149,1.465,1.449
2025-07-25T07:29:40.435439,LTC-USDT,111.59,111.65,2.97,2.97
2025-07-25T07:29:40.534262,LTC-USDT,111.59,111.63,2.97,2.97
2025-07-25T07:29:40.635093,LTC-USDT,111.59,111.65,2.97,2.97
2025-07-25T07:29:40.734372,BTC-USDT,115630.47,115630.48,0.001875,0.487591
2025-07-25T07:29:40.734727,XRP-USDT,3.08178,3.08179,1726.84,614.85
2025-07-25T07:29:40.833899,XRP-USDT,3.08178,3.08179,2471.6,651.16
2025-07-25T07:29:40.934844,BTC-USDT,115630.47,115630.48,0.001695,0.487591
2025-07-25T07:29:40.935026,XRP-USDT,3.08178,3.08179,2471.6,236.85
2025-07-25T07:29:40.936804,SOL-USDT,177.5071,177.5149,5.13,1.449
2025-07-25T07:29:40.936842,LTC-USDT,111.59,111.64,2.97,8.0039
2025-07-25T07:29:41.036997,SOL-USDT,177.5116,177.5343,5.13,5.527
2025-07-25T07:29:41.236764,XRP-USDT,3.08178,3.08179,2471.6,175.85
2025-07-25T07:29:41.238036,SOL-USDT,177.5116,177.5214,5.13,1.504
2025-07-25T07:29:41.336840,LTC-USDT,111.59,111.63,2.97,2.97
2025-07-25T07:29:41.436393,SOL-USDT,177.511,177.5214,1.479,1.504
2025-07-25T07:29:41.634526,LTC-USDT,111.59,111.63,2.97,2.97
2025-07-25T07:29:41.835293,LTC-USDT,111.6,111.63,1.7,2.97
2025-07-25T07:29:41.937682,LTC-USDT,111.61,111.63,2.97,2.97
2025-07-25T07:29:42.033473,XRP-USDT,3.08178,3.08179,3241.42,175.85
2025-07-25T07:29:42.034865,LTC-USDT,111.61,111.64,2.97,8.0039
2025-07-25T07:29:42.135623,SOL-USDT,177.511,177.5159,1.479,1.498
2025-07-25T07:29:42.135901,LTC-USDT,111.61,111.63,2.97,2.97
2025-07-25T07:29:42.233829,ETH-USDT,3638.91,3638.92,0.1875,0.4345
2025-07-25T07:29:42.234148,XRP-USDT,3.08178,3.08179,3241.42,553.85
2025-07-25T07:29:42.236684,SOL-USDT,177.4723,177.5159,3.68,1.498
2025-07-25T07:29:42.334963,ETH-USDT,3638.62,3638.63,0.4,1.6764
2025-07-25T07:29:42.335116,XRP-USDT,3.08178,3.08179,3241.42,968.16
2025-07-25T07:29:42.336508,SOL-USDT,177.4723,177.5159,3.68,6.628
2025-07-25T07:29:42.336691,LTC-USDT,111.61,111.63,1.7,2.97
2025-07-25T07:29:42.433755,ETH-USDT,3638.62,3638.63,0.4,2.0784
2025-07-25T07:29:42.435416,SOL-USDT,177.4723,177.5149,3.68,5.13
2025-07-25T07:29:42.435653,LTC-USDT,111.61,111.63,4.67,2.97
2025-07-25T07:29:42.535178,SOL-USDT,177.5058,177.5149,1.462,5.13
2025-07-25T07:29:42.635916,LTC-USDT,111.61,111.63,4.67,2.97
2025-07-25T07:29:42.734574,XRP-USDT,3.08178,3.08179,3241.42,590.16
2025-07-25T07:29:42.736300,SOL-USDT,177.5058,177.5159,1.462,1.498
2025-07-25T07:29:42.736520,LTC-USDT,111.61,111.64,1.7,8.0039
2025-07-25T07:29:42.836330,LTC-USDT,111.62,111.64,2.97,8.0039
2025-07-25T07:29:43.334930,LTC-USDT,111.62,111.64,2.97,8.0039
2025-07-25T07:29:43.435156,LTC-USDT,111.61,111.63,4.67,2.97
2025-07-25T07:29:43.538008,LTC-USDT,111.62,111.64,2.97,8.0039
2025-07-25T07:29:43.633744,XRP-USDT,3.08178,3.08179,298.53,590.16
2025-07-25T07:29:43.735058,LTC-USDT,111.61,111.63,4.67,2.97
2025-07-25T07:29:43.934042,ETH-USDT,3638.3,3638.31,0.0382,0.2659
2025-07-25T07:29:43.934096,XRP-USDT,3.08178,3.08179,1037.35,968.16
2025-07-25T07:29:43.935356,LTC-USDT,111.61,111.63,4.67,2.97
2025-07-25T07:29:44.034261,ETH-USDT,3638.3,3638.31,0.0382,0.2686
2025-07-25T07:29:44.035177,XRP-USDT,3.08178,3.08179,1037.35,590.16
2025-07-25T07:29:44.038143,SOL-USDT,177.5115,177.5343,1.479,5.527
2025-07-25T07:29:44.137005,ETH-USDT,3638.3,3638.31,0.0382,0.0027
2025-07-25T07:29:44.137220,XRP-USDT,3.08178,3.08179,1037.35,175.85
2025-07-25T07:29:44.139195,LTC-USDT,111.62,111.64,5.5854,8.0039
2025-07-25T07:29:44.235581,ETH-USDT,3638.52,3638.53,0.2289,0.3982
2025-07-25T07:29:44.235871,XRP-USDT,3.08239,3.08244,378.0,162.0
2025-07-25T07:29:44.239972,SOL-USDT,177.5276,177.5704,6.641,0.168
2025-07-25T07:29:44.240021,LTC-USDT,111.63,111.67,2.97,2.97
2025-07-25T07:29:44.334759,ETH-USDT,3638.41,3638.42,0.0399,0.3027
2025-07-25T07:29:44.335100,XRP-USDT,3.08239,3.08293,378.0,616.0
2025-07-25T07:29:44.337905,SOL-USDT,177.5326,177.5704,1.523,0.168
2025-07-25T07:29:44.435550,ETH-USDT,3638.41,3638.42,0.0399,0.3049
2025-07-25T07:29:44.435893,XRP-USDT,3.08254,3.08277,378.0,661.82
2025-07-25T07:29:44.436849,SOL-USDT,177.5326,177.5452,1.523,1.577
2025-07-25T07:29:44.535055,ETH-USDT,3638.41,3638.42,0.0399,0.0022
2025-07-25T07:29:44.535109,XRP-USDT,3.08179,3.08276,2.97,540.0
2025-07-25T07:29:44.633719,XRP-USDT,3.08223,3.08274,378.0,540.0
2025-07-25T07:29:44.636127,SOL-USDT,177.5032,177.5376,3.68,1.448
2025-07-25T07:29:44.636453,LTC-USDT,111.63,111.67,21.47,2.97
2025-07-25T07:29:44.736369,ETH-USDT,3637.83,3638.32,0.6737,0.0397
2025-07-25T07:29:44.736653,XRP-USDT,3.08196,3.08263,378.0,162.0
2025-07-25T07:29:44.737889,SOL-USDT,177.5049,177.5376,5.13,1.448
2025-07-25T07:29:44.738093,LTC-USDT,111.64,111.69,2.97,2.97
2025-07-25T07:29:44.834598,ETH-USDT,3637.83,3638.23,0.6737,0.0386
2025-07-25T07:29:44.834919,XRP-USDT,3.08196,3.0825,378.0,175.85
2025-07-25T07:29:44.954560,XRP-USDT,3.08196,3.08245,378.0,553.85
2025-07-25T07:29:44.956917,SOL-USDT,177.5253,177.5376,1.448,1.448
2025-07-25T07:29:44.956954,LTC-USDT,111.65,111.66,1.7,2.97
2025-07-25T07:29:45.035346,ETH-USDT,3637.97,3638.23,0.0393,0.0386
2025-07-25T07:29:45.035693,XRP-USDT,3.08216,3.08238,275.5,540.0
2025-07-25T07:29:45.036676,LTC-USDT,111.65,111.68,1.7,8.0039
2025-07-25T07:29:45.134285,BTC-USDT,115630.47,115630.48,0.001695,0.387462
2025-07-25T07:29:45.134582,ETH-USDT,3637.83,3637.84,0.6737,0.2659
2025-07-25T07:29:45.134867,XRP-USDT,3.08178,3.08208,738.82,162.0
2025-07-25T07:29:45.136539,SOL-USDT,177.4764,177.5251,3.68,1.461
2025-07-25T07:29:45.136866,LTC-USDT,111.65,111.66,1.7,8.0039
2025-07-25T07:29:45.234710,ETH-USDT,3637.96,3637.97,0.2289,0.6823
2025-07-25T07:29:45.235016,XRP-USDT,3.08178,3.08195,738.82,162.0
2025-07-25T07:29:45.236028,SOL-USDT,177.4767,177.5251,5.13,1.461
2025-07-25T07:29:45.236184,LTC-USDT,111.62,111.65,5.5854,2.97
2025-07-25T07:29:45.339431,XRP-USDT,3.08178,3.08179,738.82,601.0
2025-07-25T07:29:45.339479,SOL-USDT,177.4882,177.5251,5.13,1.461
2025-07-25T07:29:45.339507,LTC-USDT,111.62,111.64,5.5854,2.97
2025-07-25T07:29:45.433688,ETH-USDT,3637.83,3637.84,0.6737,0.3027
2025-07-25T07:29:45.434318,XRP-USDT,3.08178,3.08179,738.82,614.85
2025-07-25T07:29:45.436347,SOL-USDT,177.5174,177.5251,1.516,1.461
2025-07-25T07:29:45.633629,XRP-USDT,3.08178,3.08179,738.82,651.16
2025-07-25T07:29:45.634887,LTC-USDT,111.63,111.65,2.97,2.97
2025-07-25T07:29:45.733288,ETH-USDT,3637.83,3637.91,0.6737,0.0395
2025-07-25T07:29:45.734586,LTC-USDT,111.62,111.65,5.5854,2.97
2025-07-25T07:29:45.834991,XRP-USDT,3.08178,3.08179,738.82,1029.16
2025-07-25T07:29:45.933972,ETH-USDT,3637.83,3637.84,0.6737,0.3027
2025-07-25T07:29:45.936772,LTC-USDT,111.62,111.65,5.5854,2.97
2025-07-25T07:29:46.033577,ETH-USDT,3637.9,3637.91,0.2289,0.0395
2025-07-25T07:29:46.135827,BTC-USDT,115630.47,115630.48,0.001695,0.638097
2025-07-25T07:29:46.136055,ETH-USDT,3637.83,3637.84,0.6737,0.3027
2025-07-25T07:29:46.234411,BTC-USDT,115630.0,115630.01,0.00021,0.129626
2025-07-25T07:29:46.234751,ETH-USDT,3637.83,3637.84,0.6737,0.3397
2025-07-25T07:29:46.236595,SOL-USDT,177.469,177.5187,3.68,1.496
2025-07-25T07:29:46.335291,BTC-USDT,115630.0,115630.01,0.00021,0.131516
2025-07-25T07:29:46.335347,XRP-USDT,3.08178,3.08179,738.82,1311.51
2025-07-25T07:29:46.338675,SOL-USDT,177.4703,177.5139,5.13,1.479
2025-07-25T07:29:46.436096,ETH-USDT,3637.83,3637.84,0.6737,0.037
2025-07-25T07:29:46.438318,SOL-USDT,177.4704,177.5139,3.68,1.479
2025-07-25T07:29:46.438426,LTC-USDT,111.63,111.65,2.97,2.97
2025-07-25T07:29:46.534446,BTC-USDT,115630.0,115630.01,0.00021,0.142726
2025-07-25T07:29:46.535139,XRP-USDT,3.08178,3.08179,738.82,771.51
2025-07-25T07:29:46.536458,SOL-USDT,177.5074,177.5338,5.13,0.168
