timestamp,symbol,bid,ask,bid_vol,ask_vol
2025-07-25T08:16:27.013695,1INCH-USDT,0.272907,0.273685,97.2,97.2
2025-07-25T08:16:27.013730,A-USDT,0.5589,0.5595,234.9,234.9
2025-07-25T08:16:27.013759,AAVE-USDT,287.0799,287.2533,0.486,0.486
2025-07-25T08:16:27.013808,AAVE-USDT,287.0799,287.2532,0.486,0.2579
2025-07-25T08:16:27.013838,ADA-USDT,0.797679,0.79771,37.256,351.0
2025-07-25T08:16:27.013872,ADA-USDT,0.797413,0.79771,351.0,351.0
2025-07-25T08:16:27.013905,AAVE-USDT,287.0799,287.2245,0.486,0.486
2025-07-25T08:16:27.013934,AERGO-USDT,0.12987,0.13083,77.8907,15959.66
2025-07-25T08:16:27.013967,AERGO-USDT,0.12977,0.13083,77.8907,15959.66
2025-07-25T08:16:27.013993,AAVE-USDT,287.0799,287.2533,0.486,0.486
2025-07-25T08:16:27.016079,AI-USDT,0.1307,0.131,4389.1734,78.3903
2025-07-25T08:16:27.016124,AI16Z-USDT,0.1463,0.1464,6166.6048,1310.5935
2025-07-25T08:16:27.016153,ADA-USDT,0.797654,0.79771,38.0214,351.0
2025-07-25T08:16:27.016183,AERGO-USDT,0.12977,0.13083,77.8907,15959.66
2025-07-25T08:16:27.016208,1INCH-USDT,0.272935,0.273657,97.2,97.2
2025-07-25T08:16:27.016238,AIXBT-USDT,0.1395,0.1396,259.0581,237.7943
2025-07-25T08:16:27.016278,AI16Z-USDT,0.1462,0.1464,947.9884,1310.5935
2025-07-25T08:16:27.016307,AERGO-USDT,0.12983,0.13083,1540.4837,15959.66
2025-07-25T08:16:27.016337,AIXBT-USDT,0.1393,0.1398,798.0,1636.7093
2025-07-25T08:16:27.016366,AAVE-USDT,287.0799,287.2533,0.486,0.486
2025-07-25T08:16:27.016397,ALCH-USDT,0.13715,0.13749,125.4108,1113.046
2025-07-25T08:16:27.016424,ALGO-USDT,0.2575,0.2577,11081.92,1024.4
2025-07-25T08:16:27.016449,ADA-USDT,0.797654,0.79771,38.0214,351.0
2025-07-25T08:16:27.032129,ANIME-USDT,0.018542,0.018606,35593.086,5903.4
2025-07-25T08:16:27.109469,AERGO-USDT,0.12984,0.13083,200.0,15959.66
2025-07-25T08:16:27.109511,1INCH-USDT,0.272963,0.273629,97.2,97.2
2025-07-25T08:16:27.109807,AIXBT-USDT,0.1394,0.1398,1326.9476,1636.7093
2025-07-25T08:16:27.309170,ALGO-USDT,0.2575,0.2576,11081.92,864.0
2025-07-25T08:16:27.309671,AAVE-USDT,287.0799,287.2234,0.486,0.486
2025-07-25T08:16:27.411930,ADA-USDT,0.797654,0.79771,38.0214,351.0
2025-07-25T08:16:27.412902,ALGO-USDT,0.2576,0.2577,864.0,979.0
2025-07-25T08:16:27.511858,ALCH-USDT,0.13715,0.13732,125.4108,485.9469
2025-07-25T08:16:27.512873,ALGO-USDT,0.2575,0.2577,11081.92,1024.4
2025-07-25T08:16:27.513979,AAVE-USDT,287.0799,287.1946,0.486,0.486
2025-07-25T08:16:27.609187,ALCH-USDT,0.13716,0.13747,1521.723,959.443
2025-07-25T08:16:27.712495,ALGO-USDT,0.2575,0.2577,11081.92,979.0
2025-07-25T08:16:27.713508,AIXBT-USDT,0.1394,0.1398,1326.9476,1636.7093
2025-07-25T08:16:27.714065,AAVE-USDT,287.0799,287.1658,0.486,0.486
2025-07-25T08:16:27.808673,ADA-USDT,0.797654,0.797682,38.0214,835.6481
2025-07-25T08:16:27.810036,ALCH-USDT,0.13717,0.13745,1647.1338,979.0072
2025-07-25T08:16:27.811428,AERGO-USDT,0.12985,0.13083,77.8907,15959.66
2025-07-25T08:16:27.812451,AAVE-USDT,287.0799,287.2234,0.486,0.486
2025-07-25T08:16:28.008504,ALCH-USDT,0.13718,0.13745,1521.723,979.0072
2025-07-25T08:16:28.009678,AAVE-USDT,287.0799,287.1383,0.486,0.486
2025-07-25T08:16:28.009717,A-USDT,0.5589,0.5595,234.9,234.9
2025-07-25T08:16:28.009977,ANIME-USDT,0.018541,0.018606,35595.0057,5903.4
2025-07-25T08:16:28.109183,ADA-USDT,0.797654,0.797668,38.0214,901.6937
2025-07-25T08:16:28.109234,AI16Z-USDT,0.1463,0.1464,836.2727,216.0
2025-07-25T08:16:28.109980,AERGO-USDT,0.12985,0.13083,77.8907,15959.66
2025-07-25T08:16:28.110540,ANIME-USDT,0.018543,0.018606,35591.1665,5903.4
2025-07-25T08:16:28.209563,AI-USDT,0.1307,0.131,6962.6234,78.3903
2025-07-25T08:16:28.210696,AERGO-USDT,0.12985,0.13082,77.8907,384.9457
2025-07-25T08:16:28.211738,ANIME-USDT,0.018541,0.018606,35595.0057,5903.4
2025-07-25T08:16:28.409104,ALCH-USDT,0.13719,0.13745,1521.723,979.0072
2025-07-25T08:16:28.411111,AERGO-USDT,0.12985,0.13082,77.8907,384.9457
2025-07-25T08:16:28.411237,AAVE-USDT,287.0799,287.1518,0.486,2.3362
2025-07-25T08:16:28.511299,ADA-USDT,0.797654,0.797691,38.0214,389.7105
2025-07-25T08:16:28.511582,AI16Z-USDT,0.1463,0.1464,1776.5543,1310.5935
2025-07-25T08:16:28.512563,ALCH-USDT,0.13715,0.13747,1647.1338,940.0718
2025-07-25T08:16:28.514167,ALGO-USDT,0.2576,0.2577,864.0,979.0
2025-07-25T08:16:28.515036,AAVE-USDT,287.0799,287.1513,0.486,0.486
2025-07-25T08:16:28.609382,ALCH-USDT,0.13715,0.13747,1647.1338,1027.4423
2025-07-25T08:16:28.609743,ALGO-USDT,0.2575,0.2577,11081.92,1024.4
2025-07-25T08:16:28.610452,AIXBT-USDT,0.1394,0.1398,1326.9476,1946.7093
2025-07-25T08:16:28.610490,AAVE-USDT,287.0799,287.1518,0.486,2.3362
2025-07-25T08:16:28.708648,ADA-USDT,0.797654,0.797691,38.0214,389.7105
2025-07-25T08:16:28.709924,ALGO-USDT,0.2575,0.2577,7777.76,1024.4
2025-07-25T08:16:28.710601,AAVE-USDT,287.0799,287.1517,0.486,0.486
2025-07-25T08:16:28.809881,ALCH-USDT,0.13715,0.13747,125.4108,1807.1193
2025-07-25T08:16:28.809919,ALGO-USDT,0.2575,0.2577,8405.28,1024.4
2025-07-25T08:16:28.810292,AAVE-USDT,287.0799,287.2234,0.486,0.486
2025-07-25T08:16:28.908028,AI-USDT,0.1307,0.131,6623.6234,78.3903
2025-07-25T08:16:28.908866,AERGO-USDT,0.12985,0.13082,77.8907,384.9457
2025-07-25T08:16:28.909466,A-USDT,0.5589,0.5595,234.9,234.9
2025-07-25T08:16:29.009266,ADA-USDT,0.797654,0.797691,38.0214,351.0
2025-07-25T08:16:29.011601,ALGO-USDT,0.2575,0.2577,8405.28,979.0
2025-07-25T08:16:29.112279,ADA-USDT,0.797675,0.797691,36.2472,351.0
2025-07-25T08:16:29.114665,ALGO-USDT,0.2575,0.2577,8405.28,1024.4
2025-07-25T08:16:29.116036,AAVE-USDT,287.0799,287.2234,0.486,0.486
2025-07-25T08:16:29.208661,ADA-USDT,0.797675,0.797839,36.2472,6770.3
2025-07-25T08:16:29.208700,AI16Z-USDT,0.1463,0.1464,2733.3916,1310.5935
2025-07-25T08:16:29.210282,ALGO-USDT,0.2575,0.2577,8405.28,979.0
2025-07-25T08:16:29.309071,ADA-USDT,0.797756,0.797839,351.0,6770.3
2025-07-25T08:16:29.310695,1INCH-USDT,0.272991,0.273628,97.2,4045.7014
2025-07-25T08:16:29.411514,ADA-USDT,0.797845,0.798112,387.0298,351.0
2025-07-25T08:16:29.414062,ALGO-USDT,0.2576,0.2577,864.0,979.0
2025-07-25T08:16:29.414359,1INCH-USDT,0.272991,0.273601,97.2,97.2
2025-07-25T08:16:29.415280,A-USDT,0.5589,0.5595,234.9,234.9
2025-07-25T08:16:29.511997,ADA-USDT,0.797868,0.797947,39.7991,6766.6
2025-07-25T08:16:29.512033,AI16Z-USDT,0.1463,0.1464,3589.5634,1310.5935
2025-07-25T08:16:29.513136,AI-USDT,0.1307,0.1312,4728.1734,78.3903
2025-07-25T08:16:29.514569,AIXBT-USDT,0.1394,0.1398,3945.2833,2316.7093
2025-07-25T08:16:29.610933,ADA-USDT,0.797868,0.797896,39.7991,389.0909
2025-07-25T08:16:29.611207,AI-USDT,0.1307,0.131,4389.1734,78.3903
2025-07-25T08:16:29.611744,ALCH-USDT,0.13716,0.13747,1521.723,1807.1193
2025-07-25T08:16:29.612225,AERGO-USDT,0.12985,0.13082,77.8907,384.9457
2025-07-25T08:16:29.612483,ALGO-USDT,0.2576,0.2577,1956.1,979.0
2025-07-25T08:16:29.613228,AAVE-USDT,287.0799,287.2234,0.486,0.486
2025-07-25T08:16:29.808707,ADA-USDT,0.797868,0.797947,39.7991,6766.6
2025-07-25T08:16:29.810952,AIXBT-USDT,0.1393,0.1398,798.0,2316.7093
2025-07-25T08:16:29.912772,ADA-USDT,0.797898,0.798112,351.0,351.0
2025-07-25T08:16:29.912831,AI16Z-USDT,0.1463,0.1464,3589.5634,1094.5935
2025-07-25T08:16:29.914722,1INCH-USDT,0.273019,0.273797,97.2,97.2
2025-07-25T08:16:29.915093,AAVE-USDT,287.1087,287.3403,0.486,0.486
2025-07-25T08:16:30.013764,ADA-USDT,0.797912,0.798064,39.8565,6766.5
2025-07-25T08:16:30.013825,AI16Z-USDT,0.1463,0.1464,3929.7434,1094.5935
2025-07-25T08:16:30.019677,1INCH-USDT,0.273019,0.273573,97.2,97.2
2025-07-25T08:16:30.020605,AAVE-USDT,287.1375,287.2966,0.486,0.486
2025-07-25T08:16:30.021165,ANIME-USDT,0.018543,0.018606,35591.1665,5903.4
2025-07-25T08:16:30.112491,AI16Z-USDT,0.1463,0.1465,3589.5634,5432.3935
2025-07-25T08:16:30.115718,1INCH-USDT,0.273047,0.273545,97.2,97.2
2025-07-25T08:16:30.116104,AIXBT-USDT,0.1393,0.1398,798.0,2316.7093
2025-07-25T08:16:30.116871,A-USDT,0.5589,0.5596,234.9,234.9
2025-07-25T08:16:30.211571,AI-USDT,0.1307,0.131,4389.1734,78.3903
2025-07-25T08:16:30.211924,ALCH-USDT,0.13716,0.13747,1521.723,1807.1193
2025-07-25T08:16:30.212807,AERGO-USDT,0.12985,0.13082,77.8907,384.9457
2025-07-25T08:16:30.213526,AAVE-USDT,287.1375,287.2966,0.486,0.486
2025-07-25T08:16:30.213718,A-USDT,0.5589,0.5598,234.9,234.9
2025-07-25T08:16:30.214024,ANIME-USDT,0.018545,0.018606,35587.3282,5903.4
2025-07-25T08:16:30.311905,ADA-USDT,0.797912,0.797957,39.8565,36.1555
2025-07-25T08:16:30.311945,AI16Z-USDT,0.1463,0.1464,3589.5634,216.0
2025-07-25T08:16:30.313828,AIXBT-USDT,0.1393,0.1398,798.0,2316.7093
2025-07-25T08:16:30.314099,AAVE-USDT,287.1663,287.2966,0.486,0.486
2025-07-25T08:16:30.407958,AI16Z-USDT,0.1463,0.1464,4477.8161,216.0
2025-07-25T08:16:30.409853,AERGO-USDT,0.12985,0.13082,77.8907,384.9457
2025-07-25T08:16:30.511305,ADA-USDT,0.797988,0.798064,351.0,6766.5
2025-07-25T08:16:30.512386,ALCH-USDT,0.13716,0.13747,1521.723,1807.1193
2025-07-25T08:16:30.513145,ALGO-USDT,0.2576,0.2577,1956.1,115.0
2025-07-25T08:16:30.513500,1INCH-USDT,0.273321,0.273517,97.2,97.2
2025-07-25T08:16:30.514678,AAVE-USDT,287.08,287.3403,2.3493,0.486
2025-07-25T08:16:30.619165,ADA-USDT,0.798046,0.798345,36.4056,351.0
2025-07-25T08:16:30.619303,AI16Z-USDT,0.1463,0.1465,4477.8161,5432.3935
2025-07-25T08:16:30.620349,AI-USDT,0.1307,0.1312,4389.1734,78.3903
2025-07-25T08:16:30.621027,ALGO-USDT,0.2576,0.2577,8869.86,979.0
2025-07-25T08:16:30.621475,1INCH-USDT,0.273076,0.273517,4045.7014,97.2
2025-07-25T08:16:30.621918,AAVE-USDT,287.1087,287.3403,0.486,0.486
2025-07-25T08:16:30.710342,ADA-USDT,0.797493,0.798138,351.0,6765.6
2025-07-25T08:16:30.710380,AI16Z-USDT,0.1463,0.1464,4477.8161,216.0
2025-07-25T08:16:30.711152,ALCH-USDT,0.13717,0.13747,125.4108,1807.1193
2025-07-25T08:16:30.712314,1INCH-USDT,0.273103,0.273517,97.2,97.2
2025-07-25T08:16:30.816413,ADA-USDT,0.797653,0.798042,351.0,390.9354
2025-07-25T08:16:30.817655,AERGO-USDT,0.12985,0.13083,77.8907,316.66
2025-07-25T08:16:30.817905,ALGO-USDT,0.2576,0.2577,1956.1,979.0
2025-07-25T08:16:30.818227,1INCH-USDT,0.273103,0.273489,97.2,97.2
2025-07-25T08:16:30.818546,AIXBT-USDT,0.1393,0.1398,798.0,2316.7093
2025-07-25T08:16:30.910240,ADA-USDT,0.797733,0.798042,351.0,390.9354
2025-07-25T08:16:30.912632,1INCH-USDT,0.273131,0.273461,97.2,97.2
2025-07-25T08:16:31.012313,ADA-USDT,0.79799,0.798019,36.5441,389.0433
2025-07-25T08:16:31.014626,AERGO-USDT,0.12985,0.13083,77.8907,316.66
2025-07-25T08:16:31.014944,AIXBT-USDT,0.1394,0.1398,3945.2833,2316.7093
2025-07-25T08:16:31.015236,AAVE-USDT,287.1375,287.3113,0.486,0.486
2025-07-25T08:16:31.108264,ADA-USDT,0.797735,0.798019,351.0,389.0433
2025-07-25T08:16:31.109612,AERGO-USDT,0.12985,0.13083,77.8907,316.66
2025-07-25T08:16:31.109964,AIXBT-USDT,0.1393,0.1398,798.0,2316.7093
2025-07-25T08:16:31.110209,AAVE-USDT,287.1375,287.3113,0.486,0.486
2025-07-25T08:16:31.211136,AI16Z-USDT,0.1463,0.1464,5322.7765,216.0
2025-07-25T08:16:31.213871,AIXBT-USDT,0.1394,0.1398,3945.2833,2316.7093
2025-07-25T08:16:31.309364,ADA-USDT,0.79803,0.798345,351.0,351.0
2025-07-25T08:16:31.309401,AI16Z-USDT,0.1463,0.1464,5437.4965,216.0
2025-07-25T08:16:31.310864,AERGO-USDT,0.12985,0.1309,77.8907,384.9457
2025-07-25T08:16:31.311116,1INCH-USDT,0.273019,0.273433,97.2,97.2
2025-07-25T08:16:31.311626,AIXBT-USDT,0.1393,0.1398,798.0,2316.7093
2025-07-25T08:16:31.409086,ADA-USDT,0.798007,0.798099,37.4566,6765.5
2025-07-25T08:16:31.409122,AI16Z-USDT,0.1463,0.1465,5437.4965,5432.3935
2025-07-25T08:16:31.410244,1INCH-USDT,0.273159,0.273433,97.2,97.2
2025-07-25T08:16:31.410463,AIXBT-USDT,0.1393,0.1398,798.0,2316.7093
2025-07-25T08:16:31.410924,ANIME-USDT,0.018539,0.018606,5891.7,5903.4
2025-07-25T08:16:31.510520,ADA-USDT,0.798008,0.798099,351.0,6765.5
2025-07-25T08:16:31.510558,AI16Z-USDT,0.1463,0.1465,5322.7765,5432.3935
2025-07-25T08:16:31.511842,ANIME-USDT,0.018547,0.018606,35583.4906,5903.4
2025-07-25T08:16:31.609194,ADA-USDT,0.798008,0.798049,351.0,39.2046
2025-07-25T08:16:31.610126,ALCH-USDT,0.13718,0.13747,1521.723,1807.1193
2025-07-25T08:16:31.611197,ALGO-USDT,0.2576,0.2577,8869.86,979.0
2025-07-25T08:16:31.708360,ADA-USDT,0.798032,0.798099,38.3711,6765.5
2025-07-25T08:16:31.709883,1INCH-USDT,0.273159,0.273909,97.2,97.2
2025-07-25T08:16:31.710172,AIXBT-USDT,0.1393,0.1398,798.0,2316.7093
2025-07-25T08:16:31.809624,ADA-USDT,0.797815,0.798099,351.0,6765.5
2025-07-25T08:16:31.809676,AI16Z-USDT,0.1463,0.1464,5322.7765,216.0
2025-07-25T08:16:31.810023,ALCH-USDT,0.13719,0.13747,125.4108,1807.1193
2025-07-25T08:16:31.914186,AI16Z-USDT,0.1461,0.1464,800.0,216.0
2025-07-25T08:16:31.915037,ALCH-USDT,0.13715,0.13747,125.4108,1807.1193
2025-07-25T08:16:31.916026,ALGO-USDT,0.2576,0.2577,1092.1,979.0
2025-07-25T08:16:31.916567,1INCH-USDT,0.273159,0.273881,97.2,97.2
2025-07-25T08:16:31.916848,AAVE-USDT,287.0799,287.1805,0.486,2.5855
2025-07-25T08:16:32.013250,ADA-USDT,0.797775,0.798007,351.0,390.6432
2025-07-25T08:16:32.015091,AERGO-USDT,0.12985,0.1309,77.8907,384.9457
2025-07-25T08:16:32.016268,AIXBT-USDT,0.1394,0.1398,3945.2833,2316.7093
2025-07-25T08:16:32.016295,AAVE-USDT,287.0799,287.2825,0.486,0.486
2025-07-25T08:16:32.113531,AIXBT-USDT,0.1394,0.1398,3945.2833,1518.7093
2025-07-25T08:16:32.209122,ADA-USDT,0.797963,0.798007,37.0077,390.6432
2025-07-25T08:16:32.209189,AI16Z-USDT,0.1462,0.1464,861.3619,216.0
2025-07-25T08:16:32.209957,AI-USDT,0.1308,0.1311,4389.1734,4467.5637
2025-07-25T08:16:32.210018,ALCH-USDT,0.13717,0.13747,1521.723,1807.1193
2025-07-25T08:16:32.210838,AERGO-USDT,0.12985,0.1309,77.8907,384.9457
2025-07-25T08:16:32.309931,AIXBT-USDT,0.1393,0.1398,798.0,1518.7093
2025-07-25T08:16:32.410234,ADA-USDT,0.797657,0.798007,59.5282,351.0
2025-07-25T08:16:32.410271,AI16Z-USDT,0.1462,0.1464,861.3619,1310.5935
2025-07-25T08:16:32.410742,AI-USDT,0.1308,0.1311,4910.2947,4467.5637
2025-07-25T08:16:32.411048,ALCH-USDT,0.13716,0.13747,1521.723,1807.1193
2025-07-25T08:16:32.412460,AIXBT-USDT,0.1394,0.1398,3945.2833,1518.7093
2025-07-25T08:16:32.412809,A-USDT,0.5589,0.5598,234.9,234.9
2025-07-25T08:16:32.513315,ADA-USDT,0.797494,0.797874,6.6983,36.5025
2025-07-25T08:16:32.515752,AAVE-USDT,287.0799,287.2537,0.486,0.486
2025-07-25T08:16:32.516122,ANIME-USDT,0.018549,0.018606,16781.1577,5903.4
2025-07-25T08:16:32.613828,ADA-USDT,0.79756,0.797808,351.0,390.8864
2025-07-25T08:16:32.614176,AI-USDT,0.1308,0.1311,4910.2947,4467.5637
2025-07-25T08:16:32.615534,AERGO-USDT,0.12985,0.1309,1618.1371,951.6894
2025-07-25T08:16:32.616348,AIXBT-USDT,0.1394,0.1398,3945.2833,1518.7093
2025-07-25T08:16:32.617115,ANIME-USDT,0.01855,0.018606,601.5653,5903.4
2025-07-25T08:16:32.711497,ADA-USDT,0.797333,0.797719,351.0,38.5897
2025-07-25T08:16:32.713130,ALGO-USDT,0.2575,0.2576,864.0,864.0
2025-07-25T08:16:32.713681,AIXBT-USDT,0.1393,0.1398,798.0,1518.7093
2025-07-25T08:16:32.714115,AAVE-USDT,287.0799,287.1309,0.486,0.486
2025-07-25T08:16:32.714642,ANIME-USDT,0.018542,0.018606,601.5653,5903.4
2025-07-25T08:16:32.810564,ADA-USDT,0.797692,0.797891,37.3653,858.9151
2025-07-25T08:16:32.812104,AERGO-USDT,0.12986,0.1309,2946.1649,951.6894
2025-07-25T08:16:32.812433,ALGO-USDT,0.2575,0.2576,1993.21,864.0
2025-07-25T08:16:32.812922,AIXBT-USDT,0.1393,0.1398,4746.1155,1518.7093
2025-07-25T08:16:32.813215,AAVE-USDT,287.0799,287.2395,0.486,0.486
2025-07-25T08:16:32.909441,ADA-USDT,0.797792,0.797971,39.7073,351.0
2025-07-25T08:16:32.912051,ANIME-USDT,0.018529,0.018606,35618.0582,5903.4
2025-07-25T08:16:33.013349,ADA-USDT,0.797333,0.797902,351.0,830.6475
2025-07-25T08:16:33.013394,AI16Z-USDT,0.1463,0.1464,926.7503,1310.5935
2025-07-25T08:16:33.016458,AERGO-USDT,0.12985,0.1309,1618.1371,951.6894
2025-07-25T08:16:33.016496,AIXBT-USDT,0.1393,0.1398,4746.1155,1518.7093
2025-07-25T08:16:33.016867,AAVE-USDT,287.0773,287.2107,5.903,0.486
2025-07-25T08:16:33.111136,ADA-USDT,0.797493,0.797902,351.0,830.6475
2025-07-25T08:16:33.112506,AI-USDT,0.1308,0.1311,521.1213,4467.5637
2025-07-25T08:16:33.113129,AERGO-USDT,0.12986,0.1309,2955.93,951.6894
2025-07-25T08:16:33.113460,ALGO-USDT,0.2575,0.2576,1129.21,864.0
2025-07-25T08:16:33.113869,1INCH-USDT,0.272963,0.273853,97.2,97.2
2025-07-25T08:16:33.114176,AIXBT-USDT,0.1393,0.1398,3948.1155,1518.7093
2025-07-25T08:16:33.114222,AAVE-USDT,286.9647,287.1673,0.486,0.486
2025-07-25T08:16:33.213257,ADA-USDT,0.797413,0.797693,351.0,387.8655
2025-07-25T08:16:33.214205,ALCH-USDT,0.13717,0.13747,125.4108,1807.1193
2025-07-25T08:16:33.216579,1INCH-USDT,0.272991,0.273853,97.2,97.2
2025-07-25T08:16:33.217016,AIXBT-USDT,0.1393,0.1398,4744.1155,1518.7093
2025-07-25T08:16:33.217433,A-USDT,0.5588,0.5597,234.9,234.9
2025-07-25T08:16:33.312877,ADA-USDT,0.797333,0.797666,351.0,387.0016
2025-07-25T08:16:33.315621,AERGO-USDT,0.12986,0.13091,6990.1661,340.0
2025-07-25T08:16:33.315658,1INCH-USDT,0.273019,0.273825,97.2,97.2
2025-07-25T08:16:33.316524,AAVE-USDT,286.9359,287.1673,0.486,0.486
2025-07-25T08:16:33.411054,ADA-USDT,0.797333,0.7975,351.0,842.5258
2025-07-25T08:16:33.411088,AI16Z-USDT,0.1463,0.1464,1904.6647,1310.5935
2025-07-25T08:16:33.411369,ALCH-USDT,0.13717,0.13747,125.4108,1807.1193
2025-07-25T08:16:33.412723,AERGO-USDT,0.12985,0.13091,77.8907,340.0
2025-07-25T08:16:33.413914,AAVE-USDT,286.8665,287.1357,0.486,0.486
2025-07-25T08:16:33.511300,ADA-USDT,0.797567,0.797627,37.6198,39.6354
2025-07-25T08:16:33.511528,ALCH-USDT,0.13715,0.13747,125.4108,1807.1193
2025-07-25T08:16:33.514388,AERGO-USDT,0.12987,0.13091,200.0,340.0
2025-07-25T08:16:33.514522,ALGO-USDT,0.2575,0.2576,1129.21,1350.19
2025-07-25T08:16:33.514611,1INCH-USDT,0.272991,0.273824,97.2,4045.7014
2025-07-25T08:16:33.514692,AAVE-USDT,286.9877,287.1357,0.486,0.486
2025-07-25T08:16:33.514825,ANIME-USDT,0.018528,0.018606,601.5653,5903.4
2025-07-25T08:16:33.612462,ADA-USDT,0.797085,0.797502,351.0,36.6728
2025-07-25T08:16:33.612512,AI16Z-USDT,0.1462,0.1463,861.3619,216.0
2025-07-25T08:16:33.613487,AERGO-USDT,0.12987,0.13091,200.0,340.0
2025-07-25T08:16:33.613535,ALGO-USDT,0.2574,0.2575,864.0,864.0
2025-07-25T08:16:33.614343,1INCH-USDT,0.272963,0.273797,97.2,97.2
2025-07-25T08:16:33.614382,AIXBT-USDT,0.139,0.1397,8773.0,796.0
2025-07-25T08:16:33.615662,ANIME-USDT,0.018528,0.018606,36221.5459,5903.4
2025-07-25T08:16:33.712823,ADA-USDT,0.797085,0.797893,351.0,29.7641
2025-07-25T08:16:33.718278,AIXBT-USDT,0.1392,0.1397,796.0,796.0
2025-07-25T08:16:33.719126,A-USDT,0.5587,0.5596,234.9,234.9
2025-07-25T08:16:33.848571,ADA-USDT,0.797005,0.797888,351.0,1600.0
2025-07-25T08:16:33.858268,1INCH-USDT,0.272823,0.273769,97.2,97.2
2025-07-25T08:16:33.859643,ANIME-USDT,0.018515,0.018606,35644.9906,5903.4
2025-07-25T08:16:33.910670,ADA-USDT,0.79748,0.797607,351.0,351.0
2025-07-25T08:16:33.910708,AI16Z-USDT,0.1463,0.1464,951.1536,216.0
2025-07-25T08:16:33.912866,AIXBT-USDT,0.1393,0.1397,7133.5,796.0
2025-07-25T08:16:33.913089,AAVE-USDT,287.0612,287.1357,2.3325,0.486
2025-07-25T08:16:33.913561,ANIME-USDT,0.018515,0.018606,36246.5559,5903.4
2025-07-25T08:16:34.009754,ADA-USDT,0.79748,0.79752,351.0,36.8024
2025-07-25T08:16:34.010238,AI16Z-USDT,0.1462,0.1464,861.3619,216.0
2025-07-25T08:16:34.010731,AI-USDT,0.1308,0.1311,521.1213,4467.5637
2025-07-25T08:16:34.012685,1INCH-USDT,0.272851,0.273741,97.2,97.2
2025-07-25T08:16:34.012755,AAVE-USDT,286.9877,287.1357,0.486,0.486
2025-07-25T08:16:34.210552,ALGO-USDT,0.2574,0.2575,1867.12,864.0
2025-07-25T08:16:34.210858,AIXBT-USDT,0.1393,0.1398,7133.5,2314.7093
2025-07-25T08:16:34.211116,AAVE-USDT,286.9877,287.1357,0.486,0.486
2025-07-25T08:16:34.308590,ADA-USDT,0.79748,0.79752,351.0,36.8024
2025-07-25T08:16:34.409103,ADA-USDT,0.797478,0.79752,37.3479,36.8024
2025-07-25T08:16:34.409146,AI16Z-USDT,0.1462,0.1464,861.3619,1310.5935
2025-07-25T08:16:34.411074,AERGO-USDT,0.12988,0.13091,77.8907,1291.6894
2025-07-25T08:16:34.517918,ADA-USDT,0.79761,0.797679,37.3267,6763.7
2025-07-25T08:16:34.517963,AI16Z-USDT,0.1462,0.1464,861.3619,216.0
2025-07-25T08:16:34.519448,ALCH-USDT,0.13716,0.13747,1521.723,1807.1193
2025-07-25T08:16:34.523371,AAVE-USDT,286.9877,287.1673,0.486,0.486
2025-07-25T08:16:34.610667,ADA-USDT,0.797678,0.797679,39.8972,6763.7
2025-07-25T08:16:34.610704,AI16Z-USDT,0.1462,0.1465,861.3619,216.0
2025-07-25T08:16:34.612875,AERGO-USDT,0.12988,0.13091,77.8907,1291.6894
2025-07-25T08:16:34.612912,ALGO-USDT,0.2575,0.2576,864.0,864.0
2025-07-25T08:16:34.613372,AAVE-USDT,287.0165,287.1673,0.486,0.486
2025-07-25T08:16:34.715922,ADA-USDT,0.797733,0.79786,38.7009,6763.6
2025-07-25T08:16:34.715960,AI16Z-USDT,0.1462,0.1464,861.3619,216.0
2025-07-25T08:16:34.717018,AERGO-USDT,0.12988,0.13091,77.8907,340.0
2025-07-25T08:16:34.717055,ALGO-USDT,0.2575,0.2576,1827.32,864.0
2025-07-25T08:16:34.717363,1INCH-USDT,0.272879,0.273713,97.2,97.2
2025-07-25T08:16:34.717585,AIXBT-USDT,0.1392,0.1398,796.0,1518.7093
2025-07-25T08:16:34.809581,ADA-USDT,0.797753,0.797776,36.5024,351.0
2025-07-25T08:16:34.810123,ALCH-USDT,0.13717,0.13747,1521.723,1807.1193
2025-07-25T08:16:34.811036,AERGO-USDT,0.12988,0.1309,77.8907,13997.0
2025-07-25T08:16:34.811074,ALGO-USDT,0.2575,0.2576,963.32,864.0
2025-07-25T08:16:34.811516,AAVE-USDT,287.0453,287.2257,0.486,0.6683
2025-07-25T08:16:34.909484,ADA-USDT,0.797561,0.797776,351.0,351.0
2025-07-25T08:16:34.909522,AI16Z-USDT,0.1463,0.1464,844.7725,216.0
2025-07-25T08:16:34.911402,AERGO-USDT,0.12988,0.1309,77.8907,13997.0
2025-07-25T08:16:34.911628,AAVE-USDT,287.0453,287.197,0.486,0.486
2025-07-25T08:16:35.009582,ADA-USDT,0.797561,0.797776,351.0,351.0
2025-07-25T08:16:35.010171,ALCH-USDT,0.13715,0.13747,125.4108,1807.1193
2025-07-25T08:16:35.011039,1INCH-USDT,0.272907,0.273712,97.2,4045.7014
2025-07-25T08:16:35.011942,ANIME-USDT,0.018517,0.018606,35641.1406,5903.4
2025-07-25T08:16:35.109573,ADA-USDT,0.797754,0.797776,39.9688,351.0
2025-07-25T08:16:35.110088,ALCH-USDT,0.13716,0.13747,125.4108,1807.1193
2025-07-25T08:16:35.111607,1INCH-USDT,0.272907,0.273685,97.2,97.2
2025-07-25T08:16:35.111645,AIXBT-USDT,0.1392,0.1398,3813.9458,1518.7093
2025-07-25T08:16:35.111858,AAVE-USDT,287.0453,287.1214,0.486,2.5768
2025-07-25T08:16:35.211607,AI-USDT,0.1308,0.1311,521.1213,4637.5637
2025-07-25T08:16:35.212960,AAVE-USDT,287.0453,287.197,0.486,0.486
2025-07-25T08:16:35.311411,AIXBT-USDT,0.1393,0.1398,20704.5747,1518.7093
2025-07-25T08:16:35.409711,ADA-USDT,0.797775,0.797776,38.3953,351.0
2025-07-25T08:16:35.410269,ALCH-USDT,0.13716,0.13747,125.4108,1807.1193
2025-07-25T08:16:35.411898,AIXBT-USDT,0.1394,0.1398,796.0,1518.7093
2025-07-25T08:16:35.528706,ANIME-USDT,0.018519,0.018606,35637.2915,5903.4
2025-07-25T08:16:35.612542,ADA-USDT,0.797946,0.798345,38.7569,351.0
2025-07-25T08:16:35.612576,AI16Z-USDT,0.1463,0.1465,844.7725,7204.1402
2025-07-25T08:16:35.614319,ALGO-USDT,0.2575,0.2576,1872.25,864.0
2025-07-25T08:16:35.616403,AAVE-USDT,287.0741,287.239,0.486,0.486
2025-07-25T08:16:35.713652,ADA-USDT,0.797777,0.798345,59.5282,351.0
2025-07-25T08:16:35.715553,ALCH-USDT,0.13717,0.13747,1521.723,1807.1193
2025-07-25T08:16:35.717823,AERGO-USDT,0.12988,0.13091,77.8907,1291.6894
2025-07-25T08:16:35.718700,AAVE-USDT,287.1029,287.239,0.486,0.486
2025-07-25T08:16:35.810952,ADA-USDT,0.797481,0.798138,351.0,6763.4
2025-07-25T08:16:35.811926,ALCH-USDT,0.13716,0.13747,125.4108,1807.1193
2025-07-25T08:16:35.814181,1INCH-USDT,0.272935,0.273657,97.2,97.2
2025-07-25T08:16:35.814582,AAVE-USDT,287.1029,287.2965,0.486,0.486
2025-07-25T08:16:35.912141,ADA-USDT,0.797641,0.797915,351.0,388.4834
2025-07-25T08:16:35.912295,AI16Z-USDT,0.1464,0.1465,890.9131,7204.1402
2025-07-25T08:16:35.913669,ALGO-USDT,0.2576,0.2577,864.0,979.0
2025-07-25T08:16:35.914615,AAVE-USDT,287.1029,287.2965,0.486,0.486
2025-07-25T08:16:36.016344,ADA-USDT,0.797893,0.797915,38.1606,351.0
2025-07-25T08:16:36.016391,AI16Z-USDT,0.1464,0.1465,890.9131,3109.8402
2025-07-25T08:16:36.016422,AI-USDT,0.1308,0.1311,521.1213,248.3903
2025-07-25T08:16:36.016453,AAVE-USDT,287.1317,287.2965,0.486,0.486
2025-07-25T08:16:36.016482,A-USDT,0.5589,0.5596,234.9,234.9
2025-07-25T08:16:36.113683,ADA-USDT,0.797646,0.798138,59.5282,6763.4
2025-07-25T08:16:36.115011,ALCH-USDT,0.13719,0.13747,1647.1338,1807.1193
2025-07-25T08:16:36.117142,AAVE-USDT,287.1317,287.3403,0.486,0.486
2025-07-25T08:16:36.117199,A-USDT,0.5589,0.5598,234.9,234.9
2025-07-25T08:16:36.118257,ANIME-USDT,0.018521,0.018606,35633.4432,5903.4
2025-07-25T08:16:36.210406,ADA-USDT,0.797725,0.798138,351.0,6763.4
2025-07-25T08:16:36.210860,AI-USDT,0.1308,0.1309,521.1213,352.3216
2025-07-25T08:16:36.215604,AAVE-USDT,287.2607,287.3403,0.486,0.486
2025-07-25T08:16:36.311013,ADA-USDT,0.797725,0.798019,351.0,388.0462
2025-07-25T08:16:36.311530,AI-USDT,0.1308,0.1311,521.1213,248.3903
2025-07-25T08:16:36.313990,1INCH-USDT,0.272963,0.273629,97.2,97.2
2025-07-25T08:16:36.410414,ADA-USDT,0.797972,0.798019,38.8426,388.0462
2025-07-25T08:16:36.412976,AIXBT-USDT,0.1394,0.1398,796.0,1518.7093
2025-07-25T08:16:36.413020,AAVE-USDT,287.2607,287.3403,0.486,0.486
2025-07-25T08:16:36.514363,AIXBT-USDT,0.1394,0.1398,796.0,780.0
2025-07-25T08:16:36.611884,ADA-USDT,0.797972,0.798019,38.8426,388.0462
2025-07-25T08:16:36.612773,ALCH-USDT,0.13715,0.13747,1647.1338,1807.1193
2025-07-25T08:16:36.613651,AERGO-USDT,0.12988,0.13091,77.8907,1291.6894
2025-07-25T08:16:36.614749,A-USDT,0.5589,0.5598,234.9,234.9
2025-07-25T08:16:36.615213,ANIME-USDT,0.018523,0.018606,35629.5957,5903.4
2025-07-25T08:16:36.712399,ADA-USDT,0.797972,0.798019,38.8426,388.0462
2025-07-25T08:16:36.713917,AERGO-USDT,0.12988,0.1309,77.8907,384.9457
2025-07-25T08:16:36.714092,1INCH-USDT,0.272991,0.273601,97.2,97.2
2025-07-25T08:16:36.812158,ADA-USDT,0.797725,0.798138,351.0,6763.4
2025-07-25T08:16:36.812211,AI16Z-USDT,0.1464,0.1465,1851.8362,3109.8402
2025-07-25T08:16:36.813192,ALCH-USDT,0.13715,0.13747,125.4108,1807.1193
2025-07-25T08:16:36.815955,A-USDT,0.5591,0.5598,234.9,234.9
2025-07-25T08:16:36.913731,ADA-USDT,0.798106,0.798345,36.7099,351.0
2025-07-25T08:16:36.913770,AI16Z-USDT,0.1461,0.1465,5715.6141,216.0
2025-07-25T08:16:36.914620,ALCH-USDT,0.13716,0.13747,1521.723,1807.1193
2025-07-25T08:16:36.915631,ALGO-USDT,0.2576,0.2577,864.0,115.0
2025-07-25T08:16:36.916824,A-USDT,0.559,0.5598,234.9,234.9
2025-07-25T08:16:37.011005,ADA-USDT,0.79789,0.798154,1413.7051,389.8359
2025-07-25T08:16:37.011043,AI16Z-USDT,0.1462,0.1465,1949.29,216.0
2025-07-25T08:16:37.012445,AERGO-USDT,0.12988,0.1309,77.8907,384.9457
2025-07-25T08:16:37.013500,AAVE-USDT,287.2607,287.3917,0.486,0.486
2025-07-25T08:16:37.013536,A-USDT,0.5589,0.5598,234.9,234.9
2025-07-25T08:16:37.110531,ADA-USDT,0.797969,0.798154,351.0,389.8359
2025-07-25T08:16:37.112064,ALGO-USDT,0.2576,0.2577,7777.76,115.0
2025-07-25T08:16:37.112649,A-USDT,0.5591,0.5599,234.9,234.9
2025-07-25T08:16:37.113291,ANIME-USDT,0.018525,0.018606,35625.749,5903.4
2025-07-25T08:16:37.210078,AI16Z-USDT,0.1463,0.1465,968.5579,216.0
2025-07-25T08:16:37.212547,AIXBT-USDT,0.1395,0.1398,20704.5747,780.0
2025-07-25T08:16:37.212617,A-USDT,0.5591,0.56,234.9,234.9
2025-07-25T08:16:37.212969,ANIME-USDT,0.018527,0.018606,35621.9032,5903.4
2025-07-25T08:16:37.309541,ADA-USDT,0.798102,0.798154,39.9322,389.8359
2025-07-25T08:16:37.312243,ANIME-USDT,0.018529,0.018606,35618.0582,5903.4
2025-07-25T08:16:37.418835,ADA-USDT,0.798132,0.798259,37.724,6763.3
2025-07-25T08:16:37.418983,AI16Z-USDT,0.1464,0.1465,903.0901,216.0
2025-07-25T08:16:37.420524,1INCH-USDT,0.273019,0.273909,97.2,97.2
2025-07-25T08:16:37.420733,AIXBT-USDT,0.1395,0.1396,20704.5747,255.0824
2025-07-25T08:16:37.511163,ADA-USDT,0.79816,0.798259,38.5774,6763.3
2025-07-25T08:16:37.511728,ALCH-USDT,0.13717,0.13747,1521.723,1807.1193
2025-07-25T08:16:37.513320,AIXBT-USDT,0.1395,0.1398,20704.5747,780.0
2025-07-25T08:16:37.513359,AAVE-USDT,287.2607,287.3917,0.486,0.486
2025-07-25T08:16:37.612329,ADA-USDT,0.79816,0.798345,38.5774,351.0
2025-07-25T08:16:37.615653,1INCH-USDT,0.273047,0.273909,97.2,97.2
2025-07-25T08:16:37.616742,ANIME-USDT,0.01853,0.018606,155210.6592,5903.4
2025-07-25T08:16:37.709413,ADA-USDT,0.79816,0.798189,38.5774,39.4688
2025-07-25T08:16:37.709983,ALCH-USDT,0.13714,0.13747,1423.6902,1807.1193
2025-07-25T08:16:37.710727,AERGO-USDT,0.12988,0.1309,77.8907,384.9457
2025-07-25T08:16:37.710815,ALGO-USDT,0.2576,0.2577,8781.73,115.0
2025-07-25T08:16:37.711228,1INCH-USDT,0.273047,0.273881,97.2,97.2
2025-07-25T08:16:37.711641,ANIME-USDT,0.018531,0.018606,35614.2141,5903.4
2025-07-25T08:16:37.809991,ADA-USDT,0.798208,0.798345,37.6713,351.0
2025-07-25T08:16:37.810714,ALCH-USDT,0.13715,0.13747,1647.1338,1807.1193
2025-07-25T08:16:37.911094,ALCH-USDT,0.13716,0.13747,1521.723,1807.1193
2025-07-25T08:16:37.912421,AAVE-USDT,287.2607,287.4287,0.486,0.486
2025-07-25T08:16:37.912773,ANIME-USDT,0.018535,0.018606,35606.5282,5903.4
2025-07-25T08:16:38.008701,ADA-USDT,0.798208,0.798236,37.6713,387.8376
2025-07-25T08:16:38.009756,AERGO-USDT,0.12988,0.1309,77.8907,384.9457
2025-07-25T08:16:38.111284,ADA-USDT,0.79806,0.798211,948.8684,38.7673
2025-07-25T08:16:38.111344,ALCH-USDT,0.13717,0.13747,1521.723,1807.1193
2025-07-25T08:16:38.111939,AERGO-USDT,0.12989,0.1309,22115.8921,384.9457
2025-07-25T08:16:38.209107,ADA-USDT,0.798063,0.798211,351.0,38.7673
2025-07-25T08:16:38.210596,ALGO-USDT,0.2576,0.2577,9754.31,115.0
2025-07-25T08:16:38.309406,ADA-USDT,0.798155,0.798211,37.2613,38.7673
2025-07-25T08:16:38.311399,AIXBT-USDT,0.1395,0.1398,20704.5747,780.0
2025-07-25T08:16:38.311962,ANIME-USDT,0.018536,0.018606,155210.6592,5903.4
2025-07-25T08:16:38.410956,ADA-USDT,0.798262,0.798378,37.9136,359.0885
2025-07-25T08:16:38.410994,AI16Z-USDT,0.1464,0.1465,1795.0932,216.0
2025-07-25T08:16:38.413438,1INCH-USDT,0.273075,0.273853,97.2,97.2
2025-07-25T08:16:38.414856,AAVE-USDT,287.2607,287.4287,0.486,0.486
2025-07-25T08:16:38.414912,ANIME-USDT,0.018537,0.018606,35602.6866,5903.4
2025-07-25T08:16:38.510616,ADA-USDT,0.798292,0.798378,37.3919,359.0885
2025-07-25T08:16:38.513191,AERGO-USDT,0.12989,0.1309,22115.8921,384.9457
2025-07-25T08:16:38.610142,AI-USDT,0.1308,0.1311,521.1213,248.3903
2025-07-25T08:16:38.610259,ALCH-USDT,0.13719,0.13747,125.4108,1807.1193
2025-07-25T08:16:38.611458,1INCH-USDT,0.273103,0.273909,97.2,97.2
2025-07-25T08:16:38.709999,ADA-USDT,0.798292,0.79834,37.3919,387.9137
2025-07-25T08:16:38.711384,ALGO-USDT,0.2576,0.2577,7777.76,115.0
2025-07-25T08:16:38.711893,AIXBT-USDT,0.1396,0.1398,264.2831,780.0
2025-07-25T08:16:38.809426,AERGO-USDT,0.1299,0.1309,77.8907,384.9457
2025-07-25T08:16:38.809868,1INCH-USDT,0.273104,0.273908,4045.7014,4045.7014
2025-07-25T08:16:38.810080,AIXBT-USDT,0.1395,0.1398,20704.5747,780.0
2025-07-25T08:16:38.910726,AI-USDT,0.1308,0.1311,521.1213,248.3903
2025-07-25T08:16:38.911967,1INCH-USDT,0.273131,0.273881,97.2,97.2
2025-07-25T08:16:39.008645,AI16Z-USDT,0.1464,0.1465,1795.0932,1310.5935
2025-07-25T08:16:39.010893,1INCH-USDT,0.273131,0.273853,97.2,97.2
2025-07-25T08:16:39.110568,AI-USDT,0.1308,0.1311,521.1213,248.3903
2025-07-25T08:16:39.111639,AERGO-USDT,0.12991,0.1309,21120.0,384.9457
2025-07-25T08:16:39.210937,AI16Z-USDT,0.1464,0.1465,2692.4356,1310.5935
2025-07-25T08:16:39.211623,AERGO-USDT,0.12991,0.13089,21120.0,13389.4446
2025-07-25T08:16:39.211913,1INCH-USDT,0.273159,0.273825,97.2,97.2
2025-07-25T08:16:39.212857,ANIME-USDT,0.018538,0.018606,155210.6592,5903.4
2025-07-25T08:16:39.316876,ADA-USDT,0.797971,0.798274,351.0,388.8212
2025-07-25T08:16:39.324228,AAVE-USDT,287.2607,287.3267,0.486,0.486
2025-07-25T08:16:39.325412,ANIME-USDT,0.018539,0.018606,36200.411,5903.4
2025-07-25T08:16:39.413331,ADA-USDT,0.798051,0.798378,351.0,359.0885
2025-07-25T08:16:39.415419,AERGO-USDT,0.12991,0.13089,21320.0,13389.4446
2025-07-25T08:16:39.509754,ADA-USDT,0.798054,0.798378,1600.0,8.0885
2025-07-25T08:16:39.509948,AI16Z-USDT,0.1464,0.1465,3634.2657,1310.5935
2025-07-25T08:16:39.510428,ALCH-USDT,0.13719,0.13747,125.4108,1807.1193
2025-07-25T08:16:39.511908,AAVE-USDT,287.2607,287.3849,0.486,0.486
2025-07-25T08:16:39.614636,ADA-USDT,0.798347,0.798378,351.0,8.0885
2025-07-25T08:16:39.616133,ALCH-USDT,0.13715,0.13747,1647.1338,1807.1193
2025-07-25T08:16:39.711120,ADA-USDT,0.798377,0.798378,38.8563,8.0885
2025-07-25T08:16:39.711679,ALGO-USDT,0.2576,0.2577,8787.21,115.0
2025-07-25T08:16:39.711926,AAVE-USDT,287.2607,287.3849,0.486,0.486
2025-07-25T08:16:39.808338,ADA-USDT,0.798377,0.798378,942.816,8.0885
2025-07-25T08:16:39.809208,AERGO-USDT,0.12992,0.13089,77.8907,13389.4446
2025-07-25T08:16:39.809882,AIXBT-USDT,0.1395,0.1398,20704.5747,780.0
2025-07-25T08:16:39.909764,ADA-USDT,0.798377,0.798378,903.9597,395.7861
2025-07-25T08:16:39.910908,AIXBT-USDT,0.1396,0.1398,796.0,680.0
2025-07-25T08:16:40.010693,ADA-USDT,0.798377,0.798378,903.9597,630.7861
2025-07-25T08:16:40.013299,AIXBT-USDT,0.1395,0.1398,796.0,680.0
2025-07-25T08:16:40.111341,ALCH-USDT,0.13716,0.13747,1521.723,1807.1193
2025-07-25T08:16:40.112095,ALGO-USDT,0.2576,0.2577,8787.21,979.0
2025-07-25T08:16:40.112620,1INCH-USDT,0.273187,0.273797,97.2,97.2
2025-07-25T08:16:40.113225,AIXBT-USDT,0.1395,0.1399,796.0,2000.0
2025-07-25T08:16:40.211278,AI-USDT,0.1308,0.1311,521.1213,248.3903
2025-07-25T08:16:40.211611,ALGO-USDT,0.2576,0.2577,15701.21,115.0
2025-07-25T08:16:40.410082,ADA-USDT,0.798377,0.798378,903.9597,279.7861
2025-07-25T08:16:40.412106,1INCH-USDT,0.273215,0.273769,97.2,97.2
2025-07-25T08:16:40.610941,AIXBT-USDT,0.1395,0.1399,796.0,1690.0
2025-07-25T08:16:40.708898,AI16Z-USDT,0.1464,0.1465,4467.8026,1310.5935
2025-07-25T08:16:40.712256,AAVE-USDT,287.2607,287.3849,0.486,0.486
2025-07-25T08:16:40.811412,ALCH-USDT,0.13717,0.13747,1521.723,1807.1193
2025-07-25T08:16:40.814438,A-USDT,0.5591,0.56,234.9,234.9
2025-07-25T08:16:40.913550,AERGO-USDT,0.12992,0.13089,77.8907,13389.4446
2025-07-25T08:16:40.913589,ALGO-USDT,0.2576,0.2577,8787.45,979.0
2025-07-25T08:16:40.914163,1INCH-USDT,0.273243,0.273741,97.2,97.2
2025-07-25T08:16:40.914954,AAVE-USDT,287.1606,287.3849,0.486,0.486
2025-07-25T08:16:41.008243,AI16Z-USDT,0.1464,0.1465,5439.5446,1310.5935
2025-07-25T08:16:41.009955,1INCH-USDT,0.273215,0.273741,97.2,97.2
2025-07-25T08:16:41.009994,AIXBT-USDT,0.1395,0.1399,796.0,1690.0
2025-07-25T08:16:41.110140,ALCH-USDT,0.13732,0.13747,458.2237,1807.1193
2025-07-25T08:16:41.110871,ALGO-USDT,0.2576,0.2577,1873.45,979.0
2025-07-25T08:16:41.111098,1INCH-USDT,0.273243,0.273713,97.2,97.2
2025-07-25T08:16:41.212185,ADA-USDT,0.797971,0.798263,351.0,624.3827
2025-07-25T08:16:41.213042,ALCH-USDT,0.13717,0.13747,1521.723,1807.1193
2025-07-25T08:16:41.214691,1INCH-USDT,0.273271,0.273713,97.2,97.2
2025-07-25T08:16:41.215005,AAVE-USDT,287.1894,287.3849,0.486,0.486
2025-07-25T08:16:41.312934,ADA-USDT,0.798051,0.798263,351.0,624.3827
2025-07-25T08:16:41.313588,AI-USDT,0.1308,0.1311,4910.2947,248.3903
2025-07-25T08:16:41.316088,1INCH-USDT,0.273019,0.273685,97.2,97.2
2025-07-25T08:16:41.316339,AAVE-USDT,287.1894,287.3401,0.486,0.486
2025-07-25T08:16:41.410679,AERGO-USDT,0.12992,0.13088,77.8907,384.9457
2025-07-25T08:16:41.410728,ALGO-USDT,0.2576,0.2577,2979.48,979.0
2025-07-25T08:16:41.511479,ADA-USDT,0.798234,0.798235,351.0,236.0
2025-07-25T08:16:41.513253,AIXBT-USDT,0.1395,0.1399,796.0,738.7093
2025-07-25T08:16:41.513487,AAVE-USDT,287.2182,287.2711,0.486,0.486
2025-07-25T08:16:41.609646,ADA-USDT,0.798234,0.798235,390.4533,236.0
2025-07-25T08:16:41.610850,ALGO-USDT,0.2576,0.2577,2979.48,864.0
2025-07-25T08:16:41.611669,AIXBT-USDT,0.1395,0.1399,4738.4552,738.7093
2025-07-25T08:16:41.713872,AAVE-USDT,287.1894,287.3401,0.486,0.486
2025-07-25T08:16:41.811670,AI-USDT,0.1308,0.1311,4910.2947,248.3903
2025-07-25T08:16:41.909404,AI16Z-USDT,0.1463,0.1465,858.6355,1310.5935
2025-07-25T08:16:41.912138,AERGO-USDT,0.1304,0.13088,259.1332,384.9457
2025-07-25T08:16:41.912456,ALGO-USDT,0.2576,0.2577,4025.14,864.0
2025-07-25T08:16:41.912810,ANIME-USDT,0.018542,0.018606,155210.6592,5903.4
2025-07-25T08:16:42.010056,ADA-USDT,0.798377,0.798378,39.3314,8.0885
2025-07-25T08:16:42.011400,AERGO-USDT,0.12992,0.13088,77.8907,384.9457
2025-07-25T08:16:42.012345,ANIME-USDT,0.018483,0.018606,35706.7035,5903.4
2025-07-25T08:16:42.109388,ALCH-USDT,0.13718,0.13747,125.4108,1807.1193
2025-07-25T08:16:42.110035,AERGO-USDT,0.12992,0.13088,77.8907,801.6037
2025-07-25T08:16:42.110426,AIXBT-USDT,0.1395,0.1396,4738.4552,261.3166
2025-07-25T08:16:42.111049,ANIME-USDT,0.018524,0.018606,36229.2375,5903.4
2025-07-25T08:16:42.211099,ALCH-USDT,0.13715,0.13747,1647.1338,1807.1193
2025-07-25T08:16:42.212739,ALGO-USDT,0.2576,0.2577,10938.9,864.0
2025-07-25T08:16:42.212778,AIXBT-USDT,0.1395,0.1399,796.0,738.7093
2025-07-25T08:16:42.310241,ADA-USDT,0.798377,0.798378,881.177,8.0885
2025-07-25T08:16:42.313553,ANIME-USDT,0.018526,0.018606,35623.826,5903.4
2025-07-25T08:16:42.410277,AIXBT-USDT,0.1395,0.1399,4738.4552,738.7093
2025-07-25T08:16:42.410699,AAVE-USDT,287.1894,287.3401,0.486,0.486
2025-07-25T08:16:42.411280,ANIME-USDT,0.018528,0.018606,35619.9806,5903.4
2025-07-25T08:16:42.511999,ADA-USDT,0.798377,0.798378,881.177,359.0885
2025-07-25T08:16:42.514231,ALGO-USDT,0.2576,0.2577,4025.14,864.0
2025-07-25T08:16:42.515390,AIXBT-USDT,0.1395,0.1399,796.0,738.7093
2025-07-25T08:16:42.516921,A-USDT,0.5591,0.56,608.5977,234.9
2025-07-25T08:16:42.517576,ANIME-USDT,0.018526,0.018606,65690.2527,5903.4
2025-07-25T08:16:42.611166,AI16Z-USDT,0.1464,0.1465,923.2733,1310.5935
2025-07-25T08:16:42.612029,ALCH-USDT,0.13716,0.13747,1521.723,1807.1193
2025-07-25T08:16:42.613330,1INCH-USDT,0.27302,0.273657,4083.2032,97.2
2025-07-25T08:16:42.613594,AIXBT-USDT,0.1395,0.1399,4738.4552,738.7093
2025-07-25T08:16:42.613755,A-USDT,0.5592,0.56,234.9,234.9
2025-07-25T08:16:42.721027,1INCH-USDT,0.273047,0.273657,97.2,97.2
2025-07-25T08:16:42.721396,AAVE-USDT,287.2182,287.3401,0.486,0.486
2025-07-25T08:16:42.721627,ANIME-USDT,0.018526,0.018606,101314.0787,5903.4
2025-07-25T08:16:42.809890,ADA-USDT,0.798377,0.798378,1825.3911,8.0885
2025-07-25T08:16:42.811417,ALGO-USDT,0.2576,0.2578,10938.9,1024.4
2025-07-25T08:16:42.910677,AERGO-USDT,0.12992,0.13088,77.8907,801.6037
2025-07-25T08:16:42.911061,ALGO-USDT,0.2576,0.2577,10938.9,864.0
2025-07-25T08:16:42.911283,1INCH-USDT,0.273048,0.273656,4045.7014,4045.7014
2025-07-25T08:16:42.911509,AAVE-USDT,287.1606,287.3401,0.486,0.486
2025-07-25T08:16:43.010947,ALGO-USDT,0.2576,0.2577,4025.14,864.0
2025-07-25T08:16:43.011181,1INCH-USDT,0.273075,0.273629,97.2,97.2
2025-07-25T08:16:43.108557,AI16Z-USDT,0.1464,0.1465,1842.123,1310.5935
2025-07-25T08:16:43.210132,ALCH-USDT,0.13731,0.13747,476.7299,1807.1193
2025-07-25T08:16:43.310564,ALCH-USDT,0.13718,0.13747,1521.723,1807.1193
2025-07-25T08:16:43.311413,AERGO-USDT,0.12992,0.13088,77.8907,801.6037
2025-07-25T08:16:43.312208,AAVE-USDT,287.1894,287.3401,0.486,0.486
2025-07-25T08:16:43.409181,AI-USDT,0.1308,0.1311,4910.2947,248.3903
2025-07-25T08:16:43.410235,ALGO-USDT,0.2576,0.2577,4980.91,864.0
2025-07-25T08:16:43.509374,ADA-USDT,0.798377,0.798378,39.3314,8.0885
2025-07-25T08:16:43.511458,AAVE-USDT,287.1894,287.3401,0.486,0.486
2025-07-25T08:16:43.611716,ADA-USDT,0.798377,0.798378,390.3314,8.0885
2025-07-25T08:16:43.614531,ALGO-USDT,0.2576,0.2578,11894.67,1024.4
2025-07-25T08:16:43.710266,ADA-USDT,0.798377,0.798378,39.3314,8.0885
2025-07-25T08:16:43.711591,ALGO-USDT,0.2576,0.2578,7777.76,979.0
2025-07-25T08:16:43.712220,1INCH-USDT,0.273103,0.273601,97.2,97.2
2025-07-25T08:16:43.712398,AIXBT-USDT,0.1395,0.1399,4738.4552,738.7093
2025-07-25T08:16:43.713641,ANIME-USDT,0.018527,0.018606,601.5653,5903.4
2025-07-25T08:16:43.811747,ALCH-USDT,0.13717,0.13747,125.4108,1807.1193
2025-07-25T08:16:43.812057,ALGO-USDT,0.2576,0.2578,7777.76,1024.4
2025-07-25T08:16:43.812092,AIXBT-USDT,0.1395,0.1399,796.0,838.7093
2025-07-25T08:16:43.812112,AAVE-USDT,287.1895,287.34,2.3493,0.09
2025-07-25T08:16:43.812575,ANIME-USDT,0.018528,0.018606,35619.9806,5903.4
2025-07-25T08:16:43.910933,ADA-USDT,0.798377,0.798378,877.2449,8.0885
2025-07-25T08:16:43.911596,ALCH-USDT,0.13714,0.13747,1423.6902,1807.1193
2025-07-25T08:16:43.912305,AERGO-USDT,0.12993,0.13091,22115.8921,340.0
2025-07-25T08:16:43.912738,AIXBT-USDT,0.1395,0.1399,796.0,838.7093
2025-07-25T08:16:43.913081,AAVE-USDT,287.2182,287.3113,0.486,0.486
2025-07-25T08:16:43.913661,ANIME-USDT,0.01853,0.018606,35616.136,5903.4
2025-07-25T08:16:44.009684,ALCH-USDT,0.13715,0.13747,125.4108,1807.1193
2025-07-25T08:16:44.010440,AERGO-USDT,0.12993,0.1309,22115.8921,13135.4446
2025-07-25T08:16:44.011253,AAVE-USDT,287.1606,287.3401,0.486,0.486
2025-07-25T08:16:44.110488,ALGO-USDT,0.2576,0.2577,7777.76,864.0
2025-07-25T08:16:44.113088,AAVE-USDT,287.1606,287.3401,0.486,0.486
2025-07-25T08:16:44.208511,AI16Z-USDT,0.1464,0.1465,2701.9033,1310.5935
2025-07-25T08:16:44.208843,AI-USDT,0.1308,0.1309,4910.2947,387.8543
2025-07-25T08:16:44.209844,AERGO-USDT,0.12994,0.13087,77.8907,384.9457
2025-07-25T08:16:44.210175,AIXBT-USDT,0.1396,0.1399,2927.5016,838.7093
2025-07-25T08:16:44.210486,AAVE-USDT,287.1606,287.3113,0.486,0.486
2025-07-25T08:16:44.210995,ANIME-USDT,0.018532,0.018606,35612.2923,5903.4
2025-07-25T08:16:44.308256,ADA-USDT,0.79861,0.798905,37.2736,351.0
2025-07-25T08:16:44.308558,AI-USDT,0.1308,0.1311,4910.2947,248.3903
2025-07-25T08:16:44.308727,ALCH-USDT,0.13716,0.13747,1521.723,1807.1193
2025-07-25T08:16:44.309826,AIXBT-USDT,0.1396,0.1399,6867.1326,838.7093
2025-07-25T08:16:44.310100,AAVE-USDT,287.1894,287.3113,0.486,0.486
2025-07-25T08:16:44.310324,ANIME-USDT,0.018532,0.018606,35612.2923,5903.4
2025-07-25T08:16:44.408429,ADA-USDT,0.798654,0.798904,36.4476,536.85
2025-07-25T08:16:44.410161,AERGO-USDT,0.12965,0.13087,3826.1228,384.9457
2025-07-25T08:16:44.410204,ALGO-USDT,0.2576,0.2578,7777.76,1024.4
2025-07-25T08:16:44.410586,AIXBT-USDT,0.1396,0.1399,2927.5016,838.7093
2025-07-25T08:16:44.410854,AAVE-USDT,287.2508,287.3401,0.486,0.486
2025-07-25T08:16:44.508808,ADA-USDT,0.798456,0.798717,351.0,390.184
2025-07-25T08:16:44.508847,AI16Z-USDT,0.1464,0.1465,3686.5465,1310.5935
2025-07-25T08:16:44.510001,ALGO-USDT,0.2577,0.2578,864.0,979.0
2025-07-25T08:16:44.511230,ANIME-USDT,0.018535,0.018606,601.5653,5903.4
2025-07-25T08:16:44.608485,ADA-USDT,0.798708,0.798824,36.7609,6759.2
2025-07-25T08:16:44.609975,ALGO-USDT,0.2576,0.2578,7777.76,979.0
2025-07-25T08:16:44.610317,AIXBT-USDT,0.1396,0.1399,2927.5016,410.0
2025-07-25T08:16:44.610701,ANIME-USDT,0.018525,0.018606,35625.749,5903.4
2025-07-25T08:16:44.710952,ADA-USDT,0.798737,0.798824,37.8143,6759.2
2025-07-25T08:16:44.713567,ALCH-USDT,0.13715,0.13747,125.4108,1807.1193
2025-07-25T08:16:44.713612,AERGO-USDT,0.12966,0.13087,200.0,384.9457
2025-07-25T08:16:44.713647,ALGO-USDT,0.2576,0.2578,7777.76,1024.4
2025-07-25T08:16:44.713686,ANIME-USDT,0.018529,0.018606,35618.0582,5903.4
2025-07-25T08:16:44.809081,ADA-USDT,0.798737,0.798797,37.8143,390.9753
2025-07-25T08:16:44.809119,ALCH-USDT,0.13732,0.13747,539.8994,1807.1193
2025-07-25T08:16:44.908957,ADA-USDT,0.798737,0.798776,37.8143,388.6399
2025-07-25T08:16:44.909729,ALCH-USDT,0.13716,0.13747,6206.7825,1807.1193
2025-07-25T08:16:44.910836,AAVE-USDT,287.2504,287.3401,2.3817,0.486
2025-07-25T08:16:45.011444,AERGO-USDT,0.13026,0.13086,77.8907,12558.0
2025-07-25T08:16:45.011590,ALGO-USDT,0.2577,0.2578,864.0,1024.4
2025-07-25T08:16:45.012093,AIXBT-USDT,0.1397,0.1399,266.459,410.0
2025-07-25T08:16:45.012213,AAVE-USDT,287.2515,287.3401,0.486,0.486
2025-07-25T08:16:45.109194,ADA-USDT,0.798758,0.798776,38.7216,351.0
2025-07-25T08:16:45.110594,AERGO-USDT,0.12968,0.13086,77.8907,12558.0
2025-07-25T08:16:45.111102,AIXBT-USDT,0.1396,0.1399,2927.5016,410.0
2025-07-25T08:16:45.112170,ANIME-USDT,0.018529,0.018606,35618.0582,5903.4
2025-07-25T08:16:45.259563,ADA-USDT,0.798538,0.798776,351.0,351.0
2025-07-25T08:16:45.259601,AI16Z-USDT,0.1464,0.1465,4573.453,1310.5935
2025-07-25T08:16:45.261236,ALGO-USDT,0.2576,0.2577,7777.76,864.0
2025-07-25T08:16:45.261643,1INCH-USDT,0.273131,0.273573,97.2,97.2
2025-07-25T08:16:45.262291,AAVE-USDT,287.2504,287.3401,2.3817,0.486
2025-07-25T08:16:45.309452,ADA-USDT,0.798538,0.798763,351.0,390.2323
2025-07-25T08:16:45.310555,AERGO-USDT,0.12968,0.13086,77.8907,12558.0
2025-07-25T08:16:45.410505,AAVE-USDT,287.2504,287.3401,2.3817,0.486
2025-07-25T08:16:45.507946,ADA-USDT,0.798722,0.798763,37.7537,390.2323
2025-07-25T08:16:45.510100,AAVE-USDT,287.2508,287.3401,0.486,0.486
2025-07-25T08:16:45.609564,AERGO-USDT,0.12973,0.13086,616.6836,12558.0
2025-07-25T08:16:45.609749,AIXBT-USDT,0.1396,0.1399,2927.5016,970.0
2025-07-25T08:16:45.711710,ADA-USDT,0.798722,0.798763,37.7537,390.2323
2025-07-25T08:16:45.711749,AI16Z-USDT,0.1464,0.1465,4573.453,1094.5935
2025-07-25T08:16:45.712089,AI-USDT,0.1308,0.1311,4910.2947,248.3903
2025-07-25T08:16:45.713390,AERGO-USDT,0.12973,0.13086,816.6836,12558.0
2025-07-25T08:16:45.713604,ALGO-USDT,0.2576,0.2577,7777.76,979.0
2025-07-25T08:16:45.714998,A-USDT,0.5592,0.56,234.9,234.9
2025-07-25T08:16:45.809122,ALCH-USDT,0.13717,0.13747,1647.1338,1807.1193
2025-07-25T08:16:45.809962,ALGO-USDT,0.2576,0.2577,8821.41,979.0
2025-07-25T08:16:45.909868,AI-USDT,0.1309,0.1311,4389.1734,248.3903
2025-07-25T08:16:45.911106,AERGO-USDT,0.12977,0.13086,1541.196,12558.0
2025-07-25T08:16:45.912026,ANIME-USDT,0.018531,0.018606,35614.2141,5903.4
2025-07-25T08:16:46.008004,AI16Z-USDT,0.1464,0.1466,4573.453,10670.8708
2025-07-25T08:16:46.008422,ALCH-USDT,0.13718,0.13747,1521.723,1807.1193
2025-07-25T08:16:46.109043,ADA-USDT,0.798746,0.798824,36.4495,6759.2
2025-07-25T08:16:46.110314,ALGO-USDT,0.2576,0.2577,8821.41,115.0
2025-07-25T08:16:46.111137,AIXBT-USDT,0.1396,0.1399,2927.5016,970.0
2025-07-25T08:16:46.209261,AI16Z-USDT,0.1464,0.1465,4573.453,216.0
2025-07-25T08:16:46.210538,ALGO-USDT,0.2576,0.2577,8821.41,979.0
2025-07-25T08:16:46.211105,AAVE-USDT,287.2508,287.3401,0.486,0.486
2025-07-25T08:16:46.211346,ANIME-USDT,0.018532,0.018606,86610.2527,5903.4
2025-07-25T08:16:46.317369,AI16Z-USDT,0.1464,0.1466,5502.0266,10670.8708
2025-07-25T08:16:46.320198,ANIME-USDT,0.018533,0.018606,35610.3707,5903.4
2025-07-25T08:16:46.408475,ADA-USDT,0.798768,0.798781,37.1043,351.0
2025-07-25T08:16:46.409291,ALCH-USDT,0.1372,0.13747,125.4108,1807.1193
2025-07-25T08:16:46.509109,ADA-USDT,0.798774,0.798781,874.951,351.0
2025-07-25T08:16:46.510223,ALGO-USDT,0.2576,0.2577,8821.41,115.0
2025-07-25T08:16:46.510622,1INCH-USDT,0.273159,0.273545,97.2,97.2
2025-07-25T08:16:46.609605,ADA-USDT,0.798538,0.798777,351.0,37.6379
2025-07-25T08:16:46.609641,AI16Z-USDT,0.1464,0.1465,5502.0266,216.0
2025-07-25T08:16:46.610771,AERGO-USDT,0.12978,0.13086,77.8907,12558.0
2025-07-25T08:16:46.610831,ALGO-USDT,0.2576,0.2577,9911.0,979.0
2025-07-25T08:16:46.611217,AAVE-USDT,287.2506,287.3401,0.486,0.486
2025-07-25T08:16:46.709906,ADA-USDT,0.798538,0.798777,351.0,388.6379
2025-07-25T08:16:46.711327,AIXBT-USDT,0.1396,0.1399,2927.5016,970.0
2025-07-25T08:16:46.816374,AI16Z-USDT,0.1464,0.1466,5502.0266,10670.8708
2025-07-25T08:16:46.816520,ALCH-USDT,0.13715,0.13747,125.4108,1807.1193
2025-07-25T08:16:46.816556,1INCH-USDT,0.273187,0.273517,97.2,97.2
2025-07-25T08:16:46.816575,AAVE-USDT,287.2506,287.3113,0.486,0.486
2025-07-25T08:16:46.908606,ADA-USDT,0.798723,0.798777,38.3109,388.6379
2025-07-25T08:16:46.908727,AI16Z-USDT,0.1463,0.1465,800.0,216.0
2025-07-25T08:16:46.914381,AERGO-USDT,0.1298,0.13086,1540.8398,12558.0
2025-07-25T08:16:46.914437,ALGO-USDT,0.2576,0.2577,9911.0,115.0
2025-07-25T08:16:46.914472,ANIME-USDT,0.018535,0.018606,35606.5282,5903.4
2025-07-25T08:16:47.017555,ADA-USDT,0.798754,0.799062,351.0,1600.0
2025-07-25T08:16:47.017596,1INCH-USDT,0.273215,0.273797,97.2,97.2
2025-07-25T08:16:47.017626,AAVE-USDT,287.2506,287.3401,0.486,0.486
2025-07-25T08:16:47.017651,A-USDT,0.5592,0.5598,373.6977,234.9
2025-07-25T08:16:47.111037,ADA-USDT,0.798832,0.798884,38.0204,6757.3
2025-07-25T08:16:47.111165,AI16Z-USDT,0.1463,0.1466,800.0,10670.8708
2025-07-25T08:16:47.114391,AI-USDT,0.1308,0.1311,521.1213,248.3903
2025-07-25T08:16:47.118885,AAVE-USDT,287.295,287.3401,2.2651,0.486
2025-07-25T08:16:47.118922,ANIME-USDT,0.018537,0.018606,35602.6866,5903.4
2025-07-25T08:16:47.210986,ADA-USDT,0.798859,0.799065,37.7934,351.0
2025-07-25T08:16:47.215215,1INCH-USDT,0.273215,0.273769,97.2,97.2
2025-07-25T08:16:47.217931,AAVE-USDT,287.2506,287.3401,0.486,0.486
2025-07-25T08:16:47.217978,A-USDT,0.5593,0.56,234.9,5166.8339
2025-07-25T08:16:47.314050,ADA-USDT,0.798893,0.798979,38.5285,6757.2
2025-07-25T08:16:47.314091,AI16Z-USDT,0.1463,0.1466,4868.1,10670.8708
2025-07-25T08:16:47.314118,ALCH-USDT,0.13715,0.13747,125.4108,1807.1193
2025-07-25T08:16:47.314143,AERGO-USDT,0.12981,0.13086,200.0,12558.0
2025-07-25T08:16:47.314166,1INCH-USDT,0.273243,0.273769,97.2,97.2
2025-07-25T08:16:47.410544,ADA-USDT,0.798893,0.798937,38.5285,387.8534
2025-07-25T08:16:47.411987,AI16Z-USDT,0.1464,0.1466,849.3186,10670.8708
2025-07-25T08:16:47.412700,AERGO-USDT,0.12981,0.13085,200.0,384.9457
2025-07-25T08:16:47.412893,1INCH-USDT,0.273243,0.273741,97.2,97.2
2025-07-25T08:16:47.415106,A-USDT,0.5593,0.5599,234.9,234.9
2025-07-25T08:16:47.510885,1INCH-USDT,0.273271,0.273741,97.2,97.2
2025-07-25T08:16:47.510928,AIXBT-USDT,0.1396,0.1399,2927.5016,970.0
2025-07-25T08:16:47.510962,A-USDT,0.5593,0.5601,234.9,234.9
2025-07-25T08:16:47.613843,ADA-USDT,0.798893,0.798937,38.5285,36.8534
2025-07-25T08:16:47.614045,AI16Z-USDT,0.1464,0.1466,849.3186,7419.3753
2025-07-25T08:16:47.614113,ALGO-USDT,0.2576,0.2577,10943.3,115.0
2025-07-25T08:16:47.615388,1INCH-USDT,0.273271,0.273713,97.2,97.2
2025-07-25T08:16:47.615438,AIXBT-USDT,0.1397,0.1399,795.0,970.0
2025-07-25T08:16:47.714652,ADA-USDT,0.798987,0.799065,37.3567,351.0
2025-07-25T08:16:47.714702,AI16Z-USDT,0.1464,0.1466,849.3186,3321.9753
2025-07-25T08:16:47.714738,AERGO-USDT,0.12982,0.13085,77.8907,384.9457
2025-07-25T08:16:47.714768,1INCH-USDT,0.273047,0.273713,97.2,97.2
2025-07-25T08:16:47.714942,AIXBT-USDT,0.1397,0.1398,795.0,248.5893
2025-07-25T08:16:47.811549,ADA-USDT,0.798698,0.799065,351.0,351.0
2025-07-25T08:16:47.813114,AERGO-USDT,0.12982,0.13085,661.7005,384.9457
2025-07-25T08:16:47.813620,AIXBT-USDT,0.1397,0.1399,795.0,870.0
2025-07-25T08:16:47.908744,ADA-USDT,0.798698,0.798968,351.0,36.0529
2025-07-25T08:16:47.910535,AIXBT-USDT,0.1396,0.1399,795.0,870.0
2025-07-25T08:16:47.910930,AAVE-USDT,287.2506,287.3401,0.486,0.486
2025-07-25T08:16:48.008874,ADA-USDT,0.7987,0.798968,351.0,36.0529
2025-07-25T08:16:48.008983,AI-USDT,0.1308,0.1311,4910.2947,248.3903
2025-07-25T08:16:48.009931,AIXBT-USDT,0.1396,0.1399,4734.631,870.0
2025-07-25T08:16:48.110773,ADA-USDT,0.798929,0.798968,36.3723,36.0529
2025-07-25T08:16:48.112406,ALGO-USDT,0.2576,0.2577,11890.62,115.0
2025-07-25T08:16:48.113542,AAVE-USDT,287.2506,287.3849,0.486,0.486
2025-07-25T08:16:48.113758,ANIME-USDT,0.018538,0.018606,601.5653,5903.4
2025-07-25T08:16:48.210226,ALCH-USDT,0.13716,0.13747,1521.723,1807.1193
2025-07-25T08:16:48.211125,AIXBT-USDT,0.1396,0.1399,795.0,870.0
2025-07-25T08:16:48.313060,ANIME-USDT,0.018539,0.018606,154745.2478,5903.4
2025-07-25T08:16:48.413815,AERGO-USDT,0.12982,0.13084,661.7005,7560.0
2025-07-25T08:16:48.415322,A-USDT,0.5591,0.5601,234.9,234.9
2025-07-25T08:16:48.417599,ANIME-USDT,0.01854,0.018606,35596.9256,5903.4
2025-07-25T08:16:48.512610,ADA-USDT,0.799025,0.799091,38.6294,6757.1
2025-07-25T08:16:48.512723,AI16Z-USDT,0.1465,0.1466,872.4438,3321.9753
2025-07-25T08:16:48.515113,1INCH-USDT,0.273299,0.273909,97.2,97.2
2025-07-25T08:16:48.515667,A-USDT,0.5594,0.5601,1578.6172,234.9
2025-07-25T08:16:48.609998,ADA-USDT,0.799052,0.799091,36.3771,6757.1
2025-07-25T08:16:48.611163,ALCH-USDT,0.13715,0.13747,125.4108,1807.1193
2025-07-25T08:16:48.612320,1INCH-USDT,0.273327,0.273909,97.2,97.2
2025-07-25T08:16:48.612710,AAVE-USDT,287.3179,287.3849,2.4032,0.486
2025-07-25T08:16:48.612758,A-USDT,0.5595,0.5601,234.9,234.9
2025-07-25T08:16:48.709998,ADA-USDT,0.799113,0.799114,351.0,45692.7551
2025-07-25T08:16:48.710723,ALCH-USDT,0.13717,0.13747,1521.723,1807.1193
2025-07-25T08:16:48.712094,ALGO-USDT,0.2576,0.2577,7777.76,115.0
2025-07-25T08:16:48.712460,AIXBT-USDT,0.1396,0.1399,795.0,870.0
2025-07-25T08:16:48.712626,AAVE-USDT,287.1894,287.4287,0.486,0.486
2025-07-25T08:16:48.811087,1INCH-USDT,0.273355,0.273881,97.2,97.2
2025-07-25T08:16:48.811126,AIXBT-USDT,0.1396,0.1399,795.0,560.0
2025-07-25T08:16:48.811430,AAVE-USDT,287.2182,287.4287,0.486,0.486
2025-07-25T08:16:48.914720,ALCH-USDT,0.13719,0.13747,125.4108,1807.1193
2025-07-25T08:16:48.916689,AIXBT-USDT,0.1396,0.1399,795.0,560.0
2025-07-25T08:16:49.011574,AI16Z-USDT,0.1465,0.1466,872.4438,3105.9753
2025-07-25T08:16:49.012542,AI-USDT,0.1309,0.1311,4389.1734,248.3903
2025-07-25T08:16:49.012743,ALCH-USDT,0.13717,0.13747,125.4108,1807.1193
2025-07-25T08:16:49.013663,AERGO-USDT,0.12983,0.13084,5624.6643,7560.0
2025-07-25T08:16:49.015088,1INCH-USDT,0.273383,0.273853,97.2,97.2
2025-07-25T08:16:49.015118,AAVE-USDT,287.2183,287.4287,2.3493,0.486
2025-07-25T08:16:49.114130,ADA-USDT,0.799113,0.799114,388.2168,45692.7551
2025-07-25T08:16:49.114915,ALCH-USDT,0.13718,0.13747,1521.723,1807.1193
2025-07-25T08:16:49.117107,1INCH-USDT,0.273411,0.273909,97.2,97.2
2025-07-25T08:16:49.117164,AIXBT-USDT,0.1396,0.1399,4734.631,560.0
2025-07-25T08:16:49.117572,AAVE-USDT,287.247,287.432,0.486,0.486
2025-07-25T08:16:49.117614,A-USDT,0.5595,0.5603,234.9,234.9
2025-07-25T08:16:49.214138,ALCH-USDT,0.13717,0.13747,125.4108,1807.1193
2025-07-25T08:16:49.218499,AAVE-USDT,287.2758,287.432,0.486,0.486
2025-07-25T08:16:49.313258,AI16Z-USDT,0.1465,0.1466,1729.7872,3105.9753
2025-07-25T08:16:49.313570,AI-USDT,0.1309,0.131,4389.1734,342.5731
2025-07-25T08:16:49.315292,ALGO-USDT,0.2576,0.2577,9767.28,115.0
2025-07-25T08:16:49.315807,AIXBT-USDT,0.1396,0.1399,795.0,560.0
2025-07-25T08:16:49.317174,AAVE-USDT,287.3046,287.5177,0.486,0.486
2025-07-25T08:16:49.317235,ANIME-USDT,0.018542,0.018606,35593.086,5903.4
2025-07-25T08:16:49.413152,AI-USDT,0.1308,0.1311,2755.5713,170.0
2025-07-25T08:16:49.413407,ALGO-USDT,0.2578,0.2579,1350.19,909.4
2025-07-25T08:16:49.413911,1INCH-USDT,0.273439,0.273825,97.2,97.2
2025-07-25T08:16:49.413950,AIXBT-USDT,0.1397,0.1399,9269.4476,560.0
2025-07-25T08:16:49.414183,AAVE-USDT,287.3334,287.5177,0.486,0.486
2025-07-25T08:16:49.516044,ALCH-USDT,0.13714,0.13747,1423.6902,1807.1193
2025-07-25T08:16:49.518757,1INCH-USDT,0.273439,0.273797,97.2,97.2
2025-07-25T08:16:49.611486,ALCH-USDT,0.13722,0.13747,1521.723,1807.1193
2025-07-25T08:16:49.612233,ALGO-USDT,0.2578,0.2579,9253.34,45.4
2025-07-25T08:16:49.612671,AIXBT-USDT,0.1397,0.1399,9269.4476,560.0
2025-07-25T08:16:49.613034,AAVE-USDT,287.4322,287.5177,0.486,0.486
2025-07-25T08:16:49.613206,A-USDT,0.5595,0.5601,234.9,234.9
2025-07-25T08:16:49.712816,ADA-USDT,0.799113,0.799114,623.2168,43218.5572
2025-07-25T08:16:49.715231,ALGO-USDT,0.2579,0.258,864.0,909.4
2025-07-25T08:16:49.716769,AAVE-USDT,287.247,287.5177,0.486,0.486
2025-07-25T08:16:49.716830,A-USDT,0.5595,0.5603,608.5977,234.9
2025-07-25T08:16:49.810446,ADA-USDT,0.799113,0.799114,2696.8118,17128.0819
2025-07-25T08:16:49.812080,ALGO-USDT,0.2578,0.258,9298.74,909.4
2025-07-25T08:16:49.813127,AAVE-USDT,287.2758,287.5177,0.486,0.486
2025-07-25T08:16:49.813167,A-USDT,0.5596,0.5603,234.9,234.9
2025-07-25T08:16:49.911246,ADA-USDT,0.799113,0.799114,2696.8118,13718.283
2025-07-25T08:16:49.913236,AERGO-USDT,0.12984,0.13084,200.0,7976.658
2025-07-25T08:16:49.913273,ALGO-USDT,0.2579,0.258,864.0,909.4
2025-07-25T08:16:49.913977,1INCH-USDT,0.273467,0.273909,97.2,97.2
2025-07-25T08:16:50.008417,AI16Z-USDT,0.1465,0.1466,2607.3526,3105.9753
2025-07-25T08:16:50.009647,AERGO-USDT,0.12986,0.1309,22115.8921,951.6894
2025-07-25T08:16:50.009684,ALGO-USDT,0.2578,0.258,9298.74,909.4
2025-07-25T08:16:50.113132,ADA-USDT,0.799113,0.799114,1223.5785,13718.283
2025-07-25T08:16:50.114554,ALCH-USDT,0.13717,0.13747,1521.723,1807.1193
2025-07-25T08:16:50.115176,AERGO-USDT,0.12986,0.13089,22115.8921,7445.4446
2025-07-25T08:16:50.115267,ALGO-USDT,0.2579,0.258,864.0,909.4
2025-07-25T08:16:50.116005,1INCH-USDT,0.273383,0.273909,97.2,97.2
2025-07-25T08:16:50.116836,ANIME-USDT,0.018543,0.018606,601.5653,5903.4
2025-07-25T08:16:50.219695,AI16Z-USDT,0.1465,0.1466,2607.3526,776.4938
2025-07-25T08:16:50.220044,AI-USDT,0.1308,0.1311,3094.5713,170.0
2025-07-25T08:16:50.220416,ALCH-USDT,0.13716,0.13747,125.4108,1807.1193
2025-07-25T08:16:50.221156,1INCH-USDT,0.273383,0.273881,97.2,97.2
2025-07-25T08:16:50.221392,AIXBT-USDT,0.1398,0.1399,270.2513,560.0
2025-07-25T08:16:50.222111,ANIME-USDT,0.018546,0.018606,35585.4093,5903.4
2025-07-25T08:16:50.309866,AI16Z-USDT,0.1465,0.1468,3514.4341,516.0
2025-07-25T08:16:50.312117,ALGO-USDT,0.2578,0.258,9298.74,909.4
2025-07-25T08:16:50.312875,AIXBT-USDT,0.1397,0.1399,9269.4476,560.0
2025-07-25T08:16:50.312912,AAVE-USDT,287.3046,287.5177,0.486,0.486
2025-07-25T08:16:50.312941,A-USDT,0.5595,0.5603,234.9,234.9
2025-07-25T08:16:50.313244,ANIME-USDT,0.018548,0.018606,93155.2478,5903.4
2025-07-25T08:16:50.408738,AI16Z-USDT,0.1465,0.1468,3514.4341,4583.3
2025-07-25T08:16:50.410908,AAVE-USDT,287.3046,287.5177,0.486,0.486
2025-07-25T08:16:50.510180,ADA-USDT,0.799113,0.799114,2059.7935,13718.283
2025-07-25T08:16:50.510221,AI16Z-USDT,0.1465,0.1467,3514.4341,216.0
2025-07-25T08:16:50.510243,AI-USDT,0.1308,0.1311,2755.5713,170.0
2025-07-25T08:16:50.510263,ALCH-USDT,0.13717,0.13747,1521.723,1807.1193
2025-07-25T08:16:50.510947,ALGO-USDT,0.2579,0.258,864.0,909.4
2025-07-25T08:16:50.511617,1INCH-USDT,0.273411,0.273853,97.2,97.2
2025-07-25T08:16:50.711066,AAVE-USDT,287.3047,287.5177,2.3493,0.486
2025-07-25T08:16:50.809601,AI-USDT,0.1308,0.1311,2755.5713,170.0
2025-07-25T08:16:50.811112,AERGO-USDT,0.12987,0.13089,200.0,7445.4446
2025-07-25T08:16:50.811306,ALGO-USDT,0.2579,0.258,1811.15,909.4
2025-07-25T08:16:50.811848,1INCH-USDT,0.273439,0.273825,97.2,97.2
2025-07-25T08:16:50.811886,AIXBT-USDT,0.1398,0.1399,795.0,560.0
2025-07-25T08:16:50.812364,AAVE-USDT,287.3334,287.5177,0.486,0.486
2025-07-25T08:16:50.912351,AI16Z-USDT,0.1465,0.1468,3514.4341,5677.8935
2025-07-25T08:16:50.914894,AERGO-USDT,0.12988,0.13089,18733.0,7445.4446
2025-07-25T08:16:50.915559,AAVE-USDT,287.3622,287.5177,0.486,0.486
2025-07-25T08:16:50.916418,ANIME-USDT,0.018549,0.018606,5946.8,5903.4
2025-07-25T08:16:51.010200,ADA-USDT,0.799259,0.79926,351.0,22.5761
2025-07-25T08:16:51.011314,AI-USDT,0.1308,0.1311,2755.5713,170.0
2025-07-25T08:16:51.013292,AIXBT-USDT,0.1397,0.1399,795.0,560.0
2025-07-25T08:16:51.111701,AERGO-USDT,0.12989,0.13089,77.8907,7445.4446
2025-07-25T08:16:51.112716,AAVE-USDT,287.391,287.5177,0.486,0.486
2025-07-25T08:16:51.211868,AERGO-USDT,0.12989,0.13089,77.8907,7445.4446
2025-07-25T08:16:51.212773,AIXBT-USDT,0.1397,0.1399,795.0,560.0
2025-07-25T08:16:51.213392,AAVE-USDT,287.3622,287.5177,0.486,0.486
2025-07-25T08:16:51.309101,AI16Z-USDT,0.1465,0.1467,3514.4341,216.0
2025-07-25T08:16:51.309146,AI-USDT,0.1308,0.1311,2755.5713,248.3903
2025-07-25T08:16:51.310049,AERGO-USDT,0.12987,0.13089,18937.8907,7445.4446
2025-07-25T08:16:51.310662,AAVE-USDT,287.3552,287.5177,0.486,0.486
2025-07-25T08:16:51.310931,ANIME-USDT,0.018551,0.018606,155210.6592,5903.4
2025-07-25T08:16:51.412081,ADA-USDT,0.799113,0.799213,1671.5767,351.0
2025-07-25T08:16:51.413139,AI-USDT,0.1308,0.1311,2755.5713,170.0
2025-07-25T08:16:51.413660,ALCH-USDT,0.13719,0.13747,1521.723,87.3705
2025-07-25T08:16:51.415222,ALGO-USDT,0.2579,0.258,947.15,909.4
2025-07-25T08:16:51.415941,AIXBT-USDT,0.1398,0.1399,230.4099,560.0
2025-07-25T08:16:51.416159,AAVE-USDT,287.3046,287.5177,0.486,0.486
2025-07-25T08:16:51.416963,ANIME-USDT,0.018552,0.018606,35573.9004,5903.4
2025-07-25T08:16:51.510106,ADA-USDT,0.799113,0.799172,1671.5767,390.1431
2025-07-25T08:16:51.510496,AI16Z-USDT,0.1466,0.1467,893.8425,216.0
2025-07-25T08:16:51.511496,ALCH-USDT,0.13716,0.13757,1521.723,1703.084
2025-07-25T08:16:51.513017,AERGO-USDT,0.12987,0.13083,18937.8907,384.9457
2025-07-25T08:16:51.513356,AIXBT-USDT,0.1397,0.1399,795.0,560.0
2025-07-25T08:16:51.513396,AAVE-USDT,287.384,287.5177,0.486,0.486
2025-07-25T08:16:51.514100,ANIME-USDT,0.01855,0.018606,29504.4619,5903.4
2025-07-25T08:16:51.611478,ADA-USDT,0.799133,0.799172,351.0,39.1431
2025-07-25T08:16:51.612583,ALCH-USDT,0.13716,0.13735,1521.723,537.2408
2025-07-25T08:16:51.613658,AAVE-USDT,287.384,287.5177,0.486,0.486
2025-07-25T08:16:51.711242,ALCH-USDT,0.13717,0.13753,1521.723,892.0028
2025-07-25T08:16:51.712607,AIXBT-USDT,0.1397,0.1399,795.0,560.0
2025-07-25T08:16:51.713098,AAVE-USDT,287.3334,287.5177,0.486,0.486
2025-07-25T08:16:51.808431,ADA-USDT,0.799259,0.79926,625.9682,22.5761
2025-07-25T08:16:51.810068,1INCH-USDT,0.273467,0.273797,97.2,97.2
2025-07-25T08:16:51.908967,AI16Z-USDT,0.1464,0.1467,800.0,216.0
2025-07-25T08:16:51.910574,1INCH-USDT,0.273383,0.273797,97.2,97.2
2025-07-25T08:16:51.910897,AAVE-USDT,287.3334,287.5177,0.486,0.486
2025-07-25T08:16:52.012462,1INCH-USDT,0.273103,0.273769,97.2,97.2
2025-07-25T08:16:52.012511,AIXBT-USDT,0.1397,0.1399,4731.811,560.0
2025-07-25T08:16:52.108691,AI16Z-USDT,0.1465,0.1467,1949.29,216.0
2025-07-25T08:16:52.110570,1INCH-USDT,0.273131,0.273769,97.2,97.2
2025-07-25T08:16:52.110615,AIXBT-USDT,0.1397,0.1399,795.0,560.0
2025-07-25T08:16:52.208648,ADA-USDT,0.799259,0.79926,2069.4374,22.5761
2025-07-25T08:16:52.211100,AERGO-USDT,0.12988,0.13083,200.0,384.9457
2025-07-25T08:16:52.311843,ANIME-USDT,0.01855,0.018606,36179.3012,5903.4
2025-07-25T08:16:52.414445,ADA-USDT,0.799259,0.79926,655.7323,22.5761
2025-07-25T08:16:52.414644,AI16Z-USDT,0.1465,0.1468,1949.29,5477.8935
2025-07-25T08:16:52.416929,AERGO-USDT,0.12989,0.13083,77.8907,384.9457
2025-07-25T08:16:52.416968,ALGO-USDT,0.2579,0.258,1811.15,909.4
2025-07-25T08:16:52.417285,1INCH-USDT,0.273159,0.273909,97.2,97.2
2025-07-25T08:16:52.417893,AAVE-USDT,287.3622,287.5177,0.486,0.486
2025-07-25T08:16:52.511637,ADA-USDT,0.799259,0.79926,625.9682,22.5761
2025-07-25T08:16:52.511683,AI16Z-USDT,0.1465,0.1468,1949.29,5377.8935
2025-07-25T08:16:52.512306,AI-USDT,0.1308,0.1311,3094.5713,170.0
2025-07-25T08:16:52.514502,A-USDT,0.5597,0.5603,234.9,234.9
2025-07-25T08:16:52.627260,AI16Z-USDT,0.1466,0.1468,980.4305,5377.8935
2025-07-25T08:16:52.628232,ALCH-USDT,0.13718,0.13753,1521.723,892.0028
2025-07-25T08:16:52.630535,1INCH-USDT,0.273187,0.273881,97.2,97.2
2025-07-25T08:16:52.631054,AAVE-USDT,287.391,287.5698,0.486,0.486
2025-07-25T08:16:52.718922,ALCH-USDT,0.13719,0.13751,1521.723,892.3838
2025-07-25T08:16:52.720819,AERGO-USDT,0.1299,0.13083,3487.845,384.9457
2025-07-25T08:16:52.720881,ALGO-USDT,0.2579,0.2581,8817.14,909.4
2025-07-25T08:16:52.721480,1INCH-USDT,0.273215,0.273853,97.2,97.2
2025-07-25T08:16:52.722274,AAVE-USDT,287.4892,287.5698,0.486,0.486
2025-07-25T08:16:52.809966,ALCH-USDT,0.1372,0.1375,1521.723,779.677
2025-07-25T08:16:52.810477,1INCH-USDT,0.273243,0.273853,97.2,97.2
2025-07-25T08:16:52.810754,AAVE-USDT,287.3622,287.5698,0.486,0.486
2025-07-25T08:16:52.810807,A-USDT,0.5597,0.5603,234.9,234.9
2025-07-25T08:16:52.910366,ALCH-USDT,0.13714,0.13747,1423.6902,999.626
2025-07-25T08:16:52.911363,AERGO-USDT,0.12995,0.13083,3487.845,384.9457
2025-07-25T08:16:52.912674,AAVE-USDT,287.3623,287.5698,2.3493,0.486
2025-07-25T08:16:52.912712,A-USDT,0.5597,0.5605,234.9,234.9
2025-07-25T08:16:53.010200,AI16Z-USDT,0.1466,0.1468,980.4305,4283.3
2025-07-25T08:16:53.010950,ALCH-USDT,0.13715,0.13747,125.4108,999.626
2025-07-25T08:16:53.012627,AERGO-USDT,0.12995,0.13091,3487.845,756.658
2025-07-25T08:16:53.012898,ALGO-USDT,0.2579,0.258,8817.14,864.0
2025-07-25T08:16:53.013189,1INCH-USDT,0.273243,0.273909,97.2,97.2
2025-07-25T08:16:53.013417,AIXBT-USDT,0.1397,0.1399,795.0,560.0
2025-07-25T08:16:53.013668,AAVE-USDT,287.391,287.5698,0.486,0.486
2025-07-25T08:16:53.113552,AI16Z-USDT,0.1466,0.1468,980.4305,216.0
2025-07-25T08:16:53.114843,AI-USDT,0.1308,0.1311,2755.5713,170.0
2025-07-25T08:16:53.115359,AIXBT-USDT,0.1398,0.1399,3829.0016,560.0
2025-07-25T08:16:53.211822,1INCH-USDT,0.273271,0.273825,97.2,97.2
2025-07-25T08:16:53.212639,AIXBT-USDT,0.1398,0.1401,3829.0016,2770.0
2025-07-25T08:16:53.311499,1INCH-USDT,0.273299,0.273797,97.2,97.2
2025-07-25T08:16:53.408597,AI16Z-USDT,0.1467,0.1468,852.5307,216.0
2025-07-25T08:16:53.409772,AERGO-USDT,0.13044,0.13091,258.3022,340.0
2025-07-25T08:16:53.410197,1INCH-USDT,0.273327,0.273909,97.2,97.2
2025-07-25T08:16:53.510652,AERGO-USDT,0.12999,0.1309,3567.7949,7518.4446
2025-07-25T08:16:53.511073,AIXBT-USDT,0.1398,0.1401,3829.0016,2770.0
2025-07-25T08:16:53.612009,ALGO-USDT,0.2579,0.2581,1903.38,909.4
2025-07-25T08:16:53.612885,AAVE-USDT,287.391,287.5698,0.486,0.486
2025-07-25T08:16:53.710960,ALCH-USDT,0.13715,0.13747,125.4108,999.626
2025-07-25T08:16:53.712523,AERGO-USDT,0.12999,0.1309,22115.8921,7518.4446
2025-07-25T08:16:53.712622,ALGO-USDT,0.2579,0.2581,7823.16,909.4
2025-07-25T08:16:53.713005,AIXBT-USDT,0.1398,0.1401,3829.0016,1818.7093
2025-07-25T08:16:53.713410,AAVE-USDT,287.4198,287.5698,0.486,0.486
2025-07-25T08:16:53.810030,ADA-USDT,0.799259,0.79926,1493.9096,22.5761
2025-07-25T08:16:53.812144,AERGO-USDT,0.12999,0.13091,22115.8921,340.0
2025-07-25T08:16:53.812182,ALGO-USDT,0.2579,0.258,7823.16,864.0
2025-07-25T08:16:53.812218,1INCH-USDT,0.273355,0.273881,97.2,97.2
2025-07-25T08:16:53.912991,ADA-USDT,0.799259,0.79926,2311.3004,22.5761
2025-07-25T08:16:53.914375,AERGO-USDT,0.13,0.1309,3536.775,521.4446
2025-07-25T08:16:53.914569,ALGO-USDT,0.2579,0.2581,7823.16,909.4
2025-07-25T08:16:53.914841,1INCH-USDT,0.273355,0.273853,97.2,97.2
2025-07-25T08:16:53.915494,ANIME-USDT,0.01855,0.018606,36179.3012,5903.4
2025-07-25T08:16:54.009599,ALCH-USDT,0.13717,0.13757,1521.723,779.677
2025-07-25T08:16:54.010726,1INCH-USDT,0.273383,0.273853,97.2,97.2
2025-07-25T08:16:54.111958,AI16Z-USDT,0.1467,0.1468,1839.8322,216.0
2025-07-25T08:16:54.113994,ALCH-USDT,0.13716,0.13763,1521.723,1099.0625
2025-07-25T08:16:54.116140,AERGO-USDT,0.13002,0.1309,22115.8921,521.4446
2025-07-25T08:16:54.116187,ALGO-USDT,0.2579,0.258,7823.16,864.0
2025-07-25T08:16:54.116500,1INCH-USDT,0.273383,0.273825,97.2,97.2
2025-07-25T08:16:54.117110,AAVE-USDT,287.4198,287.5698,0.486,0.486
2025-07-25T08:16:54.210727,ALCH-USDT,0.13717,0.13763,1521.723,1099.0625
2025-07-25T08:16:54.212247,AERGO-USDT,0.13003,0.1309,3434.805,521.4446
2025-07-25T08:16:54.212279,ALGO-USDT,0.2579,0.258,8878.48,864.0
2025-07-25T08:16:54.310298,ADA-USDT,0.799259,0.79926,3114.0516,22.5761
2025-07-25T08:16:54.312562,AERGO-USDT,0.13003,0.13091,3434.805,340.0
2025-07-25T08:16:54.312614,1INCH-USDT,0.273411,0.273825,97.2,97.2
2025-07-25T08:16:54.409747,AERGO-USDT,0.13003,0.13091,3434.805,340.0
2025-07-25T08:16:54.410056,1INCH-USDT,0.273411,0.273797,97.2,97.2
2025-07-25T08:16:54.510747,ADA-USDT,0.799259,0.79926,4589.8191,22.5761
2025-07-25T08:16:54.516124,AERGO-USDT,0.12994,0.13091,22115.8921,340.0
2025-07-25T08:16:54.516167,1INCH-USDT,0.273439,0.273909,97.2,97.2
2025-07-25T08:16:54.608967,ALCH-USDT,0.13716,0.13762,1521.723,1587.655
2025-07-25T08:16:54.610440,AIXBT-USDT,0.1398,0.1401,3829.0016,1818.7093
2025-07-25T08:16:54.610628,AAVE-USDT,287.4948,287.5698,2.6838,0.486
2025-07-25T08:16:54.709755,AI16Z-USDT,0.1467,0.1468,2776.5489,216.0
2025-07-25T08:16:54.709812,AI-USDT,0.1309,0.1311,353.3743,170.0
2025-07-25T08:16:54.709845,ALCH-USDT,0.13717,0.13761,1521.723,1059.107
2025-07-25T08:16:54.710654,ALGO-USDT,0.2579,0.258,9944.42,864.0
2025-07-25T08:16:54.710945,1INCH-USDT,0.273467,0.273908,97.2,4045.7014
2025-07-25T08:16:54.711261,AAVE-USDT,287.4198,287.5698,0.486,0.486
2025-07-25T08:16:54.809247,ADA-USDT,0.799259,0.79926,4039.7191,22.5761
2025-07-25T08:16:54.809453,AI-USDT,0.1308,0.1311,3094.5713,170.0
2025-07-25T08:16:54.810261,AERGO-USDT,0.12995,0.13091,1539.0612,340.0
2025-07-25T08:16:54.810308,ALGO-USDT,0.2579,0.2581,9944.42,909.4
2025-07-25T08:16:54.810774,1INCH-USDT,0.273467,0.273881,97.2,97.2
2025-07-25T08:16:54.810837,AIXBT-USDT,0.1393,0.1401,20704.5747,1818.7093
2025-07-25T08:16:54.909656,ADA-USDT,0.799259,0.79926,4926.3233,22.5761
2025-07-25T08:16:54.912056,AERGO-USDT,0.12996,0.13091,200.0,340.0
2025-07-25T08:16:54.912095,1INCH-USDT,0.273495,0.273909,97.2,97.2
2025-07-25T08:16:54.912124,AIXBT-USDT,0.1397,0.1401,794.0,1818.7093
2025-07-25T08:16:55.112655,AERGO-USDT,0.12997,0.13091,22115.8921,340.0
2025-07-25T08:16:55.112693,ALGO-USDT,0.2579,0.258,9944.42,864.0
2025-07-25T08:16:55.113080,1INCH-USDT,0.273523,0.273881,97.2,97.2
2025-07-25T08:16:55.312610,1INCH-USDT,0.273551,0.273909,97.2,97.2
2025-07-25T08:16:55.411127,AI16Z-USDT,0.1467,0.1468,3723.7613,216.0
2025-07-25T08:16:55.412481,AI-USDT,0.1308,0.1311,3094.5713,170.0
2025-07-25T08:16:55.414588,AIXBT-USDT,0.1397,0.1399,794.0,234.0893
2025-07-25T08:16:55.509770,ALCH-USDT,0.13717,0.13739,1521.723,512.1629
2025-07-25T08:16:55.510995,ALGO-USDT,0.2579,0.2581,9944.42,909.4
2025-07-25T08:16:55.511681,AIXBT-USDT,0.1397,0.1401,794.0,1818.7093
2025-07-25T08:16:55.610209,ALCH-USDT,0.13719,0.13753,125.4108,87.3705
2025-07-25T08:16:55.610249,AERGO-USDT,0.12971,0.13091,291.9049,340.0
2025-07-25T08:16:55.707817,AI16Z-USDT,0.1467,0.1468,4649.8301,216.0
2025-07-25T08:16:55.708243,AI-USDT,0.1309,0.1311,369.0544,170.0
2025-07-25T08:16:55.708541,ALCH-USDT,0.13715,0.1376,1647.1338,1587.655
2025-07-25T08:16:55.708918,AERGO-USDT,0.12971,0.13091,369.7956,340.0
2025-07-25T08:16:55.709441,AAVE-USDT,287.4198,287.5698,0.486,0.486
2025-07-25T08:16:55.709481,A-USDT,0.5597,0.5605,234.9,234.9
2025-07-25T08:16:55.808768,AI-USDT,0.1308,0.1311,2755.5713,170.0
2025-07-25T08:16:55.809096,ALCH-USDT,0.13715,0.13759,125.4108,1157.1565
2025-07-25T08:16:55.908507,ALCH-USDT,0.13717,0.13759,1521.723,1157.1565
2025-07-25T08:16:55.908939,AERGO-USDT,0.12971,0.13091,646.3884,340.0
2025-07-25T08:16:56.008733,AERGO-USDT,0.12978,0.13091,1541.0772,340.0
2025-07-25T08:16:56.108589,ADA-USDT,0.799259,0.79926,4691.3233,22.5761
2025-07-25T08:16:56.109551,ALGO-USDT,0.2579,0.258,9944.42,864.0
2025-07-25T08:16:56.212108,ADA-USDT,0.799455,0.799554,37.1023,7.5807
2025-07-25T08:16:56.212148,AI16Z-USDT,0.1467,0.1468,5623.6124,216.0
2025-07-25T08:16:56.213701,AERGO-USDT,0.12978,0.13091,1541.0772,340.0
2025-07-25T08:16:56.214521,1INCH-USDT,0.273579,0.273909,97.2,97.2
2025-07-25T08:16:56.315050,ADA-USDT,0.799496,0.799554,351.0,7.5807
2025-07-25T08:16:56.320431,AERGO-USDT,0.12971,0.13091,354.4835,340.0
2025-07-25T08:16:56.320477,ALGO-USDT,0.2579,0.258,10934.0,864.0
2025-07-25T08:16:56.414903,ADA-USDT,0.799553,0.799554,586.0,7.5807
2025-07-25T08:16:56.415808,AI-USDT,0.1308,0.1311,3094.5713,170.0
2025-07-25T08:16:56.418717,AERGO-USDT,0.12977,0.13091,462.3469,340.0
2025-07-25T08:16:56.418758,ALGO-USDT,0.2579,0.2581,10934.0,909.4
2025-07-25T08:16:56.420021,AAVE-USDT,287.4486,287.5698,0.486,0.486
2025-07-25T08:16:56.511347,AERGO-USDT,0.12983,0.13091,22193.7828,340.0
2025-07-25T08:16:56.511836,AAVE-USDT,287.4486,287.6061,0.486,0.486
2025-07-25T08:16:56.608769,ADA-USDT,0.799553,0.799554,235.0,7.5807
2025-07-25T08:16:56.609391,ALCH-USDT,0.13715,0.13758,125.4108,779.677
2025-07-25T08:16:56.610404,AERGO-USDT,0.12983,0.13091,22193.7828,340.0
2025-07-25T08:16:56.610745,AIXBT-USDT,0.1397,0.1401,794.0,1818.7093
2025-07-25T08:16:56.709669,ALCH-USDT,0.13716,0.13755,1521.723,1069.786
2025-07-25T08:16:56.710363,ALGO-USDT,0.2579,0.258,10934.0,864.0
2025-07-25T08:16:56.711061,AAVE-USDT,287.4486,287.6061,0.486,0.486
2025-07-25T08:16:56.810035,ADA-USDT,0.799553,0.799554,273.3242,7.5807
2025-07-25T08:16:56.810081,AI16Z-USDT,0.1467,0.1469,5623.6124,5376.5935
2025-07-25T08:16:56.811584,ALCH-USDT,0.13717,0.13763,125.4108,1069.786
2025-07-25T08:16:56.812372,AERGO-USDT,0.12984,0.13091,200.0,340.0
2025-07-25T08:16:56.812725,ALGO-USDT,0.258,0.2581,864.0,909.4
2025-07-25T08:16:56.909260,AI16Z-USDT,0.1465,0.1468,4866.0,216.0
2025-07-25T08:16:56.910426,ALCH-USDT,0.13717,0.13762,1521.723,1587.655
2025-07-25T08:16:57.011641,ALCH-USDT,0.13717,0.13761,1521.723,1936.8335
2025-07-25T08:16:57.013028,ALGO-USDT,0.258,0.2581,1867.88,909.4
2025-07-25T08:16:57.108332,AI16Z-USDT,0.1466,0.1468,1949.29,216.0
2025-07-25T08:16:57.108933,AI-USDT,0.1308,0.1311,2755.5713,170.0
2025-07-25T08:16:57.110095,AERGO-USDT,0.12985,0.13091,22115.8921,340.0
2025-07-25T08:16:57.253308,AI16Z-USDT,0.1467,0.1468,886.2211,216.0
2025-07-25T08:16:57.314397,ADA-USDT,0.799553,0.799554,624.3242,7.5807
2025-07-25T08:16:57.314447,AI16Z-USDT,0.1467,0.1469,886.2211,5376.5935
2025-07-25T08:16:57.316579,AERGO-USDT,0.12986,0.13091,3613.305,340.0
2025-07-25T08:16:57.316615,ALGO-USDT,0.258,0.2581,8781.64,45.4
2025-07-25T08:16:57.316899,1INCH-USDT,0.273607,0.273909,97.2,97.2
2025-07-25T08:16:57.317414,AAVE-USDT,287.4774,287.6508,0.486,0.486
2025-07-25T08:16:57.412853,AI-USDT,0.1309,0.1311,339.0,170.0
2025-07-25T08:16:57.414363,AERGO-USDT,0.12984,0.13091,335.6549,340.0
2025-07-25T08:16:57.414407,ALGO-USDT,0.258,0.2582,8827.04,1024.4
2025-07-25T08:16:57.415215,1INCH-USDT,0.273607,0.274416,97.2,97.2
2025-07-25T08:16:57.415521,AAVE-USDT,287.5062,287.6946,0.486,0.486
2025-07-25T08:16:57.415555,A-USDT,0.5599,0.5605,234.9,234.9
2025-07-25T08:16:57.557361,AI-USDT,0.1308,0.1311,2755.5713,170.0
2025-07-25T08:16:57.557557,ALCH-USDT,0.13717,0.13761,1521.723,1157.1565
2025-07-25T08:16:57.558921,AERGO-USDT,0.12985,0.13091,77.8907,340.0
2025-07-25T08:16:57.558951,ALGO-USDT,0.258,0.2581,8827.04,864.0
2025-07-25T08:16:57.559370,AIXBT-USDT,0.1397,0.1401,794.0,1818.7093
2025-07-25T08:16:57.609587,AI-USDT,0.1309,0.1311,4389.1734,170.0
2025-07-25T08:16:57.611324,ALCH-USDT,0.13718,0.13775,811.6704,811.6704
2025-07-25T08:16:57.612303,AERGO-USDT,0.12985,0.13091,77.8907,340.0
2025-07-25T08:16:57.612337,ALGO-USDT,0.258,0.2581,15731.44,864.0
2025-07-25T08:16:57.612358,1INCH-USDT,0.273635,0.274388,97.2,97.2
2025-07-25T08:16:57.612380,AAVE-USDT,287.5062,287.6946,0.486,0.486
2025-07-25T08:16:57.718836,ALCH-USDT,0.13718,0.13775,937.0812,899.0409
2025-07-25T08:16:57.719618,AERGO-USDT,0.12985,0.13091,1540.2464,170.0
2025-07-25T08:16:57.720202,AAVE-USDT,287.4486,287.6658,0.486,0.486
2025-07-25T08:16:57.815476,AERGO-USDT,0.12986,0.13091,77.8907,170.0
2025-07-25T08:16:57.815523,1INCH-USDT,0.273663,0.27436,97.2,97.2
2025-07-25T08:16:57.816028,AAVE-USDT,287.4774,287.6082,0.486,0.486
2025-07-25T08:16:58.009605,ALCH-USDT,0.13718,0.13775,937.0812,899.0409
2025-07-25T08:16:58.010763,AERGO-USDT,0.12989,0.13091,2885.3857,170.0
2025-07-25T08:16:58.010821,1INCH-USDT,0.273691,0.274332,97.2,97.2
2025-07-25T08:16:58.111235,ANIME-USDT,0.018552,0.018606,35573.189,5903.4
2025-07-25T08:16:58.211675,AI-USDT,0.131,0.1311,4389.1734,170.0
2025-07-25T08:16:58.212020,ALCH-USDT,0.13718,0.13775,125.4108,899.0409
2025-07-25T08:16:58.212404,ALGO-USDT,0.258,0.2581,16747.62,864.0
2025-07-25T08:16:58.309060,ADA-USDT,0.799553,0.799554,1492.0862,7.5807
2025-07-25T08:16:58.309527,AI-USDT,0.1308,0.1311,2755.5713,170.0
2025-07-25T08:16:58.309564,ALCH-USDT,0.13718,0.13775,1127.9207,899.0409
2025-07-25T08:16:58.310369,ALGO-USDT,0.258,0.2581,9843.22,864.0
2025-07-25T08:16:58.310407,1INCH-USDT,0.273719,0.274304,97.2,97.2
2025-07-25T08:16:58.310843,AIXBT-USDT,0.1398,0.1401,1047.0,1818.7093
2025-07-25T08:16:58.411485,AI16Z-USDT,0.1468,0.1469,878.581,5376.5935
2025-07-25T08:16:58.412184,ALCH-USDT,0.13718,0.13775,125.4108,899.0409
2025-07-25T08:16:58.414132,AERGO-USDT,0.12993,0.13091,19213.0,170.0
2025-07-25T08:16:58.414528,A-USDT,0.5599,0.5605,234.9,234.9
2025-07-25T08:16:58.510973,ADA-USDT,0.799553,0.799554,624.3242,7.5807
2025-07-25T08:16:58.511005,AI-USDT,0.1309,0.1311,4389.1734,170.0
2025-07-25T08:16:58.511025,AERGO-USDT,0.12994,0.13091,3168.8585,170.0
2025-07-25T08:16:58.609301,AI-USDT,0.1309,0.1311,4728.1734,170.0
2025-07-25T08:16:58.610554,1INCH-USDT,0.273747,0.274276,97.2,97.2
2025-07-25T08:16:58.610874,AIXBT-USDT,0.1398,0.1399,1047.0,269.8365
2025-07-25T08:16:58.611156,AAVE-USDT,287.4774,287.5429,0.486,2.4961
2025-07-25T08:16:58.709907,AI16Z-USDT,0.1467,0.1468,886.2211,216.0
2025-07-25T08:16:58.711254,AERGO-USDT,0.12994,0.13091,3168.8585,170.0
2025-07-25T08:16:58.711294,ALGO-USDT,0.258,0.2581,7823.16,864.0
2025-07-25T08:16:58.711874,AIXBT-USDT,0.1398,0.1401,1047.0,1818.7093
2025-07-25T08:16:58.712172,AAVE-USDT,287.5062,287.6082,0.486,0.486
2025-07-25T08:16:58.809111,ADA-USDT,0.799553,0.799554,1443.6604,7.5807
2025-07-25T08:16:58.809394,AI-USDT,0.1309,0.1311,4728.1734,170.0
2025-07-25T08:16:58.811078,AAVE-USDT,287.4486,287.6082,0.486,0.486
2025-07-25T08:16:58.913000,ALCH-USDT,0.13719,0.13774,1521.723,779.677
2025-07-25T08:16:58.913760,AERGO-USDT,0.12995,0.13091,77.8907,170.0
2025-07-25T08:16:58.914276,AAVE-USDT,287.4774,287.6082,0.486,0.486
2025-07-25T08:16:59.009578,ALCH-USDT,0.13719,0.13773,1521.723,1067.6208
2025-07-25T08:16:59.010526,AERGO-USDT,0.12996,0.13091,2985.4702,170.0
2025-07-25T08:16:59.011026,AAVE-USDT,287.4774,287.6081,0.486,0.2579
2025-07-25T08:16:59.109616,AERGO-USDT,0.12998,0.13091,2945.1052,170.0
2025-07-25T08:16:59.110391,AAVE-USDT,287.4775,287.5794,2.3493,0.486
2025-07-25T08:16:59.216120,AIXBT-USDT,0.1398,0.1401,1047.0,1818.7093
2025-07-25T08:16:59.216166,AAVE-USDT,287.4486,287.6082,0.486,0.486
2025-07-25T08:16:59.216493,ANIME-USDT,0.018554,0.018606,35569.3544,5903.4
2025-07-25T08:16:59.310224,ADA-USDT,0.799553,0.799554,857.6604,358.5807
2025-07-25T08:16:59.310732,ALCH-USDT,0.13721,0.13771,1521.723,1044.1711
2025-07-25T08:16:59.312237,AIXBT-USDT,0.1398,0.1401,1047.0,1078.7093
2025-07-25T08:16:59.312277,AAVE-USDT,287.4774,287.6082,0.486,0.486
2025-07-25T08:16:59.410084,ADA-USDT,0.799553,0.799554,857.6604,7.5807
2025-07-25T08:16:59.412301,AERGO-USDT,0.13044,0.1309,77.8907,384.9457
2025-07-25T08:16:59.412684,1INCH-USDT,0.273747,0.274248,97.2,97.2
2025-07-25T08:16:59.509611,ADA-USDT,0.799553,0.799554,1092.6604,7.5807
2025-07-25T08:16:59.509651,AI16Z-USDT,0.1467,0.1468,1731.8616,216.0
2025-07-25T08:16:59.511534,AERGO-USDT,0.12983,0.1309,3282.2992,384.9457
2025-07-25T08:16:59.511571,ALGO-USDT,0.258,0.2581,8854.65,864.0
2025-07-25T08:16:59.609634,AI16Z-USDT,0.1467,0.1469,1731.8616,5376.5935
2025-07-25T08:16:59.611468,AERGO-USDT,0.12981,0.1309,77.8907,384.9457
2025-07-25T08:16:59.611681,ALGO-USDT,0.258,0.2582,9828.15,1024.4
2025-07-25T08:16:59.612255,AIXBT-USDT,0.1398,0.1401,1047.0,1078.7093
2025-07-25T08:16:59.709332,ADA-USDT,0.799553,0.799554,2023.0509,7.5807
2025-07-25T08:16:59.709626,AI-USDT,0.131,0.1311,379.5,170.0
2025-07-25T08:16:59.813874,AI-USDT,0.1309,0.1311,4728.1734,170.0
2025-07-25T08:16:59.813912,AERGO-USDT,0.12982,0.1309,20860.5025,384.9457
2025-07-25T08:16:59.929676,ALGO-USDT,0.258,0.2581,9828.15,864.0
2025-07-25T08:16:59.929715,AAVE-USDT,287.4774,287.5394,0.486,0.486
2025-07-25T08:16:59.929743,ANIME-USDT,0.018557,0.018606,150770.2478,5903.4
2025-07-25T08:17:00.043148,ADA-USDT,0.799553,0.799554,2023.0509,7.5807
2025-07-25T08:17:00.043316,AI16Z-USDT,0.1467,0.1468,2601.8464,216.0
2025-07-25T08:17:00.043367,AI-USDT,0.1309,0.1311,4728.1734,170.0
2025-07-25T08:17:00.043405,ALCH-USDT,0.13714,0.13769,1423.6902,1005.93
2025-07-25T08:17:00.043444,AERGO-USDT,0.12982,0.1309,20860.5025,384.9457
2025-07-25T08:17:00.142402,AI16Z-USDT,0.1467,0.1468,2601.8464,216.0
2025-07-25T08:17:00.142445,AI-USDT,0.1309,0.1311,4728.1734,170.0
2025-07-25T08:17:00.142475,ALCH-USDT,0.13715,0.13769,1647.1338,1005.93
2025-07-25T08:17:00.142591,ALGO-USDT,0.258,0.2581,9828.15,864.0
2025-07-25T08:17:00.142629,1INCH-USDT,0.273747,0.274248,97.2,97.2
2025-07-25T08:17:00.142660,AIXBT-USDT,0.1398,0.1401,1047.0,1078.7093
2025-07-25T08:17:00.142690,AAVE-USDT,287.3622,287.5394,0.486,0.486
2025-07-25T08:17:00.142721,A-USDT,0.5599,0.5605,234.9,234.9
2025-07-25T08:17:00.142751,ANIME-USDT,0.018557,0.018606,150770.2478,5903.4
2025-07-25T08:17:00.214431,AERGO-USDT,0.12985,0.1309,3075.9292,384.9457
2025-07-25T08:17:00.214504,ALGO-USDT,0.258,0.2581,2914.39,864.0
2025-07-25T08:17:00.214941,1INCH-USDT,0.273551,0.27422,97.2,97.2
2025-07-25T08:17:00.215156,AIXBT-USDT,0.1397,0.1401,794.0,1078.7093
2025-07-25T08:17:00.215641,AAVE-USDT,287.4522,287.5394,0.486,0.486
2025-07-25T08:17:00.215908,A-USDT,0.5597,0.5605,234.9,234.9
2025-07-25T08:17:00.216392,ANIME-USDT,0.018558,0.018606,601.5653,5903.4
2025-07-25T08:17:00.313879,AERGO-USDT,0.13039,0.1309,77.8907,384.9457
2025-07-25T08:17:00.314103,ALGO-USDT,0.258,0.2581,3021.88,864.0
2025-07-25T08:17:00.314618,AIXBT-USDT,0.1397,0.1401,794.0,1078.7093
2025-07-25T08:17:00.314896,AAVE-USDT,287.4575,287.5394,0.486,0.486
2025-07-25T08:17:00.411760,AERGO-USDT,0.12987,0.1309,3058.2652,384.9457
2025-07-25T08:17:00.412095,1INCH-USDT,0.273579,0.274192,97.2,97.2
2025-07-25T08:17:00.412608,AAVE-USDT,287.4986,287.5394,2.5083,0.486
2025-07-25T08:17:00.412822,A-USDT,0.5598,0.5605,234.9,234.9
2025-07-25T08:17:00.510411,ADA-USDT,0.799553,0.799554,2023.0509,358.5807
2025-07-25T08:17:00.512768,1INCH-USDT,0.273607,0.274192,97.2,97.2
2025-07-25T08:17:00.609909,ADA-USDT,0.799553,0.799554,2023.0509,7.5807
2025-07-25T08:17:00.611863,AERGO-USDT,0.13012,0.1309,1537.0504,384.9457
2025-07-25T08:17:00.612028,1INCH-USDT,0.273607,0.274164,97.2,97.2
2025-07-25T08:17:00.708982,AI16Z-USDT,0.1467,0.1468,3478.4663,216.0
2025-07-25T08:17:00.710134,AERGO-USDT,0.13014,0.1309,2922.7147,384.9457
2025-07-25T08:17:00.710486,1INCH-USDT,0.273635,0.274164,97.2,97.2
2025-07-25T08:17:00.807502,ADA-USDT,0.799553,0.799554,2853.4952,7.5807
2025-07-25T08:17:00.808152,AI-USDT,0.1309,0.1311,4389.1734,170.0
2025-07-25T08:17:00.808359,ALCH-USDT,0.13715,0.13768,125.4108,779.677
2025-07-25T08:17:00.915268,ALCH-USDT,0.13716,0.13767,1521.723,1014.615
2025-07-25T08:17:00.915665,AERGO-USDT,0.13014,0.13091,2922.7147,170.0
2025-07-25T08:17:01.008960,AI-USDT,0.1309,0.1311,4728.1734,170.0
2025-07-25T08:17:01.009187,ALCH-USDT,0.13715,0.13765,125.4108,1095.2205
2025-07-25T08:17:01.010113,AAVE-USDT,287.5189,287.5394,2.2739,0.486
2025-07-25T08:17:01.110008,ADA-USDT,0.799553,0.799554,3747.7374,7.5807
2025-07-25T08:17:01.112251,1INCH-USDT,0.273635,0.274136,97.2,97.2
2025-07-25T08:17:01.113106,AIXBT-USDT,0.1397,0.1399,794.0,233.1813
2025-07-25T08:17:01.113151,AAVE-USDT,287.4986,287.5394,2.5083,0.486
2025-07-25T08:17:01.210005,AIXBT-USDT,0.1397,0.1401,794.0,1078.7093
2025-07-25T08:17:01.210044,AAVE-USDT,287.5188,287.5394,2.4608,0.486
2025-07-25T08:17:01.210351,ANIME-USDT,0.018558,0.018606,601.5653,5903.4
2025-07-25T08:17:01.409600,ADA-USDT,0.799794,0.799795,273.7745,72.0
2025-07-25T08:17:01.413289,ANIME-USDT,0.01856,0.018606,601.5653,5903.4
2025-07-25T08:17:01.509537,AI16Z-USDT,0.1467,0.1469,3478.4663,5376.5935
2025-07-25T08:17:01.512330,1INCH-USDT,0.273635,0.274135,97.2,4045.7014
2025-07-25T08:17:01.512362,AAVE-USDT,287.5191,287.5394,0.486,0.486
2025-07-25T08:17:01.512387,A-USDT,0.5597,0.5605,234.9,234.9
2025-07-25T08:17:01.610604,ADA-USDT,0.799794,0.799795,1221.3016,72.0
2025-07-25T08:17:01.611015,ALCH-USDT,0.13715,0.13763,125.4108,1027.29
2025-07-25T08:17:01.612378,1INCH-USDT,0.273635,0.274108,97.2,97.2
2025-07-25T08:17:01.613117,AAVE-USDT,287.5191,287.543,0.486,2.4161
2025-07-25T08:17:01.613602,ANIME-USDT,0.01856,0.018583,601.5653,2027.919
2025-07-25T08:17:01.712202,ALCH-USDT,0.13715,0.13761,125.4108,2453.9351
2025-07-25T08:17:01.713131,AERGO-USDT,0.13005,0.13091,200.0,170.0
2025-07-25T08:17:01.714397,AAVE-USDT,287.5191,287.5429,0.486,0.486
2025-07-25T08:17:01.714733,ANIME-USDT,0.01856,0.018606,601.5653,5903.4
2025-07-25T08:17:01.812286,AERGO-USDT,0.13016,0.13091,3026.7391,170.0
2025-07-25T08:17:01.813040,AIXBT-USDT,0.1398,0.1401,10448.0,340.0
2025-07-25T08:17:01.813078,AAVE-USDT,287.5191,287.543,0.486,2.4161
2025-07-25T08:17:01.909813,ADA-USDT,0.799794,0.799795,2084.278,72.0
2025-07-25T08:17:01.909858,AI16Z-USDT,0.1465,0.1469,5685.0552,5376.5935
2025-07-25T08:17:01.910816,AIXBT-USDT,0.1398,0.1401,10448.0,340.0
2025-07-25T08:17:02.008555,AI-USDT,0.1309,0.1311,4389.1734,170.0
2025-07-25T08:17:02.009205,AERGO-USDT,0.13016,0.13091,3026.7391,170.0
2025-07-25T08:17:02.108555,AI16Z-USDT,0.1466,0.1469,1949.29,5376.5935
2025-07-25T08:17:02.108601,AI-USDT,0.1309,0.1311,4728.1734,170.0
2025-07-25T08:17:02.110391,AIXBT-USDT,0.1398,0.1401,10448.0,340.0
2025-07-25T08:17:02.207458,AI-USDT,0.131,0.1311,2770.9941,170.0
2025-07-25T08:17:02.308550,ALCH-USDT,0.13716,0.1376,1521.723,87.3705
2025-07-25T08:17:02.407838,ALCH-USDT,0.13717,0.13759,1521.723,1004.3905
2025-07-25T08:17:02.410471,A-USDT,0.5596,0.5605,234.9,234.9
2025-07-25T08:17:02.513235,ALGO-USDT,0.258,0.2581,4024.82,864.0
2025-07-25T08:17:02.514234,A-USDT,0.5597,0.5605,373.6977,234.9
2025-07-25T08:17:02.514633,ANIME-USDT,0.018556,0.018606,601.5653,5903.4
2025-07-25T08:17:02.608839,AI-USDT,0.131,0.1311,3103.2046,170.0
2025-07-25T08:17:02.609894,AERGO-USDT,0.13016,0.13091,3026.7391,170.0
2025-07-25T08:17:02.611919,A-USDT,0.5598,0.5605,234.9,234.9
2025-07-25T08:17:02.708748,AI16Z-USDT,0.1466,0.1468,1949.29,216.0
2025-07-25T08:17:02.709703,1INCH-USDT,0.273635,0.27408,97.2,97.2
2025-07-25T08:17:02.710103,AAVE-USDT,287.5188,287.5425,2.4608,0.486
2025-07-25T08:17:02.810402,AI16Z-USDT,0.1467,0.1468,843.0199,216.0
2025-07-25T08:17:02.909102,1INCH-USDT,0.273635,0.274052,97.2,97.2
2025-07-25T08:17:03.011835,ADA-USDT,0.799794,0.799795,2880.6674,72.0
2025-07-25T08:17:03.014997,AIXBT-USDT,0.1398,0.1401,10448.0,340.0
2025-07-25T08:17:03.112946,ALCH-USDT,0.13718,0.13759,1521.723,1004.3905
2025-07-25T08:17:03.115194,AAVE-USDT,287.5206,287.5425,2.3665,0.486
2025-07-25T08:17:03.216020,ALCH-USDT,0.13715,0.13757,125.4108,958.9807
2025-07-25T08:17:03.219367,ANIME-USDT,0.018556,0.018606,36167.086,5903.4
2025-07-25T08:17:03.309395,AI-USDT,0.131,0.1311,3470.5324,170.0
2025-07-25T08:17:03.309433,ALCH-USDT,0.13717,0.13756,125.4108,87.3705
2025-07-25T08:17:03.310856,AERGO-USDT,0.13017,0.13091,21688.5025,170.0
2025-07-25T08:17:03.311886,A-USDT,0.5599,0.5605,234.9,234.9
2025-07-25T08:17:03.416279,ALCH-USDT,0.13717,0.13755,125.4108,982.1455
2025-07-25T08:17:03.417370,AERGO-USDT,0.13018,0.13091,3152.502,170.0
2025-07-25T08:17:03.510537,ADA-USDT,0.799794,0.799795,273.7745,72.0
2025-07-25T08:17:03.510748,AI-USDT,0.131,0.1311,2770.9941,170.0
2025-07-25T08:17:03.712908,AAVE-USDT,287.4234,287.6082,0.486,0.486
2025-07-25T08:17:03.808595,ADA-USDT,0.799794,0.799795,1101.527,72.0
2025-07-25T08:17:03.808839,AI16Z-USDT,0.1467,0.1469,843.0199,5376.5935
2025-07-25T08:17:03.810387,ALGO-USDT,0.258,0.2581,864.0,909.4
2025-07-25T08:17:03.811228,AIXBT-USDT,0.1398,0.1401,10448.0,340.0
2025-07-25T08:17:03.913957,ANIME-USDT,0.018556,0.018606,36167.086,5903.4
2025-07-25T08:17:04.008462,ADA-USDT,0.799794,0.799795,1942.4371,72.0
2025-07-25T08:17:04.009512,AERGO-USDT,0.13017,0.13091,21688.5025,170.0
2025-07-25T08:17:04.010016,AIXBT-USDT,0.1398,0.1401,10448.0,240.0
2025-07-25T08:17:04.010311,A-USDT,0.5598,0.5605,234.9,234.9
2025-07-25T08:17:04.010750,ANIME-USDT,0.018556,0.018606,601.5653,5903.4
2025-07-25T08:17:04.110126,ADA-USDT,0.799553,0.799795,235.0,423.0
2025-07-25T08:17:04.111013,AI-USDT,0.131,0.1313,2770.9941,248.3903
2025-07-25T08:17:04.112697,AERGO-USDT,0.13018,0.13091,77.8907,170.0
2025-07-25T08:17:04.113713,ANIME-USDT,0.018557,0.018606,151135.2478,5903.4
2025-07-25T08:17:04.211143,ADA-USDT,0.799272,0.799436,351.0,351.0
2025-07-25T08:17:04.213198,AERGO-USDT,0.13006,0.13091,77.8907,170.0
2025-07-25T08:17:04.214079,A-USDT,0.5599,0.5605,234.9,234.9
2025-07-25T08:17:04.308664,ADA-USDT,0.79935,0.799568,351.0,351.0
2025-07-25T08:17:04.410604,ADA-USDT,0.799272,0.799489,351.0,351.0
2025-07-25T08:17:04.411061,AI16Z-USDT,0.1467,0.1468,843.0199,216.0
2025-07-25T08:17:04.413541,AI-USDT,0.131,0.1313,2770.9941,248.3903
2025-07-25T08:17:04.416334,AERGO-USDT,0.13006,0.13091,77.8907,170.0
2025-07-25T08:17:04.416461,ALGO-USDT,0.258,0.2581,1930.22,909.4
2025-07-25T08:17:04.509528,ADA-USDT,0.799273,0.799385,6.685,351.0
2025-07-25T08:17:04.510956,ALGO-USDT,0.258,0.2581,1066.22,909.4
2025-07-25T08:17:04.511301,AIXBT-USDT,0.1398,0.1401,10448.0,240.0
2025-07-25T08:17:04.511617,AAVE-USDT,287.4522,287.5109,0.486,0.486
2025-07-25T08:17:04.608748,ADA-USDT,0.798953,0.799288,351.0,351.0
2025-07-25T08:17:04.609971,AERGO-USDT,0.13007,0.13091,3696.6359,170.0
2025-07-25T08:17:04.610010,ALGO-USDT,0.2579,0.258,909.4,864.0
2025-07-25T08:17:04.610390,AAVE-USDT,287.4522,287.5152,0.486,2.6238
2025-07-25T08:17:04.610638,A-USDT,0.5598,0.5605,234.9,234.9
2025-07-25T08:17:04.708182,ADA-USDT,0.799264,0.799288,39.8367,351.0
2025-07-25T08:17:04.709372,AERGO-USDT,0.13006,0.13091,77.8907,170.0
2025-07-25T08:17:04.808650,ALCH-USDT,0.13717,0.13754,125.4108,87.3705
2025-07-25T08:17:04.809366,AAVE-USDT,287.4522,287.5125,0.486,0.486
2025-07-25T08:17:04.907803,ALCH-USDT,0.13721,0.13753,4685.0595,983.1907
2025-07-25T08:17:04.908145,AERGO-USDT,0.13007,0.13091,27330.4086,170.0
2025-07-25T08:17:05.008025,ALCH-USDT,0.13715,0.13751,125.4108,982.1918
2025-07-25T08:17:05.008063,AERGO-USDT,0.13008,0.13091,3730.9635,170.0
2025-07-25T08:17:05.008960,ANIME-USDT,0.018558,0.018606,30930.008,5903.4
2025-07-25T08:17:05.108323,ADA-USDT,0.799264,0.799265,39.8367,351.0
2025-07-25T08:17:05.108577,AI-USDT,0.131,0.1311,2770.9941,366.5801
2025-07-25T08:17:05.109146,ALCH-USDT,0.13715,0.13756,125.4108,1070.5612
2025-07-25T08:17:05.109688,1INCH-USDT,0.273635,0.274024,97.2,97.2
2025-07-25T08:17:05.208000,AI16Z-USDT,0.1467,0.1468,1823.682,216.0
2025-07-25T08:17:05.208203,AI-USDT,0.131,0.1313,2770.9941,248.3903
2025-07-25T08:17:05.209393,AERGO-USDT,0.1302,0.13091,3728.7727,170.0
2025-07-25T08:17:05.308277,ADA-USDT,0.799315,0.799716,37.8866,351.0
2025-07-25T08:17:05.309118,AERGO-USDT,0.13021,0.13091,3759.495,170.0
2025-07-25T08:17:05.309802,AAVE-USDT,287.4522,287.5112,0.486,0.486
2025-07-25T08:17:05.407032,AI16Z-USDT,0.1467,0.1469,1823.682,5376.5935
2025-07-25T08:17:05.408117,AAVE-USDT,287.4522,287.5152,0.486,2.6238
2025-07-25T08:17:05.509211,AI16Z-USDT,0.1467,0.1468,1823.682,216.0
2025-07-25T08:17:05.509620,AAVE-USDT,287.4522,287.5059,0.486,0.486
2025-07-25T08:17:05.606674,ADA-USDT,0.799315,0.799316,37.8866,351.0
2025-07-25T08:17:05.607767,AIXBT-USDT,0.1398,0.1401,10448.0,240.0
2025-07-25T08:17:05.608085,ANIME-USDT,0.018558,0.018606,601.5653,5903.4
2025-07-25T08:17:05.707891,ALCH-USDT,0.13716,0.13756,1521.723,1070.5612
2025-07-25T08:17:05.808475,ADA-USDT,0.799315,0.799359,921.671,351.0
2025-07-25T08:17:05.808513,AI16Z-USDT,0.1467,0.1468,2743.1688,216.0
2025-07-25T08:17:05.808830,AI-USDT,0.131,0.1313,2770.9941,248.3903
2025-07-25T08:17:05.809082,ALCH-USDT,0.13718,0.13756,125.4108,1070.5612
2025-07-25T08:17:05.809857,AERGO-USDT,0.13021,0.13091,3759.495,170.0
2025-07-25T08:17:05.810078,AAVE-USDT,287.4522,287.5152,0.486,2.6238
2025-07-25T08:17:05.913094,ADA-USDT,0.799346,0.799359,37.2634,351.0
2025-07-25T08:17:05.913679,ALCH-USDT,0.13715,0.13756,1647.1338,1070.5612
2025-07-25T08:17:06.007612,ADA-USDT,0.799346,0.799716,37.2634,351.0
2025-07-25T08:17:06.106685,ADA-USDT,0.799346,0.799716,37.2634,351.0
2025-07-25T08:17:06.207906,ADA-USDT,0.799346,0.799368,37.2634,351.0
2025-07-25T08:17:06.309422,ADA-USDT,0.799315,0.799349,883.7844,39.5525
2025-07-25T08:17:06.310603,AERGO-USDT,0.13025,0.13091,3712.9199,170.0
2025-07-25T08:17:06.310904,AAVE-USDT,287.4235,287.514,2.3493,0.486
2025-07-25T08:17:06.409499,ADA-USDT,0.799315,0.799316,883.7844,351.0
2025-07-25T08:17:06.411465,AIXBT-USDT,0.1393,0.1401,3948.0366,240.0
2025-07-25T08:17:06.411861,AAVE-USDT,287.4234,287.514,0.486,0.486
2025-07-25T08:17:06.412166,ANIME-USDT,0.018556,0.018606,601.5653,5903.4
2025-07-25T08:17:06.511493,AERGO-USDT,0.13006,0.13091,3790.8106,170.0
2025-07-25T08:17:06.511810,AIXBT-USDT,0.1398,0.1401,793.0,240.0
2025-07-25T08:17:06.609212,AI16Z-USDT,0.1467,0.1469,2743.1688,5376.5935
2025-07-25T08:17:06.611155,ALGO-USDT,0.2579,0.258,45.4,864.0
2025-07-25T08:17:06.611724,AAVE-USDT,287.4685,287.514,2.3226,0.486
2025-07-25T08:17:06.710041,ALGO-USDT,0.2578,0.258,15209.35,909.4
2025-07-25T08:17:06.809802,ADA-USDT,0.799315,0.799316,883.7844,351.0
2025-07-25T08:17:06.811568,AAVE-USDT,287.4687,287.514,0.486,0.486
2025-07-25T08:17:06.812189,ANIME-USDT,0.018557,0.018606,151135.2478,5903.4
2025-07-25T08:17:06.909426,ADA-USDT,0.799315,0.799316,883.7844,36.8141
2025-07-25T08:17:06.909468,AI16Z-USDT,0.1466,0.1469,800.0,5376.5935
2025-07-25T08:17:06.912277,AAVE-USDT,287.4685,287.514,2.3226,0.486
2025-07-25T08:17:06.912749,ANIME-USDT,0.018558,0.018606,23304.8417,5903.4
2025-07-25T08:17:07.008582,ADA-USDT,0.799035,0.799161,351.0,351.0
2025-07-25T08:17:07.008620,AI16Z-USDT,0.1466,0.1468,800.0,216.0
2025-07-25T08:17:07.009674,ALGO-USDT,0.2578,0.2579,15209.35,864.0
2025-07-25T08:17:07.114058,AI16Z-USDT,0.1467,0.1469,863.7384,5376.5935
2025-07-25T08:17:07.116677,AAVE-USDT,287.4751,287.514,0.486,0.486
2025-07-25T08:17:07.209906,ADA-USDT,0.799035,0.799163,351.0,351.0
2025-07-25T08:17:07.211692,1INCH-USDT,0.273635,0.273996,97.2,97.2
2025-07-25T08:17:07.212109,AIXBT-USDT,0.1398,0.1401,793.0,240.0
2025-07-25T08:17:07.310179,ADA-USDT,0.799149,0.799556,39.2154,351.0
2025-07-25T08:17:07.310404,AI-USDT,0.131,0.1313,2770.9941,248.3903
2025-07-25T08:17:07.311421,ALGO-USDT,0.2578,0.258,15209.35,909.4
2025-07-25T08:17:07.411574,ADA-USDT,0.799235,0.799636,38.9334,351.0
2025-07-25T08:17:07.411625,AI16Z-USDT,0.1467,0.1469,863.7384,216.0
2025-07-25T08:17:07.413290,ALCH-USDT,0.13716,0.13756,1521.723,1070.5612
2025-07-25T08:17:07.414399,ALGO-USDT,0.2579,0.258,864.0,909.4
2025-07-25T08:17:07.414944,AAVE-USDT,287.4944,287.5152,2.4195,2.6238
2025-07-25T08:17:07.415309,ANIME-USDT,0.018556,0.018606,601.5653,5903.4
2025-07-25T08:17:07.508673,ADA-USDT,0.799268,0.799716,351.0,351.0
2025-07-25T08:17:07.510803,AAVE-USDT,287.4957,287.5149,0.486,0.486
2025-07-25T08:17:07.609179,ADA-USDT,0.799246,0.799412,351.0,351.0
2025-07-25T08:17:07.612105,AAVE-USDT,287.4944,287.5149,2.4195,0.486
2025-07-25T08:17:07.708129,ADA-USDT,0.79926,0.799289,37.7606,37.168
2025-07-25T08:17:07.711122,AIXBT-USDT,0.1398,0.1401,793.0,240.0
2025-07-25T08:17:07.807664,ADA-USDT,0.799267,0.799289,351.0,37.168
2025-07-25T08:17:07.807966,AI-USDT,0.131,0.1313,2770.9941,248.3903
2025-07-25T08:17:07.907976,ADA-USDT,0.799288,0.799412,351.0,351.0
2025-07-25T08:17:07.908365,ALCH-USDT,0.13717,0.13756,1521.723,1070.5612
2025-07-25T08:17:07.908655,AERGO-USDT,0.13008,0.13091,3837.396,170.0
2025-07-25T08:17:07.909043,AAVE-USDT,287.4973,287.5149,0.486,0.486
2025-07-25T08:17:08.009341,ADA-USDT,0.799341,0.799342,389.9054,235.0
2025-07-25T08:17:08.012701,AAVE-USDT,287.4973,287.5152,0.486,2.6238
2025-07-25T08:17:08.109862,ADA-USDT,0.79938,0.799716,351.0,351.0
2025-07-25T08:17:08.112352,AAVE-USDT,287.4973,287.5151,0.486,0.486
2025-07-25T08:17:08.112738,ANIME-USDT,0.018556,0.018606,601.5653,5903.4
2025-07-25T08:17:08.207513,ALCH-USDT,0.13718,0.13754,1521.723,1030.8565
2025-07-25T08:17:08.208767,AAVE-USDT,287.495,287.5151,0.486,0.486
2025-07-25T08:17:08.308097,ADA-USDT,0.79938,0.799435,351.0,39.2713
2025-07-25T08:17:08.309765,AAVE-USDT,287.495,287.5152,0.486,2.6238
2025-07-25T08:17:08.408682,ADA-USDT,0.799436,0.799716,39.705,351.0
2025-07-25T08:17:08.410567,AIXBT-USDT,0.1399,0.1401,240.8428,240.0
2025-07-25T08:17:08.516865,ADA-USDT,0.799436,0.799496,39.705,351.0
2025-07-25T08:17:08.516922,AI16Z-USDT,0.1468,0.1469,943.1639,216.0
2025-07-25T08:17:08.517181,ALCH-USDT,0.13719,0.13753,125.4108,87.3705
2025-07-25T08:17:08.518497,AIXBT-USDT,0.1398,0.1401,793.0,240.0
2025-07-25T08:17:08.609324,ADA-USDT,0.799459,0.799496,38.0796,351.0
2025-07-25T08:17:08.610154,ALCH-USDT,0.13715,0.13752,125.4108,972.4957
2025-07-25T08:17:08.610358,ALGO-USDT,0.2579,0.258,909.4,864.0
2025-07-25T08:17:08.709075,ADA-USDT,0.799459,0.79953,38.0796,351.0
2025-07-25T08:17:08.709771,AERGO-USDT,0.1305,0.13091,255.7665,170.0
2025-07-25T08:17:08.710678,AAVE-USDT,287.4234,287.6082,0.486,0.486
2025-07-25T08:17:08.810587,ADA-USDT,0.799459,0.799509,38.0796,351.0
2025-07-25T08:17:08.810643,ALCH-USDT,0.13716,0.13752,1521.723,972.4957
2025-07-25T08:17:08.810677,AERGO-USDT,0.13012,0.13091,4044.0855,170.0
2025-07-25T08:17:08.810706,ALGO-USDT,0.2579,0.258,2031.37,864.0
2025-07-25T08:17:08.911403,ADA-USDT,0.799459,0.79951,38.0796,36.274
2025-07-25T08:17:08.912056,AI-USDT,0.131,0.1313,2770.9941,248.3903
2025-07-25T08:17:08.913059,ALGO-USDT,0.258,0.2581,864.0,909.4
2025-07-25T08:17:09.007703,ADA-USDT,0.799459,0.799506,38.0796,351.0
2025-07-25T08:17:09.008770,AERGO-USDT,0.13012,0.13091,4044.0855,170.0
2025-07-25T08:17:09.009030,ALGO-USDT,0.2579,0.2581,8945.13,909.4
2025-07-25T08:17:09.009766,ANIME-USDT,0.018556,0.018606,601.5653,5903.4
2025-07-25T08:17:09.108630,ADA-USDT,0.799459,0.79951,38.0796,36.274
2025-07-25T08:17:09.110260,ALGO-USDT,0.2579,0.258,8945.13,864.0
2025-07-25T08:17:09.208667,ALCH-USDT,0.13717,0.1375,1521.723,922.9357
2025-07-25T08:17:09.209335,ALGO-USDT,0.2579,0.2581,8945.13,909.4
2025-07-25T08:17:09.315114,ADA-USDT,0.799461,0.79951,351.0,36.274
2025-07-25T08:17:09.316408,ALCH-USDT,0.13719,0.13748,1521.723,921.9368
2025-07-25T08:17:09.317639,AERGO-USDT,0.1302,0.13091,4158.6151,170.0
2025-07-25T08:17:09.317677,ALGO-USDT,0.258,0.2581,864.0,909.4
2025-07-25T08:17:09.411281,ADA-USDT,0.799482,0.79951,38.1526,36.274
2025-07-25T08:17:09.412422,ALGO-USDT,0.2579,0.2581,8945.13,909.4
2025-07-25T08:17:09.413001,AIXBT-USDT,0.1398,0.1401,21497.5747,240.0
2025-07-25T08:17:09.518671,ADA-USDT,0.799482,0.799509,38.1526,351.0
2025-07-25T08:17:09.521327,AAVE-USDT,287.4235,287.5794,2.3493,0.486
2025-07-25T08:17:09.521846,ANIME-USDT,0.018558,0.018606,23019.7393,5903.4
2025-07-25T08:17:09.615513,ALGO-USDT,0.2579,0.258,2031.37,864.0
2025-07-25T08:17:09.616073,AAVE-USDT,287.5162,287.5794,0.486,0.486
2025-07-25T08:17:09.708358,ADA-USDT,0.799482,0.79951,38.1526,36.274
2025-07-25T08:17:09.709533,ALGO-USDT,0.2579,0.258,3075.81,864.0
2025-07-25T08:17:09.710160,AAVE-USDT,287.5162,287.5506,0.486,0.486
2025-07-25T08:17:09.710887,ANIME-USDT,0.018556,0.018606,601.5653,5903.4
2025-07-25T08:17:09.838321,ADA-USDT,0.799482,0.79951,38.1526,36.274
2025-07-25T08:17:09.838630,ALGO-USDT,0.2579,0.258,9989.57,864.0
2025-07-25T08:17:09.839406,AAVE-USDT,287.5162,287.6082,0.486,0.486
2025-07-25T08:17:09.839448,ANIME-USDT,0.018558,0.018606,601.5653,5903.4
2025-07-25T08:17:09.911658,ADA-USDT,0.799574,0.799575,624.87,865.9088
2025-07-25T08:17:09.911701,AI16Z-USDT,0.1468,0.147,943.1639,5368.7935
2025-07-25T08:17:09.913173,AERGO-USDT,0.13022,0.13091,4188.0954,170.0
2025-07-25T08:17:09.913213,ALGO-USDT,0.2579,0.2581,9989.57,909.4
2025-07-25T08:17:09.914158,A-USDT,0.5599,0.5605,234.9,234.9
2025-07-25T08:17:10.016732,AI16Z-USDT,0.1468,0.147,943.1639,216.0
2025-07-25T08:17:10.017216,AI-USDT,0.1311,0.1313,4389.1734,248.3903
2025-07-25T08:17:10.019622,ALGO-USDT,0.258,0.2581,864.0,909.4
2025-07-25T08:17:10.021527,AIXBT-USDT,0.1398,0.1401,21497.5747,240.0
2025-07-25T08:17:10.022336,ANIME-USDT,0.018556,0.018628,35565.5207,5883.7
2025-07-25T08:17:10.112703,AI-USDT,0.1309,0.1313,2573.45,248.3903
2025-07-25T08:17:10.114454,AERGO-USDT,0.13006,0.13091,77.8907,170.0
2025-07-25T08:17:10.115883,ANIME-USDT,0.018559,0.018628,155210.6592,5883.7
2025-07-25T08:17:10.207978,ADA-USDT,0.799574,0.799575,1488.3525,865.9088
2025-07-25T08:17:10.209603,AERGO-USDT,0.13009,0.13091,275.7849,170.0
2025-07-25T08:17:10.210319,ANIME-USDT,0.018558,0.018628,155210.6592,5883.7
2025-07-25T08:17:10.308714,AI16Z-USDT,0.1469,0.147,932.3401,216.0
2025-07-25T08:17:10.309125,AI-USDT,0.1311,0.1313,4389.1734,248.3903
2025-07-25T08:17:10.409105,AERGO-USDT,0.1301,0.13091,22115.8921,170.0
2025-07-25T08:17:10.409824,ANIME-USDT,0.018517,0.018628,35640.4278,5883.7
2025-07-25T08:17:10.507149,ALCH-USDT,0.13714,0.13758,1423.6902,779.677
2025-07-25T08:17:10.508506,ANIME-USDT,0.018559,0.018628,5897.5,5883.7
2025-07-25T08:17:10.608564,ALCH-USDT,0.13715,0.13757,125.4108,921.2107
