timestamp,symbol,bid,ask,bid_vol,ask_vol
2025-07-25T07:48:08.931000,BTC-USDT,115299.96,115299.97,0.263074,0.40167
2025-07-25T07:48:08.931065,ETH-USDT,3620.13,3620.14,0.052,0.0388
2025-07-25T07:48:08.931112,SOL-USDT,177.1556,177.1657,1.531,1.578
2025-07-25T07:48:08.931150,LTC-USDT,111.36,111.37,1.7,2.97
2025-07-25T07:48:08.931187,ETH-USDT,3620.14,3620.82,3.0071,2.762
2025-07-25T07:48:08.931228,SOL-USDT,177.1627,177.1863,5.13,5.527
2025-07-25T07:48:08.932092,LTC-USDT,111.36,111.39,4.67,2.97
2025-07-25T07:48:08.949093,XRP-USDT,3.06836,3.06837,162.0,391.85
2025-07-25T07:48:09.030110,ETH-USDT,3620.14,3620.8,0.0071,2.762
2025-07-25T07:48:09.030164,XRP-USDT,3.06774,3.06807,214.0,378.0
2025-07-25T07:48:09.030674,SOL-USDT,177.1606,177.2041,1.522,8.5
2025-07-25T07:48:09.030720,LTC-USDT,111.36,111.39,1.7,2.97
2025-07-25T07:48:09.128128,ETH-USDT,3620.17,3620.38,0.0389,0.0373
2025-07-25T07:48:09.128449,XRP-USDT,3.06783,3.06806,162.0,13.85
2025-07-25T07:48:09.130510,SOL-USDT,177.1607,177.1697,5.13,1.468
2025-07-25T07:48:09.228386,ETH-USDT,3620.17,3620.36,0.0389,2.7622
2025-07-25T07:48:09.228587,XRP-USDT,3.06785,3.06786,162.0,378.0
2025-07-25T07:48:09.232007,SOL-USDT,177.1606,177.1697,1.522,1.468
2025-07-25T07:48:09.327478,BTC-USDT,115299.96,115299.97,0.263074,0.315
2025-07-25T07:48:09.327516,XRP-USDT,3.06785,3.06786,811.92,13.85
2025-07-25T07:48:09.329034,LTC-USDT,111.36,111.39,4.67,2.97
2025-07-25T07:48:09.427667,ETH-USDT,3620.17,3620.36,0.0389,2.7307719870178655
2025-07-25T07:48:09.527737,ETH-USDT,3620.18,3620.9,2.1452,0.0117
2025-07-25T07:48:09.527955,XRP-USDT,3.06785,3.06786,1228.44,13.85
2025-07-25T07:48:09.629679,BTC-USDT,115299.96,115299.97,0.272825,0.314752
2025-07-25T07:48:09.629861,ETH-USDT,3620.26,3620.89,0.0386,2.762
2025-07-25T07:48:09.630924,LTC-USDT,111.36,111.39,4.67,2.97
2025-07-25T07:48:09.727620,XRP-USDT,3.06785,3.06786,1969.86,391.85
2025-07-25T07:48:09.829549,ETH-USDT,3619.32,3620.36,11.0,0.0392
2025-07-25T07:48:09.829599,XRP-USDT,3.06785,3.06786,1697.94,391.85
2025-07-25T07:48:09.830065,LTC-USDT,111.36,111.39,1.7,2.97
2025-07-25T07:48:09.927446,ETH-USDT,3619.35,3620.22,0.0224,0.0365
2025-07-25T07:48:09.927634,XRP-USDT,3.06785,3.06786,1697.94,13.85
2025-07-25T07:48:10.027852,ETH-USDT,3619.35,3620.21,0.0254,2.7625
2025-07-25T07:48:10.027913,XRP-USDT,3.06785,3.06786,1697.94,391.85
2025-07-25T07:48:10.127765,ETH-USDT,3620.02,3620.03,0.0604,0.3988
2025-07-25T07:48:10.229056,ETH-USDT,3619.76,3619.77,0.0222,0.3987
2025-07-25T07:48:10.230737,SOL-USDT,177.1333,177.1647,5.13,1.57
2025-07-25T07:48:10.329842,ETH-USDT,3619.76,3620.02,0.0222,2.7625
2025-07-25T07:48:10.329965,XRP-USDT,3.06785,3.06786,2398.31,391.85
2025-07-25T07:48:10.330251,LTC-USDT,111.36,111.39,4.67,2.97
2025-07-25T07:48:10.430300,LTC-USDT,111.36,111.39,1.7,2.97
2025-07-25T07:48:10.528066,ETH-USDT,3619.95,3620.05,0.0585,0.0207
2025-07-25T07:48:10.528113,XRP-USDT,3.06785,3.06786,3065.82,391.85
2025-07-25T07:48:10.529323,SOL-USDT,177.1556,177.1647,1.469,1.57
2025-07-25T07:48:10.627843,ETH-USDT,3619.95,3619.96,0.0585,0.3988
2025-07-25T07:48:10.727212,ETH-USDT,3619.98,3620.05,0.0071,0.0207
2025-07-25T07:48:10.829089,ETH-USDT,3620.22,3620.69,0.0395,0.0117
2025-07-25T07:48:10.829300,XRP-USDT,3.06785,3.06786,3336.02,13.85
2025-07-25T07:48:10.831490,SOL-USDT,177.1606,177.1893,1.483,5.527
2025-07-25T07:48:10.832081,LTC-USDT,111.36,111.39,4.67,2.97
2025-07-25T07:48:10.928635,ETH-USDT,3620.68,3620.69,0.052,0.0117
2025-07-25T07:48:10.929079,XRP-USDT,3.06785,3.06786,4029.8,391.85
2025-07-25T07:48:10.929691,SOL-USDT,177.1609,177.1893,5.13,5.527
2025-07-25T07:48:10.929818,LTC-USDT,111.36,111.37,1.7,2.97
2025-07-25T07:48:11.028187,ETH-USDT,3620.68,3620.69,0.052,2.7736
2025-07-25T07:48:11.028455,XRP-USDT,3.06785,3.06786,3597.6,391.85
2025-07-25T07:48:11.029029,SOL-USDT,177.1606,177.1893,1.483,5.527
2025-07-25T07:48:11.129688,BTC-USDT,115299.96,115299.97,0.272825,0.315
2025-07-25T07:48:11.129932,ETH-USDT,3620.68,3620.69,0.052,2.8102
2025-07-25T07:48:11.129977,XRP-USDT,3.06785,3.06786,2808.3,391.85
2025-07-25T07:48:11.130549,SOL-USDT,177.1606,177.1697,1.483,1.562
2025-07-25T07:48:11.227170,XRP-USDT,3.06785,3.06786,2808.3,553.85
2025-07-25T07:48:11.327710,BTC-USDT,115299.96,115299.97,0.002884,0.315
2025-07-25T07:48:11.427380,BTC-USDT,115299.96,115299.97,0.012635,0.061711
2025-07-25T07:48:11.427420,ETH-USDT,3620.68,3620.69,0.052,2.8309
2025-07-25T07:48:11.527573,BTC-USDT,115299.96,115299.97,0.012635,0.315085
2025-07-25T07:48:11.528755,LTC-USDT,111.38,111.42,2.97,2.97
2025-07-25T07:48:11.627006,BTC-USDT,115299.96,115299.97,0.012635,0.061711
2025-07-25T07:48:11.628405,LTC-USDT,111.38,111.44,2.97,2.97
2025-07-25T07:48:11.773319,BTC-USDT,115299.96,115299.97,0.012635,0.315446
2025-07-25T07:48:11.774770,LTC-USDT,111.37,111.44,2.332,2.97
2025-07-25T07:48:11.826902,BTC-USDT,115299.96,115299.97,0.012635,0.061711
2025-07-25T07:48:11.828388,LTC-USDT,111.37,111.42,2.332,2.97
2025-07-25T07:48:11.928085,BTC-USDT,115299.96,115299.97,0.012635,0.315476
2025-07-25T07:48:11.928515,LTC-USDT,111.38,111.42,2.97,2.97
2025-07-25T07:48:12.029141,XRP-USDT,3.0676,3.06786,281.89,553.85
2025-07-25T07:48:12.128548,BTC-USDT,115299.96,115299.97,0.012635,0.315724
2025-07-25T07:48:12.128944,ETH-USDT,3620.68,3620.69,0.0556,2.8309
2025-07-25T07:48:12.128994,XRP-USDT,3.0676,3.06761,443.89,378.0
2025-07-25T07:48:12.129473,SOL-USDT,177.1228,177.1697,5.13,1.562
2025-07-25T07:48:12.227341,BTC-USDT,115299.96,115299.97,0.002884,0.315724
2025-07-25T07:48:12.327667,XRP-USDT,3.0676,3.0677,1126.85,378.0
2025-07-25T07:48:12.427970,XRP-USDT,3.0676,3.06761,1126.85,391.85
2025-07-25T07:48:12.428421,SOL-USDT,177.1583,177.1647,1.565,1.452
2025-07-25T07:48:12.627564,BTC-USDT,115299.96,115299.97,0.002884,0.465463
2025-07-25T07:48:12.728210,ETH-USDT,3620.68,3620.69,0.014,2.8309
2025-07-25T07:48:12.728252,XRP-USDT,3.0676,3.06761,844.96,391.85
2025-07-25T07:48:12.729004,SOL-USDT,177.1228,177.1644,5.13,5.13
2025-07-25T07:48:12.729335,LTC-USDT,111.37,111.42,5.302,2.97
2025-07-25T07:48:12.829046,ETH-USDT,3620.5,3620.51,0.0194,5.3067
2025-07-25T07:48:12.830119,SOL-USDT,177.1162,177.148,5.13,1.571
2025-07-25T07:48:12.931727,BTC-USDT,115299.96,115299.97,0.002884,0.552139
2025-07-25T07:48:12.932133,XRP-USDT,3.06727,3.06733,163.0,378.0
2025-07-25T07:48:13.028266,XRP-USDT,3.06725,3.06733,100.0,378.0
2025-07-25T07:48:13.029232,SOL-USDT,177.0982,177.1477,5.13,5.13
2025-07-25T07:48:13.029564,LTC-USDT,111.35,111.4,2.97,2.97
2025-07-25T07:48:13.130536,ETH-USDT,3620.5,3620.51,0.0194,0.0369
2025-07-25T07:48:13.130584,XRP-USDT,3.06725,3.06743,100.0,378.0
2025-07-25T07:48:13.131293,SOL-USDT,177.136,177.148,1.499,1.571
2025-07-25T07:48:13.228881,XRP-USDT,3.06726,3.0675,378.0,279.5
2025-07-25T07:48:13.427362,XRP-USDT,3.06726,3.06734,378.0,378.0
2025-07-25T07:48:13.528384,XRP-USDT,3.06726,3.06742,378.0,378.0
2025-07-25T07:48:13.628032,ETH-USDT,3620.5,3620.51,0.0194,0.0576
2025-07-25T07:48:13.628649,LTC-USDT,111.35,111.4,2.97,2.97
2025-07-25T07:48:13.727718,XRP-USDT,3.06725,3.06728,100.0,378.0
2025-07-25T07:48:13.728153,SOL-USDT,177.136,177.1479,1.499,5.13
2025-07-25T07:48:13.929949,ETH-USDT,3619.3,3619.92,0.7,0.0386
2025-07-25T07:48:13.930010,XRP-USDT,3.06725,3.06726,100.0,378.0
2025-07-25T07:48:13.930277,SOL-USDT,177.0966,177.142,0.169,5.13
2025-07-25T07:48:13.930509,LTC-USDT,111.34,111.38,2.97,2.97
2025-07-25T07:48:14.028806,ETH-USDT,3619.31,3619.91,3.0,2.7627
2025-07-25T07:48:14.029543,SOL-USDT,177.0871,177.142,5.13,5.13
2025-07-25T07:48:14.130295,XRP-USDT,3.06725,3.06728,100.0,13.85
2025-07-25T07:48:14.231077,ETH-USDT,3619.72,3619.73,0.0586,0.3988
2025-07-25T07:48:14.231130,XRP-USDT,3.06725,3.06727,100.0,378.0
2025-07-25T07:48:14.231715,SOL-USDT,177.131,177.1426,1.456,1.569
2025-07-25T07:48:14.328393,ETH-USDT,3619.72,3619.91,0.0586,2.7625
2025-07-25T07:48:14.328440,XRP-USDT,3.06727,3.06728,378.0,13.85
2025-07-25T07:48:14.328874,SOL-USDT,177.131,177.1426,1.456,6.699
2025-07-25T07:48:14.428154,ETH-USDT,3619.72,3619.73,0.0223,3.1613
2025-07-25T07:48:14.428381,XRP-USDT,3.06725,3.06726,100.0,391.85
2025-07-25T07:48:14.429010,SOL-USDT,177.131,177.1425,1.456,5.13
2025-07-25T07:48:14.527983,ETH-USDT,3619.32,3619.73,0.003,2.7625
2025-07-25T07:48:14.528655,LTC-USDT,111.33,111.38,2.332,2.97
2025-07-25T07:48:14.630802,SOL-USDT,177.131,177.1414,1.456,5.13
2025-07-25T07:48:14.630964,LTC-USDT,111.34,111.38,2.97,2.97
2025-07-25T07:48:14.730010,ETH-USDT,3619.3,3619.33,0.7,0.3987
2025-07-25T07:48:14.730089,LTC-USDT,111.33,111.38,5.302,2.97
2025-07-25T07:48:14.830083,ETH-USDT,3619.31,3619.32,0.4058,0.0001
2025-07-25T07:48:14.830137,XRP-USDT,3.06673,3.06682,163.0,378.0
2025-07-25T07:48:14.830862,SOL-USDT,177.131,177.137,1.456,3.31
2025-07-25T07:48:14.830899,LTC-USDT,111.33,111.38,2.97,2.97
2025-07-25T07:48:14.928666,ETH-USDT,3619.49,3619.5,0.3987,2.7627
2025-07-25T07:48:14.928880,XRP-USDT,3.06675,3.06688,163.0,378.0
2025-07-25T07:48:14.931383,SOL-USDT,177.131,177.1319,1.456,5.13
2025-07-25T07:48:15.127839,ETH-USDT,3619.31,3619.32,0.0382,2.8956
2025-07-25T07:48:15.128043,XRP-USDT,3.06675,3.06708,163.0,163.0
2025-07-25T07:48:15.229668,ETH-USDT,3619.3,3619.31,0.7,2.8958
2025-07-25T07:48:15.229709,XRP-USDT,3.06675,3.06676,163.0,378.0
2025-07-25T07:48:15.329095,ETH-USDT,3619.3,3619.31,0.7,2.7629
2025-07-25T07:48:15.329149,XRP-USDT,3.0667,3.06671,282.36,391.85
2025-07-25T07:48:15.329721,SOL-USDT,177.0825,177.1168,3.0,1.544
2025-07-25T07:48:15.428319,ETH-USDT,3619.3,3619.31,0.7315,2.8199
2025-07-25T07:48:15.428372,XRP-USDT,3.06631,3.06654,378.0,378.0
2025-07-25T07:48:15.429045,SOL-USDT,177.0825,177.1134,3.0,5.13
2025-07-25T07:48:15.628467,SOL-USDT,177.106,177.1134,1.582,5.13
2025-07-25T07:48:15.628507,LTC-USDT,111.33,111.38,2.97,2.97
2025-07-25T07:48:15.730856,LTC-USDT,111.33,111.36,2.97,2.97
2025-07-25T07:48:15.928311,XRP-USDT,3.06628,3.06654,284.49,378.0
2025-07-25T07:48:15.929865,SOL-USDT,177.0587,177.1069,3.0,5.13
2025-07-25T07:48:16.029398,XRP-USDT,3.06586,3.06622,378.0,163.0
2025-07-25T07:48:16.030152,SOL-USDT,177.0587,177.079,3.0,1.443
2025-07-25T07:48:16.128215,BTC-USDT,115299.96,115299.97,0.002884,0.603729
2025-07-25T07:48:16.128454,XRP-USDT,3.06569,3.0658,378.0,378.0
2025-07-25T07:48:16.131026,SOL-USDT,177.0587,177.0679,3.0,1.464
2025-07-25T07:48:16.131075,LTC-USDT,111.3,111.34,2.97,1.7
2025-07-25T07:48:16.228712,XRP-USDT,3.06569,3.06585,378.0,378.0
2025-07-25T07:48:16.228762,SOL-USDT,177.0588,177.0679,1.573,1.464
2025-07-25T07:48:16.228838,LTC-USDT,111.3,111.33,2.97,2.97
2025-07-25T07:48:16.328770,XRP-USDT,3.06553,3.06595,378.0,270.53
2025-07-25T07:48:16.331216,SOL-USDT,177.0588,177.0678,1.573,5.13
2025-07-25T07:48:16.443681,ETH-USDT,3619.3,3619.31,0.7,2.8199
2025-07-25T07:48:16.444032,XRP-USDT,3.06604,3.06631,277.72,378.0
2025-07-25T07:48:16.447364,SOL-USDT,177.0588,177.0679,1.573,1.464
2025-07-25T07:48:16.527649,BTC-USDT,115299.96,115299.97,0.002884,0.59663
2025-07-25T07:48:16.527690,XRP-USDT,3.06589,3.0661,378.0,176.85
2025-07-25T07:48:16.628134,BTC-USDT,115299.96,115299.97,0.002884,0.59654
2025-07-25T07:48:16.727209,BTC-USDT,115299.96,115299.97,0.002884,0.59654
2025-07-25T07:48:16.727491,XRP-USDT,3.06609,3.0661,378.0,176.85
2025-07-25T07:48:17.329571,LTC-USDT,111.3,111.33,2.97,2.97
2025-07-25T07:48:17.428615,XRP-USDT,3.06609,3.0661,1126.84,176.85
2025-07-25T07:48:17.628117,XRP-USDT,3.06609,3.0661,1108.84,176.85
2025-07-25T07:48:18.328456,LTC-USDT,111.3,111.33,2.97,2.97
2025-07-25T07:48:18.427507,XRP-USDT,3.06629,3.06706,655.25,214.0
2025-07-25T07:48:18.528079,XRP-USDT,3.06637,3.0666,672.92,378.0
2025-07-25T07:48:18.627547,XRP-USDT,3.06637,3.06647,294.92,541.0
2025-07-25T07:48:18.727758,ETH-USDT,3619.3,3619.31,1.907,0.057
2025-07-25T07:48:18.727936,XRP-USDT,3.06646,3.06647,282.76,176.85
2025-07-25T07:48:18.728480,SOL-USDT,177.0761,177.1036,1.489,8.5
2025-07-25T07:48:18.828048,XRP-USDT,3.06646,3.06647,282.76,13.85
2025-07-25T07:48:18.829720,SOL-USDT,177.0761,177.1035,1.489,5.13
2025-07-25T07:48:18.928090,ETH-USDT,3619.3,3619.31,0.7229,0.057
2025-07-25T07:48:18.928730,SOL-USDT,177.0484,177.0795,5.13,1.528
2025-07-25T07:48:19.028214,ETH-USDT,3619.3,3619.31,0.7,2.8199
2025-07-25T07:48:19.028268,XRP-USDT,3.06612,3.06638,378.0,378.0
2025-07-25T07:48:19.028919,SOL-USDT,177.0385,177.0794,5.13,5.13
2025-07-25T07:48:19.127620,BTC-USDT,115293.93,115293.94,0.261716,0.000248
2025-07-25T07:48:19.127804,XRP-USDT,3.06612,3.06633,378.0,378.0
2025-07-25T07:48:19.128415,SOL-USDT,177.0698,177.0795,1.575,1.528
2025-07-25T07:48:19.228492,BTC-USDT,115293.93,115293.94,0.001512,0.000248
2025-07-25T07:48:19.228533,ETH-USDT,3619.3,3619.31,0.7148,2.8199
2025-07-25T07:48:19.228877,XRP-USDT,3.06565,3.06607,214.0,378.0
2025-07-25T07:48:19.229815,SOL-USDT,177.0378,177.0729,0.169,5.13
2025-07-25T07:48:19.328759,XRP-USDT,3.06587,3.06604,293.4,163.0
2025-07-25T07:48:19.329984,SOL-USDT,177.0122,177.0679,3.31,1.51
2025-07-25T07:48:19.330133,LTC-USDT,111.28,111.33,21.47,2.97
2025-07-25T07:48:19.427956,XRP-USDT,3.06523,3.06594,592.0,378.0
2025-07-25T07:48:19.428972,SOL-USDT,177.0225,177.0679,5.13,1.51
2025-07-25T07:48:19.429009,LTC-USDT,111.29,111.33,2.97,2.97
2025-07-25T07:48:19.529377,SOL-USDT,177.0588,177.0679,1.559,1.51
2025-07-25T07:48:19.529627,LTC-USDT,111.29,111.32,2.97,2.97
2025-07-25T07:48:19.629168,XRP-USDT,3.06565,3.06578,671.95,378.0
2025-07-25T07:48:19.630346,LTC-USDT,111.26,111.32,49.694,2.97
2025-07-25T07:48:19.730126,LTC-USDT,111.27,111.32,2.97,2.97
2025-07-25T07:48:19.830162,BTC-USDT,115290.0,115290.01,0.00021,0.000186
2025-07-25T07:48:19.830501,ETH-USDT,3617.67,3618.8,0.5412,2.7635
2025-07-25T07:48:19.830658,XRP-USDT,3.06523,3.06561,378.0,274.61
2025-07-25T07:48:19.832821,SOL-USDT,177.0588,177.0675,1.559,5.13
2025-07-25T07:48:19.832859,LTC-USDT,111.26,111.32,2.97,2.97
2025-07-25T07:48:19.929312,BTC-USDT,115290.0,115290.01,0.00021,0.050248
2025-07-25T07:48:19.929554,ETH-USDT,3618.07,3618.8,0.5412,2.7635
2025-07-25T07:48:19.929591,XRP-USDT,3.06523,3.06534,378.0,378.0
2025-07-25T07:48:19.930713,SOL-USDT,177.0588,177.0673,1.559,3.31
2025-07-25T07:48:19.930749,LTC-USDT,111.26,111.33,2.97,2.332
2025-07-25T07:48:20.028824,ETH-USDT,3618.5,3618.8,0.0384,2.7635
2025-07-25T07:48:20.028933,XRP-USDT,3.06485,3.06543,2.99,163.0
2025-07-25T07:48:20.029505,SOL-USDT,177.0588,177.0664,1.559,5.13
2025-07-25T07:48:20.029927,LTC-USDT,111.26,111.3,2.97,2.97
2025-07-25T07:48:20.129505,BTC-USDT,115290.0,115290.01,0.262336,0.050248
2025-07-25T07:48:20.130289,ETH-USDT,3619.14,3619.15,0.3986,2.7675
2025-07-25T07:48:20.130560,XRP-USDT,3.06542,3.06543,280.6,163.0
2025-07-25T07:48:20.131612,SOL-USDT,177.0588,177.0673,1.559,3.31
2025-07-25T07:48:20.131819,LTC-USDT,111.26,111.3,2.97,2.97
2025-07-25T07:48:20.229282,ETH-USDT,3618.07,3619.15,0.5412,2.763
2025-07-25T07:48:20.229333,XRP-USDT,3.06517,3.06568,682.94,274.09
2025-07-25T07:48:20.230743,SOL-USDT,177.0588,177.0672,1.559,5.13
2025-07-25T07:48:20.230803,LTC-USDT,111.27,111.32,2.97,2.97
2025-07-25T07:48:20.351445,BTC-USDT,115290.0,115290.01,0.254447,0.050248
2025-07-25T07:48:20.352121,ETH-USDT,3618.07,3619.09,0.5412,2.7634
2025-07-25T07:48:20.352160,XRP-USDT,3.06517,3.06518,682.94,378.0
2025-07-25T07:48:20.353952,SOL-USDT,177.0016,177.0489,3.31,5.13
2025-07-25T07:48:20.354201,LTC-USDT,111.25,111.31,5.302,2.332
2025-07-25T07:48:20.430065,BTC-USDT,115285.0,115285.01,0.260434,0.000248
2025-07-25T07:48:20.430383,ETH-USDT,3617.26,3618.02,0.003,0.0382
2025-07-25T07:48:20.430421,XRP-USDT,3.06452,3.06488,378.0,378.0
2025-07-25T07:48:20.431713,SOL-USDT,176.984,177.024,3.0,5.13
2025-07-25T07:48:20.431937,LTC-USDT,111.24,111.29,59.9048,2.97
2025-07-25T07:48:20.528799,BTC-USDT,115285.0,115285.01,0.262422,0.000248
2025-07-25T07:48:20.528948,ETH-USDT,3617.87,3617.88,0.0374,0.1329
2025-07-25T07:48:20.529751,XRP-USDT,3.06436,3.06514,592.0,214.0
2025-07-25T07:48:20.529826,SOL-USDT,176.984,177.0236,3.0,5.13
2025-07-25T07:48:20.529854,LTC-USDT,111.24,111.29,57.5728,2.97
2025-07-25T07:48:20.629499,BTC-USDT,115290.0,115290.01,0.318896,0.254181
2025-07-25T07:48:20.629609,ETH-USDT,3617.25,3618.7,2.2592,3.612
2025-07-25T07:48:20.629652,XRP-USDT,3.06415,3.06485,592.0,541.0
2025-07-25T07:48:20.630851,SOL-USDT,176.985,177.0239,5.13,7.372
2025-07-25T07:48:20.630899,LTC-USDT,111.25,111.29,2.97,2.97
2025-07-25T07:48:20.729069,BTC-USDT,115290.0,115290.01,0.318896,0.254305
2025-07-25T07:48:20.729117,ETH-USDT,3617.26,3617.94,3.0,2.7642
2025-07-25T07:48:20.729312,XRP-USDT,3.06415,3.06484,592.0,378.0
2025-07-25T07:48:20.729957,SOL-USDT,176.984,177.0117,3.0,1.49
2025-07-25T07:48:20.829034,ETH-USDT,3617.91,3617.92,0.3986,2.7642
2025-07-25T07:48:20.829440,XRP-USDT,3.06483,3.06484,289.63,378.0
2025-07-25T07:48:20.830142,SOL-USDT,177.0025,177.0117,1.55,1.49
2025-07-25T07:48:20.929081,XRP-USDT,3.06452,3.06478,378.0,378.0
2025-07-25T07:48:21.027810,XRP-USDT,3.06421,3.06476,592.0,378.0
2025-07-25T07:48:21.127291,XRP-USDT,3.06421,3.06463,592.0,378.0
2025-07-25T07:48:21.228049,ETH-USDT,3617.95,3617.96,0.3986,2.7846
2025-07-25T07:48:21.228098,XRP-USDT,3.06421,3.06466,378.0,378.0
2025-07-25T07:48:21.327446,ETH-USDT,3617.95,3617.96,0.423,0.0207
2025-07-25T07:48:21.327655,XRP-USDT,3.06465,3.06466,271.88,13.85
2025-07-25T07:48:21.428775,BTC-USDT,115290.0,115290.01,0.328647,0.254305
2025-07-25T07:48:21.429047,ETH-USDT,3617.95,3617.96,3.1289,0.0207
2025-07-25T07:48:21.430047,SOL-USDT,177.0073,177.0239,1.441,7.372
2025-07-25T07:48:21.430088,LTC-USDT,111.26,111.29,2.97,2.97
2025-07-25T07:48:21.528858,ETH-USDT,3618.2,3619.09,0.0381,0.7585
2025-07-25T07:48:21.529892,SOL-USDT,177.0192,177.0664,1.471,0.169
2025-07-25T07:48:21.628725,ETH-USDT,3618.21,3619.29,0.0236,3.3982
2025-07-25T07:48:21.629509,SOL-USDT,177.0192,177.0583,1.471,8.5
2025-07-25T07:48:21.728114,ETH-USDT,3618.21,3619.25,0.0236,3.004
2025-07-25T07:48:21.728866,SOL-USDT,177.0192,177.0531,1.471,5.13
2025-07-25T07:48:21.828450,BTC-USDT,115290.0,115290.01,0.328647,0.25396699222482505
2025-07-25T07:48:21.828504,ETH-USDT,3618.41,3618.42,0.3986,2.801
2025-07-25T07:48:21.828582,XRP-USDT,3.06465,3.06466,485.88,13.85
2025-07-25T07:48:21.828926,SOL-USDT,177.0192,177.0281,1.471,1.529
2025-07-25T07:48:21.928654,XRP-USDT,3.06465,3.06466,863.88,13.85
2025-07-25T07:48:22.127951,ETH-USDT,3618.41,3618.42,0.3986,0.0374
2025-07-25T07:48:22.128322,XRP-USDT,3.06434,3.06465,378.0,13.85
2025-07-25T07:48:22.128928,LTC-USDT,111.27,111.29,2.97,2.97
2025-07-25T07:48:22.228077,ETH-USDT,3618.2,3618.42,0.0381,2.801
2025-07-25T07:48:22.228126,XRP-USDT,3.06434,3.06455,378.0,378.0
2025-07-25T07:48:22.229012,LTC-USDT,111.26,111.29,2.97,2.97
2025-07-25T07:48:22.331541,BTC-USDT,115290.0,115290.01,0.058672,0.34668199222482504
2025-07-25T07:48:22.331852,ETH-USDT,3618.2,3618.21,0.0381,2.8966
2025-07-25T07:48:22.331887,XRP-USDT,3.06434,3.06465,378.0,13.85
2025-07-25T07:48:22.431391,ETH-USDT,3618.2,3618.21,0.0381,2.7637
2025-07-25T07:48:22.431444,XRP-USDT,3.06404,3.06452,2.99,297.73
2025-07-25T07:48:22.431994,SOL-USDT,176.9865,177.0236,5.13,1.452
2025-07-25T07:48:22.528296,XRP-USDT,3.06404,3.06432,380.99,378.0
2025-07-25T07:48:22.627829,ETH-USDT,3617.67,3618.21,3.0,2.7637
2025-07-25T07:48:22.628322,SOL-USDT,177.0077,177.0236,1.503,1.452
2025-07-25T07:48:22.729253,ETH-USDT,3617.18,3617.95,0.003,2.7642
2025-07-25T07:48:22.731470,SOL-USDT,177.0077,177.0233,1.503,7.839
2025-07-25T07:48:22.731508,LTC-USDT,111.25,111.29,2.97,2.97
2025-07-25T07:48:22.827990,ETH-USDT,3617.18,3617.87,0.003,0.0387
2025-07-25T07:48:22.828043,XRP-USDT,3.06404,3.06432,2.99,378.0
2025-07-25T07:48:22.828929,SOL-USDT,176.984,177.0041,3.0,5.13
2025-07-25T07:48:22.828966,LTC-USDT,111.24,111.29,57.5728,2.97
2025-07-25T07:48:22.928247,ETH-USDT,3617.13,3617.67,3.613,2.897
2025-07-25T07:48:22.929262,SOL-USDT,176.984,176.9997,3.0,1.579
2025-07-25T07:48:23.027962,BTC-USDT,115290.0,115290.01,0.008672,0.398271992224825
2025-07-25T07:48:23.028311,ETH-USDT,3616.82,3617.67,0.4615,2.897
2025-07-25T07:48:23.028482,XRP-USDT,3.06369,3.06404,378.0,13.85
2025-07-25T07:48:23.029127,SOL-USDT,176.9901,176.9997,1.493,1.579
2025-07-25T07:48:23.128709,ETH-USDT,3616.82,3617.54,0.4615,2.7645
2025-07-25T07:48:23.128750,XRP-USDT,3.0637,3.06404,592.0,13.85
2025-07-25T07:48:23.130101,LTC-USDT,111.24,111.26,57.5728,1.7
2025-07-25T07:48:23.227556,ETH-USDT,3617.47,3617.48,0.0397,0.1329
2025-07-25T07:48:23.227605,XRP-USDT,3.0637,3.06397,378.0,378.0
2025-07-25T07:48:23.229018,LTC-USDT,111.25,111.26,2.97,4.67
2025-07-25T07:48:23.328074,ETH-USDT,3617.54,3617.55,0.3986,0.0207
2025-07-25T07:48:23.329695,LTC-USDT,111.25,111.26,2.97,1.7
2025-07-25T07:48:23.427023,ETH-USDT,3617.54,3617.55,0.3986,2.785
2025-07-25T07:48:23.428182,LTC-USDT,111.25,111.26,8.5822,1.7
2025-07-25T07:48:23.527432,XRP-USDT,3.06383,3.06397,291.06,378.0
2025-07-25T07:48:23.627558,ETH-USDT,3617.54,3617.55,0.3986,2.7643
2025-07-25T07:48:23.627618,XRP-USDT,3.0637,3.06397,378.0,378.0
2025-07-25T07:48:23.727983,XRP-USDT,3.06323,3.06383,592.0,378.0
2025-07-25T07:48:23.827104,ETH-USDT,3617.47,3617.48,0.0397,2.8972
2025-07-25T07:48:23.827154,XRP-USDT,3.06371,3.06382,656.46,13.85
2025-07-25T07:48:23.927735,ETH-USDT,3617.47,3617.48,0.0397,2.7643
2025-07-25T07:48:23.927804,XRP-USDT,3.06371,3.06379,278.46,378.0
2025-07-25T07:48:24.029551,ETH-USDT,3617.53,3617.54,0.4236,0.0207
2025-07-25T07:48:24.029842,XRP-USDT,3.06371,3.06382,378.0,13.85
2025-07-25T07:48:24.031522,SOL-USDT,176.9978,177.0298,1.469,0.169
2025-07-25T07:48:24.031558,LTC-USDT,111.26,111.29,2.97,2.97
2025-07-25T07:48:24.127415,ETH-USDT,3617.53,3617.54,0.4041,2.785
2025-07-25T07:48:24.129515,SOL-USDT,176.9978,177.0297,1.469,5.13
2025-07-25T07:48:24.227636,ETH-USDT,3617.53,3617.54,0.0055,0.0207
2025-07-25T07:48:24.227687,XRP-USDT,3.06323,3.06375,592.0,378.0
2025-07-25T07:48:24.229656,SOL-USDT,176.9978,177.0119,1.469,5.13
2025-07-25T07:48:24.229705,LTC-USDT,111.25,111.29,7.3122,2.97
2025-07-25T07:48:24.328151,ETH-USDT,3617.53,3617.54,0.0055,2.785
2025-07-25T07:48:24.328995,SOL-USDT,176.984,177.0018,3.0,1.455
2025-07-25T07:48:24.427772,XRP-USDT,3.06323,3.0638,592.0,163.0
2025-07-25T07:48:24.526947,XRP-USDT,3.06367,3.06378,670.22,391.85
2025-07-25T07:48:24.627120,BTC-USDT,115290.0,115290.01,0.008672,0.5480109922248251
2025-07-25T07:48:24.627162,XRP-USDT,3.06367,3.06375,292.22,378.0
2025-07-25T07:48:24.627430,SOL-USDT,176.9935,177.0018,1.513,1.455
2025-07-25T07:48:24.734348,XRP-USDT,3.06367,3.06378,670.22,13.85
2025-07-25T07:48:24.828468,ETH-USDT,3616.82,3617.41,0.7,2.7646
2025-07-25T07:48:24.828524,XRP-USDT,3.06323,3.06368,378.0,378.0
2025-07-25T07:48:24.829216,SOL-USDT,176.9935,177.0015,1.513,5.13
2025-07-25T07:48:24.930148,BTC-USDT,115290.0,115290.01,0.006156,0.5480109922248251
2025-07-25T07:48:24.930366,XRP-USDT,3.06288,3.06378,214.0,378.0
2025-07-25T07:48:24.931187,LTC-USDT,111.25,111.29,5.6122,2.97
2025-07-25T07:48:25.034857,BTC-USDT,115290.0,115290.01,0.006156,0.398271992224825
2025-07-25T07:48:25.034970,ETH-USDT,3617.4,3617.41,0.3986,2.7646
2025-07-25T07:48:25.035019,XRP-USDT,3.06288,3.06358,592.0,378.0
2025-07-25T07:48:25.173037,ETH-USDT,3616.82,3617.41,0.7,2.8025
2025-07-25T07:48:25.173225,XRP-USDT,3.06351,3.06356,277.36,378.0
2025-07-25T07:48:25.230470,ETH-USDT,3616.83,3617.41,3.0,2.7646
2025-07-25T07:48:25.230509,XRP-USDT,3.06351,3.06355,277.36,13.85
2025-07-25T07:48:25.328198,BTC-USDT,115290.0,115290.01,0.006156,0.5480109922248251
2025-07-25T07:48:25.328256,ETH-USDT,3616.86,3617.32,0.0254,0.0399
2025-07-25T07:48:25.328295,XRP-USDT,3.06354,3.06355,298.55,13.85
2025-07-25T07:48:25.329984,SOL-USDT,176.9935,177.0018,1.513,1.455
2025-07-25T07:48:25.330023,LTC-USDT,111.25,111.27,8.5822,2.97
2025-07-25T07:48:25.427698,ETH-USDT,3617.31,3617.32,0.4238,0.0399
2025-07-25T07:48:25.527990,BTC-USDT,115290.0,115290.01,0.006156,0.34668199222482504
2025-07-25T07:48:25.528650,ETH-USDT,3617.31,3618.2,0.4238,2.7643
2025-07-25T07:48:25.529751,XRP-USDT,3.06354,3.06355,676.55,13.85
2025-07-25T07:48:25.532244,LTC-USDT,111.25,111.28,5.6122,0.2119
2025-07-25T07:48:25.628900,ETH-USDT,3617.38,3618.14,0.0364,2.7641
2025-07-25T07:48:25.727806,ETH-USDT,3617.38,3617.56,0.0364,0.0398
2025-07-25T07:48:25.728651,LTC-USDT,111.25,111.27,8.5822,2.97
2025-07-25T07:48:25.827356,ETH-USDT,3617.55,3617.56,0.052,2.804
2025-07-25T07:48:25.827988,LTC-USDT,111.25,111.27,5.6122,2.97
2025-07-25T07:48:25.927681,LTC-USDT,111.25,111.26,5.6122,2.97
2025-07-25T07:48:26.028917,ETH-USDT,3618.0,3618.65,0.0375,0.0075
2025-07-25T07:48:26.028956,XRP-USDT,3.06394,3.06428,288.3,163.0
2025-07-25T07:48:26.031354,SOL-USDT,176.9985,177.0482,1.442,3.31
2025-07-25T07:48:26.031634,LTC-USDT,111.26,111.28,2.97,2.97
2025-07-25T07:48:26.128140,ETH-USDT,3618.0,3618.9,0.0375,0.004
2025-07-25T07:48:26.128494,XRP-USDT,3.06421,3.0646,274.21,378.0
2025-07-25T07:48:26.129451,SOL-USDT,177.0057,177.0431,1.507,8.5
2025-07-25T07:48:26.129599,LTC-USDT,111.25,111.28,5.6122,2.97
2025-07-25T07:48:26.228164,ETH-USDT,3618.0,3618.89,0.0375,0.7585
2025-07-25T07:48:26.228204,XRP-USDT,3.06421,3.06422,274.21,541.0
2025-07-25T07:48:26.229772,SOL-USDT,177.0057,177.0359,1.507,5.13
2025-07-25T07:48:26.229890,LTC-USDT,111.25,111.28,8.5822,2.97
2025-07-25T07:48:26.328106,ETH-USDT,3618.0,3618.01,0.0619,0.1329
2025-07-25T07:48:26.329841,SOL-USDT,177.0057,177.0162,1.507,1.561
2025-07-25T07:48:26.428376,ETH-USDT,3618.0,3618.01,0.0375,2.7639
2025-07-25T07:48:26.428432,XRP-USDT,3.06421,3.06422,704.42,541.0
2025-07-25T07:48:26.428977,SOL-USDT,177.0057,177.0159,1.507,5.13
2025-07-25T07:48:26.530651,LTC-USDT,111.25,111.28,5.6122,2.97
2025-07-25T07:48:26.630552,ETH-USDT,3617.04,3617.99,3.003,2.7643
2025-07-25T07:48:26.630809,XRP-USDT,3.06421,3.06422,1408.94,541.0
2025-07-25T07:48:26.727717,BTC-USDT,115290.0,115290.01,0.006156,0.346591992224825
2025-07-25T07:48:26.728054,XRP-USDT,3.06375,3.06376,278.02,13.85
2025-07-25T07:48:26.827678,ETH-USDT,3617.78,3617.79,0.0372,2.8969
2025-07-25T07:48:26.828022,XRP-USDT,3.06375,3.06376,278.02,391.85
2025-07-25T07:48:26.927758,ETH-USDT,3617.06,3617.79,3.003,2.8969
2025-07-25T07:48:27.027409,ETH-USDT,3617.06,3617.71,0.003,2.7643
2025-07-25T07:48:27.029609,SOL-USDT,176.984,177.0102,3.0,5.13
2025-07-25T07:48:27.127588,ETH-USDT,3617.47,3617.48,0.0384,2.8971
2025-07-25T07:48:27.228077,XRP-USDT,3.06294,3.0636,592.0,378.0
2025-07-25T07:48:27.229484,SOL-USDT,177.0015,177.0102,1.449,5.13
2025-07-25T07:48:27.327898,ETH-USDT,3617.47,3617.48,0.0384,2.7642
2025-07-25T07:48:27.327953,XRP-USDT,3.06307,3.0639,592.0,163.0
2025-07-25T07:48:27.428840,XRP-USDT,3.06386,3.06387,288.38,13.85
2025-07-25T07:48:27.429690,SOL-USDT,177.0015,177.0107,1.449,1.54
2025-07-25T07:48:27.429728,LTC-USDT,111.26,111.28,2.97,2.97
2025-07-25T07:48:27.527775,ETH-USDT,3618.0,3618.01,0.3672,0.1331
2025-07-25T07:48:27.528110,XRP-USDT,3.06386,3.06387,1015.74,13.85
2025-07-25T07:48:27.528983,SOL-USDT,176.9793,177.0359,5.527,5.13
2025-07-25T07:48:27.529020,LTC-USDT,111.25,111.28,5.6122,2.97
2025-07-25T07:48:27.675119,ETH-USDT,3618.0,3618.29,2.8034,0.0043
2025-07-25T07:48:27.675884,SOL-USDT,177.0059,177.0359,1.579,5.13
2025-07-25T07:48:27.675925,LTC-USDT,111.26,111.28,2.97,2.97
2025-07-25T07:48:27.727710,ETH-USDT,3618.0,3618.01,0.0915,0.2038
2025-07-25T07:48:27.728374,LTC-USDT,111.25,111.28,5.6122,2.97
2025-07-25T07:48:27.827098,ETH-USDT,3618.0,3618.01,0.0915,2.9677
2025-07-25T07:48:27.827858,SOL-USDT,177.0059,177.0133,1.579,5.13
2025-07-25T07:48:27.926439,ETH-USDT,3618.13,3618.14,0.3277,0.0365
2025-07-25T07:48:27.926937,SOL-USDT,177.0059,177.0147,1.579,1.501
2025-07-25T07:48:27.926985,LTC-USDT,111.25,111.28,8.5822,2.97
2025-07-25T07:48:28.027155,ETH-USDT,3618.13,3618.14,0.052,0.0365
2025-07-25T07:48:28.027603,LTC-USDT,111.25,111.28,5.6122,2.97
2025-07-25T07:48:28.128450,ETH-USDT,3618.22,3618.93,2.7635,0.7585
2025-07-25T07:48:28.128505,XRP-USDT,3.06418,3.06421,378.0,704.52
2025-07-25T07:48:28.129081,SOL-USDT,177.002,177.0359,5.527,5.13
2025-07-25T07:48:28.129118,LTC-USDT,111.26,111.28,8.5161,2.97
2025-07-25T07:48:28.228006,ETH-USDT,3618.25,3618.9,0.003,2.7635
2025-07-25T07:48:28.228982,SOL-USDT,177.022,177.0535,1.571,5.13
2025-07-25T07:48:28.229132,LTC-USDT,111.26,111.28,2.97,2.97
2025-07-25T07:48:28.327549,ETH-USDT,3618.25,3618.4,2.7637,0.037
2025-07-25T07:48:28.327602,XRP-USDT,3.0642,3.06421,656.92,704.52
2025-07-25T07:48:28.426926,ETH-USDT,3618.39,3618.68,3.0913,0.0042
2025-07-25T07:48:28.427089,XRP-USDT,3.0642,3.06421,656.92,718.37
2025-07-25T07:48:28.427528,SOL-USDT,177.022,177.0312,1.571,1.58
2025-07-25T07:48:28.527226,ETH-USDT,3618.39,3618.67,3.0913,2.7635
2025-07-25T07:48:28.628144,XRP-USDT,3.0642,3.06421,656.92,13.85
2025-07-25T07:48:28.728365,ETH-USDT,3618.73,3618.74,0.3277,0.0379
2025-07-25T07:48:28.827074,ETH-USDT,3618.4,3618.71,0.0362,2.7635
2025-07-25T07:48:28.930238,ETH-USDT,3618.51,3618.52,2.8022,0.2038
2025-07-25T07:48:29.027672,ETH-USDT,3618.51,3618.52,2.8022,0.0207
2025-07-25T07:48:29.126989,XRP-USDT,3.0642,3.06421,1398.09,13.85
2025-07-25T07:48:29.230561,ETH-USDT,3618.11,3618.68,3.0,0.0393
2025-07-25T07:48:29.230814,XRP-USDT,3.0642,3.06456,1398.09,296.47
2025-07-25T07:48:29.329030,ETH-USDT,3618.96,3618.97,0.3277,0.0074
2025-07-25T07:48:29.329084,XRP-USDT,3.06426,3.06459,214.0,378.0
2025-07-25T07:48:29.329978,LTC-USDT,111.27,111.32,2.97,5.302
2025-07-25T07:48:29.428490,ETH-USDT,3618.66,3618.67,0.052,0.2038
2025-07-25T07:48:29.428838,XRP-USDT,3.06426,3.06459,592.0,378.0
2025-07-25T07:48:29.430417,LTC-USDT,111.26,111.31,2.97,0.2119
2025-07-25T07:48:29.528065,ETH-USDT,3618.66,3618.67,0.0896,2.9672
2025-07-25T07:48:29.528277,XRP-USDT,3.06444,3.0645,294.0,378.0
2025-07-25T07:48:29.529363,LTC-USDT,111.26,111.3,2.97,2.97
2025-07-25T07:48:29.627427,ETH-USDT,3618.66,3618.67,0.0896,0.2038
2025-07-25T07:48:29.627684,XRP-USDT,3.06444,3.06458,294.0,163.0
2025-07-25T07:48:29.727065,XRP-USDT,3.06444,3.06448,294.0,378.0
2025-07-25T07:48:29.828046,ETH-USDT,3617.97,3618.65,0.003,2.7637
2025-07-25T07:48:29.828100,XRP-USDT,3.06444,3.06445,294.0,541.0
2025-07-25T07:48:29.828948,LTC-USDT,111.26,111.3,2.97,2.97
2025-07-25T07:48:29.926757,XRP-USDT,3.0642,3.06436,741.17,378.0
2025-07-25T07:48:30.027020,ETH-USDT,3618.45,3618.46,0.0916,2.9674
2025-07-25T07:48:30.027924,LTC-USDT,111.26,111.3,2.97,2.97
2025-07-25T07:48:30.126399,XRP-USDT,3.06427,3.06442,276.76,13.85
2025-07-25T07:48:30.228195,XRP-USDT,3.0642,3.06421,741.17,554.85
2025-07-25T07:48:30.229051,SOL-USDT,176.9838,177.0302,3.31,5.13
2025-07-25T07:48:30.229089,LTC-USDT,111.25,111.29,2.332,0.2119
2025-07-25T07:48:30.328226,ETH-USDT,3618.45,3618.46,0.052,2.9674
2025-07-25T07:48:30.330119,SOL-USDT,176.9793,177.0302,5.527,5.13
2025-07-25T07:48:30.330382,LTC-USDT,111.24,111.26,57.5728,2.97
2025-07-25T07:48:30.427129,XRP-USDT,3.06361,3.06387,378.0,391.85
2025-07-25T07:48:30.427856,LTC-USDT,111.24,111.26,57.5728,2.97
2025-07-25T07:48:30.526862,ETH-USDT,3618.45,3618.46,0.052,2.9881
2025-07-25T07:48:30.527179,XRP-USDT,3.06384,3.06386,668.44,163.0
2025-07-25T07:48:30.528397,SOL-USDT,176.9793,177.0153,5.527,1.503
2025-07-25T07:48:30.628673,ETH-USDT,3617.41,3617.98,0.003,0.0383
2025-07-25T07:48:30.628815,XRP-USDT,3.06315,3.06348,2.99,378.0
2025-07-25T07:48:30.629896,SOL-USDT,176.9763,177.0091,0.169,5.13
2025-07-25T07:48:30.731332,ETH-USDT,3617.41,3617.97,0.003,2.7641
2025-07-25T07:48:30.731457,XRP-USDT,3.06282,3.06348,378.0,378.0
2025-07-25T07:48:30.734416,SOL-USDT,176.9498,176.9947,3.31,5.13
2025-07-25T07:48:30.828246,ETH-USDT,3617.75,3617.76,0.0368,0.2038
2025-07-25T07:48:30.828307,XRP-USDT,3.06282,3.06334,378.0,378.0
2025-07-25T07:48:30.828965,LTC-USDT,111.24,111.25,57.5728,4.67
2025-07-25T07:48:30.927412,BTC-USDT,115290.0,115290.01,0.006156,0.000248
2025-07-25T07:48:30.927463,ETH-USDT,3617.97,3618.73,0.038,2.7641
2025-07-25T07:48:30.927769,XRP-USDT,3.06333,3.06351,378.0,378.0
2025-07-25T07:48:30.928189,SOL-USDT,176.953,177.0176,3.31,5.13
2025-07-25T07:48:31.027157,XRP-USDT,3.06286,3.06339,592.0,378.0
2025-07-25T07:48:31.126876,ETH-USDT,3617.97,3618.13,0.038,0.0385
2025-07-25T07:48:31.127954,SOL-USDT,176.9973,177.0057,1.523,5.13
2025-07-25T07:48:31.228972,ETH-USDT,3617.97,3617.98,0.038,2.9677
2025-07-25T07:48:31.327270,ETH-USDT,3617.97,3617.98,0.038,2.7639
2025-07-25T07:48:31.327324,XRP-USDT,3.06321,3.06338,663.0,391.85
2025-07-25T07:48:31.429871,BTC-USDT,115290.0,115290.01,0.01215,0.002516
2025-07-25T07:48:31.429922,ETH-USDT,3618.47,3618.48,0.3277,0.2038
2025-07-25T07:48:31.429951,XRP-USDT,3.06337,3.06338,662.18,13.85
2025-07-25T07:48:31.429974,SOL-USDT,177.0141,177.0212,1.48,0.029
2025-07-25T07:48:31.430007,LTC-USDT,111.24,111.25,57.5728,1.7
2025-07-25T07:48:31.527829,BTC-USDT,115290.0,115290.01,0.01215,0.257885
2025-07-25T07:48:31.528034,ETH-USDT,3618.1,3618.11,2.7637,0.0207
2025-07-25T07:48:31.528071,XRP-USDT,3.06349,3.0635,674.14,61.0
2025-07-25T07:48:31.529076,SOL-USDT,177.0141,177.0204,1.48,5.13
2025-07-25T07:48:31.529113,LTC-USDT,111.25,111.27,2.97,3.1819
2025-07-25T07:48:31.627601,BTC-USDT,115290.0,115290.01,0.05,0.350352
2025-07-25T07:48:31.627758,ETH-USDT,3618.1,3618.11,0.052,2.7845
2025-07-25T07:48:31.628083,XRP-USDT,3.06318,3.06331,378.0,378.0
2025-07-25T07:48:31.628972,LTC-USDT,111.24,111.26,59.2728,2.97
2025-07-25T07:48:31.730574,XRP-USDT,3.06318,3.06337,378.0,378.0
2025-07-25T07:48:31.730627,SOL-USDT,176.9577,177.0142,3.31,5.13
2025-07-25T07:48:31.730664,LTC-USDT,111.24,111.26,57.5728,2.97
2025-07-25T07:48:31.827439,BTC-USDT,115290.0,115290.01,0.059751,0.34478699999696416
2025-07-25T07:48:31.829264,LTC-USDT,111.24,111.25,62.3995,4.67
2025-07-25T07:48:31.927129,XRP-USDT,3.06336,3.06337,289.23,378.0
2025-07-25T07:48:31.928361,SOL-USDT,176.9577,177.0091,3.31,1.592
2025-07-25T07:48:32.027215,BTC-USDT,115290.0,115290.01,0.05,0.34478699999696416
2025-07-25T07:48:32.027269,XRP-USDT,3.06318,3.06336,378.0,13.85
2025-07-25T07:48:32.027742,SOL-USDT,176.9596,177.0088,5.13,5.13
2025-07-25T07:48:32.127989,ETH-USDT,3618.1,3618.11,0.0796,2.7845
2025-07-25T07:48:32.227679,XRP-USDT,3.06327,3.06336,281.63,13.85
2025-07-25T07:48:32.229167,SOL-USDT,176.9973,177.0088,1.505,5.13
2025-07-25T07:48:32.326849,XRP-USDT,3.06327,3.06336,659.63,13.85
2025-07-25T07:48:32.427935,XRP-USDT,3.06327,3.06332,281.63,378.0
2025-07-25T07:48:32.528777,BTC-USDT,115294.17,115294.18,0.278631,0.002207
2025-07-25T07:48:32.528864,XRP-USDT,3.06327,3.06332,281.63,378.0
2025-07-25T07:48:32.663134,BTC-USDT,115294.17,115294.18,0.278631,0.001959
2025-07-25T07:48:32.663188,XRP-USDT,3.06327,3.06331,659.63,13.85
2025-07-25T07:48:32.728136,ETH-USDT,3617.39,3617.96,3.618,2.7641
2025-07-25T07:48:32.728372,XRP-USDT,3.06327,3.06328,281.63,378.0
2025-07-25T07:48:32.729758,SOL-USDT,176.9973,176.9974,1.505,10.68
2025-07-25T07:48:32.828603,ETH-USDT,3616.85,3617.84,0.003,0.004
2025-07-25T07:48:32.828644,XRP-USDT,3.06327,3.06328,281.63,391.85
2025-07-25T07:48:32.927936,ETH-USDT,3617.04,3617.83,3.617,2.7644
2025-07-25T07:48:33.026436,ETH-USDT,3617.67,3617.68,0.0395,2.9679
2025-07-25T07:48:33.228512,LTC-USDT,111.24,111.25,57.5728,4.67
2025-07-25T07:48:33.331225,BTC-USDT,115294.17,115294.18,0.008672,0.094663
2025-07-25T07:48:33.331448,ETH-USDT,3616.86,3617.61,0.003,0.0392
2025-07-25T07:48:33.331710,XRP-USDT,3.06259,3.06299,214.0,378.0
2025-07-25T07:48:33.333148,SOL-USDT,176.9505,176.98,0.169,5.13
2025-07-25T07:48:33.333190,LTC-USDT,111.24,111.25,57.5728,4.8819
2025-07-25T07:48:33.428850,BTC-USDT,115290.17,115290.18,0.260208,0.100124
2025-07-25T07:48:33.428891,ETH-USDT,3616.86,3617.41,0.003,0.0364
2025-07-25T07:48:33.429099,XRP-USDT,3.06259,3.06306,592.0,378.0
2025-07-25T07:48:33.430948,LTC-USDT,111.24,111.25,50.9133,4.8819
2025-07-25T07:48:33.528159,BTC-USDT,115290.17,115290.18,0.26888,0.100248
2025-07-25T07:48:33.528501,ETH-USDT,3616.66,3617.4,0.003,2.7646
2025-07-25T07:48:33.528956,XRP-USDT,3.06259,3.06301,592.0,378.0
2025-07-25T07:48:33.530518,LTC-USDT,111.24,111.25,42.1169,4.8819
2025-07-25T07:48:33.629234,ETH-USDT,3617.18,3617.19,0.0648,2.7646
2025-07-25T07:48:33.629263,XRP-USDT,3.06292,3.06309,276.42,13.85
2025-07-25T07:48:33.629594,SOL-USDT,176.9799,176.98,1.531,5.13
2025-07-25T07:48:33.629631,LTC-USDT,111.2,111.23,2.97,2.97
2025-07-25T07:48:33.728192,XRP-USDT,3.06292,3.06306,276.42,378.0
2025-07-25T07:48:33.729749,LTC-USDT,111.2,111.23,2.97,2.97
2025-07-25T07:48:33.830630,ETH-USDT,3617.18,3617.19,0.0276,2.8029
2025-07-25T07:48:33.830684,XRP-USDT,3.06261,3.06305,378.0,13.85
2025-07-25T07:48:33.830722,LTC-USDT,111.18,111.23,2.97,2.97
2025-07-25T07:48:33.928071,BTC-USDT,115290.17,115290.18,0.263714,0.100248
2025-07-25T07:48:33.928113,XRP-USDT,3.06261,3.06292,378.0,378.0
2025-07-25T07:48:34.127873,BTC-USDT,115290.17,115290.18,0.008672,0.19788
2025-07-25T07:48:34.127926,XRP-USDT,3.06261,3.06291,378.0,163.0
2025-07-25T07:48:34.227709,XRP-USDT,3.06261,3.06278,378.0,378.0
2025-07-25T07:48:34.328696,BTC-USDT,115290.17,115290.18,0.008672,0.347619
2025-07-25T07:48:34.329054,ETH-USDT,3616.93,3617.19,0.0378,2.8029
2025-07-25T07:48:34.329102,XRP-USDT,3.06229,3.06266,380.99,378.0
2025-07-25T07:48:34.330839,SOL-USDT,176.9505,176.98,0.169,5.13
2025-07-25T07:48:34.429926,BTC-USDT,115290.17,115290.18,0.008672,0.399209
2025-07-25T07:48:34.430372,ETH-USDT,3616.72,3616.73,0.4,0.0622
2025-07-25T07:48:34.430574,XRP-USDT,3.06222,3.06235,5669.13,378.0
2025-07-25T07:48:34.528981,ETH-USDT,3616.72,3616.73,0.4,2.8633
2025-07-25T07:48:34.529255,XRP-USDT,3.06198,3.06247,378.0,378.0
2025-07-25T07:48:34.531363,SOL-USDT,176.9505,176.9636,0.169,5.13
2025-07-25T07:48:34.629716,BTC-USDT,115290.17,115290.18,0.000936,0.399209
2025-07-25T07:48:34.629942,XRP-USDT,3.06234,3.06258,291.6,378.0
2025-07-25T07:48:34.630839,SOL-USDT,176.9635,176.9636,1.442,5.13
2025-07-25T07:48:34.729284,XRP-USDT,3.06225,3.06258,749.4,378.0
2025-07-25T07:48:34.832984,BTC-USDT,115290.17,115290.18,0.000936,0.410419
2025-07-25T07:48:34.833249,ETH-USDT,3616.72,3616.73,0.4,4.7948
2025-07-25T07:48:34.833287,XRP-USDT,3.06225,3.06227,749.4,378.0
2025-07-25T07:48:34.929330,BTC-USDT,115285.09,115285.1,0.006601,0.317457
2025-07-25T07:48:34.930889,SOL-USDT,176.9505,176.9506,0.169,5.13
2025-07-25T07:48:34.931056,LTC-USDT,111.17,111.22,2.97,2.332
2025-07-25T07:48:35.030279,BTC-USDT,115285.09,115285.1,0.002755,0.467196
2025-07-25T07:48:35.030504,XRP-USDT,3.06225,3.06226,749.4,541.0
2025-07-25T07:48:35.031093,SOL-USDT,176.9423,176.9506,1.5,5.13
2025-07-25T07:48:35.031318,LTC-USDT,111.17,111.21,2.97,2.97
2025-07-25T07:48:35.130157,BTC-USDT,115285.0,115285.01,0.00021,0.465606
2025-07-25T07:48:35.130598,ETH-USDT,3616.72,3616.73,0.2454,5.6354
2025-07-25T07:48:35.130835,XRP-USDT,3.06171,3.06216,298.46,214.0
2025-07-25T07:48:35.133023,SOL-USDT,176.9505,176.9506,1.485,5.13
2025-07-25T07:48:35.228417,BTC-USDT,115285.0,115285.01,0.002965,0.476816
2025-07-25T07:48:35.228467,ETH-USDT,3616.72,3616.73,0.2454,0.4967
2025-07-25T07:48:35.228661,XRP-USDT,3.06171,3.06206,676.46,378.0
2025-07-25T07:48:35.230305,LTC-USDT,111.18,111.23,2.97,2.97
2025-07-25T07:48:35.327647,XRP-USDT,3.06171,3.06205,676.46,13.85
2025-07-25T07:48:35.427319,BTC-USDT,115285.0,115285.01,0.002965,0.528406
2025-07-25T07:48:35.427382,XRP-USDT,3.06171,3.062,676.46,378.0
2025-07-25T07:48:35.527367,XRP-USDT,3.06171,3.06199,676.46,378.0
2025-07-25T07:48:35.628082,ETH-USDT,3616.72,3616.73,0.2454,0.5174
2025-07-25T07:48:35.628139,XRP-USDT,3.06182,3.06198,655.45,13.85
2025-07-25T07:48:35.727199,BTC-USDT,115278.84,115278.85,0.004198,0.259556
2025-07-25T07:48:35.727249,ETH-USDT,3616.36,3616.37,0.0117,3.0066
2025-07-25T07:48:35.729174,LTC-USDT,111.18,111.22,2.97,2.97
2025-07-25T07:48:35.827581,BTC-USDT,115278.84,115278.85,0.001443,0.2706759912872136
2025-07-25T07:48:35.827620,LTC-USDT,111.18,111.25,2.97,2.332
2025-07-25T07:48:35.927656,XRP-USDT,3.06182,3.06194,277.45,378.0
2025-07-25T07:48:35.928430,LTC-USDT,111.18,111.23,2.97,2.97
2025-07-25T07:48:36.027608,XRP-USDT,3.06151,3.06196,378.0,163.0
2025-07-25T07:48:36.128091,XRP-USDT,3.06151,3.06191,378.0,163.0
2025-07-25T07:48:36.229944,XRP-USDT,3.0619,3.06191,671.47,163.0
2025-07-25T07:48:36.327277,XRP-USDT,3.0619,3.06191,671.47,176.85
2025-07-25T07:48:36.427491,BTC-USDT,115278.84,115278.85,0.001443,0.5259759912872136
2025-07-25T07:48:36.427663,XRP-USDT,3.0619,3.06191,378.0,176.85
2025-07-25T07:48:36.727422,ETH-USDT,3616.36,3616.37,0.0117,3.0273
2025-07-25T07:48:37.227946,XRP-USDT,3.0619,3.06191,1097.42,176.85
2025-07-25T07:48:37.327949,BTC-USDT,115278.84,115278.85,0.26168,0.5259759912872136
2025-07-25T07:48:37.328055,ETH-USDT,3616.36,3616.37,0.0117,3.0275
2025-07-25T07:48:37.328754,SOL-USDT,176.9505,176.9638,1.485,5.527
2025-07-25T07:48:37.427209,BTC-USDT,115278.84,115278.85,0.001443,0.5259759912872136
2025-07-25T07:48:37.427256,XRP-USDT,3.0619,3.06191,1836.88,176.85
2025-07-25T07:48:37.427890,SOL-USDT,176.9582,176.9637,1.59,8.5
2025-07-25T07:48:37.427926,LTC-USDT,111.18,111.22,2.97,2.97
2025-07-25T07:48:37.527243,XRP-USDT,3.0619,3.06191,2111.02,176.85
2025-07-25T07:48:37.527574,SOL-USDT,176.9582,176.9635,1.59,5.13
2025-07-25T07:48:38.228426,BTC-USDT,115278.84,115278.85,0.001443,0.27534099128721357
2025-07-25T07:48:38.228597,ETH-USDT,3616.36,3616.37,0.0117,2.8237
2025-07-25T07:48:38.229507,SOL-USDT,176.9582,176.9638,1.59,5.527
2025-07-25T07:48:38.331363,SOL-USDT,176.9582,176.9634,1.59,5.13
2025-07-25T07:48:38.428647,BTC-USDT,115278.84,115278.85,0.26168,0.27534099128721357
2025-07-25T07:48:38.428704,ETH-USDT,3616.36,3616.37,2.7769,2.8237
2025-07-25T07:48:38.528296,ETH-USDT,3616.36,3616.37,2.7769,0.0585
2025-07-25T07:48:38.528343,XRP-USDT,3.0619,3.06191,652.14,176.85
2025-07-25T07:48:38.627901,XRP-USDT,3.0619,3.06191,1325.3,176.85
2025-07-25T07:48:38.628711,LTC-USDT,111.18,111.24,2.97,2.97
2025-07-25T07:48:38.727442,ETH-USDT,3616.36,3616.37,0.0117,2.8237
2025-07-25T07:48:38.829335,LTC-USDT,111.18,111.24,2.97,2.97
2025-07-25T07:48:38.928129,XRP-USDT,3.0619,3.06191,2010.58,176.85
2025-07-25T07:48:38.928693,LTC-USDT,111.2,111.23,2.97,2.97
2025-07-25T07:48:39.426693,ETH-USDT,3616.36,3616.37,2.7769,0.0585
2025-07-25T07:48:39.428255,LTC-USDT,111.2,111.22,2.97,3.1819
2025-07-25T07:48:39.527500,ETH-USDT,3616.36,3616.37,2.7769,2.8237
2025-07-25T07:48:39.627054,ETH-USDT,3616.36,3616.37,0.0117,2.8237
2025-07-25T07:48:39.628480,LTC-USDT,111.18,111.22,2.97,3.1819
2025-07-25T07:48:39.727960,BTC-USDT,115278.84,115278.85,0.001443,0.27534099128721357
2025-07-25T07:48:39.728008,ETH-USDT,3615.45,3616.0,0.3,0.0384
2025-07-25T07:48:39.729590,LTC-USDT,111.18,111.22,2.97,0.2119
2025-07-25T07:48:39.828121,ETH-USDT,3616.07,3616.65,0.3277,0.004
2025-07-25T07:48:39.829024,LTC-USDT,111.18,111.22,2.97,3.1819
2025-07-25T07:48:39.927343,BTC-USDT,115278.84,115278.85,0.26168,0.27534099128721357
2025-07-25T07:48:39.927397,ETH-USDT,3615.99,3616.51,0.052,0.0022
2025-07-25T07:48:40.069340,ETH-USDT,3615.99,3616.48,0.052,2.7652
2025-07-25T07:48:40.127220,BTC-USDT,115278.84,115278.85,0.008673,0.2750929912872136
2025-07-25T07:48:40.127271,ETH-USDT,3616.16,3616.17,0.052,2.8015
2025-07-25T07:48:40.127307,XRP-USDT,3.0619,3.06191,2807.49,176.85
2025-07-25T07:48:40.228102,BTC-USDT,115278.84,115278.85,0.008673,0.36442
2025-07-25T07:48:40.228165,ETH-USDT,3616.16,3616.5,0.052,2.7858
2025-07-25T07:48:40.228354,XRP-USDT,3.06196,3.06347,214.0,378.0
2025-07-25T07:48:40.230426,SOL-USDT,176.9632,176.9637,1.485,8.5
2025-07-25T07:48:40.230673,LTC-USDT,111.18,111.24,2.97,2.97
2025-07-25T07:48:40.328135,ETH-USDT,3616.49,3616.78,0.3277,0.0043
2025-07-25T07:48:40.328180,XRP-USDT,3.06234,3.06282,657.65,163.0
2025-07-25T07:48:40.328985,SOL-USDT,176.9682,176.9849,1.588,5.527
2025-07-25T07:48:40.427026,ETH-USDT,3616.49,3616.5,3.1448,0.0391
2025-07-25T07:48:40.427295,XRP-USDT,3.06245,3.06282,657.99,163.0
2025-07-25T07:48:40.427831,SOL-USDT,176.9682,176.9846,1.588,5.13
2025-07-25T07:48:40.526845,BTC-USDT,115278.84,115278.85,0.26891,0.36442
2025-07-25T07:48:40.527107,XRP-USDT,3.06245,3.06264,657.99,163.0
2025-07-25T07:48:40.527528,SOL-USDT,176.9682,176.9773,1.588,1.492
2025-07-25T07:48:40.627016,BTC-USDT,115278.84,115278.85,0.26891,0.36433
2025-07-25T07:48:40.627257,ETH-USDT,3616.49,3616.5,2.8171,0.0391
2025-07-25T07:48:40.728983,BTC-USDT,115278.84,115278.85,0.26891,0.09791
2025-07-25T07:48:40.729032,ETH-USDT,3616.77,3617.61,0.3277,0.0021
2025-07-25T07:48:40.729068,XRP-USDT,3.06252,3.06262,296.57,163.0
2025-07-25T07:48:40.729830,SOL-USDT,176.9468,176.992,5.13,3.31
2025-07-25T07:48:40.828100,BTC-USDT,115275.0,115275.01,0.270208,0.008673
2025-07-25T07:48:40.829346,ETH-USDT,3616.5,3617.54,0.038,0.4424
2025-07-25T07:48:40.829451,XRP-USDT,3.06261,3.06262,877.99,163.0
2025-07-25T07:48:40.829896,SOL-USDT,176.9389,176.9886,5.13,5.13
2025-07-25T07:48:40.929643,ETH-USDT,3616.53,3616.75,0.003,0.039
2025-07-25T07:48:40.929842,XRP-USDT,3.06191,3.06318,2.99,163.0
2025-07-25T07:48:40.930430,LTC-USDT,111.18,111.24,2.97,2.97
2025-07-25T07:48:41.027887,ETH-USDT,3616.74,3616.75,0.3277,2.8038
2025-07-25T07:48:41.027944,XRP-USDT,3.06297,3.06318,675.28,163.0
2025-07-25T07:48:41.028972,SOL-USDT,176.9862,176.9886,1.53,5.13
2025-07-25T07:48:41.227226,ETH-USDT,3616.5,3616.75,0.038,2.8038
2025-07-25T07:48:41.227274,XRP-USDT,3.06297,3.06311,675.28,378.0
2025-07-25T07:48:41.328882,XRP-USDT,3.06297,3.06306,297.28,378.0
2025-07-25T07:48:41.428013,ETH-USDT,3616.5,3616.51,0.038,2.9688
2025-07-25T07:48:41.428056,XRP-USDT,3.06266,3.06284,378.0,378.0
2025-07-25T07:48:41.527595,ETH-USDT,3616.5,3616.51,0.038,2.765
2025-07-25T07:48:41.527654,XRP-USDT,3.06266,3.06316,378.0,163.0
2025-07-25T07:48:41.627089,XRP-USDT,3.06266,3.06293,378.0,163.0
2025-07-25T07:48:41.733824,ETH-USDT,3615.96,3616.5,0.003,0.0022
2025-07-25T07:48:41.734037,XRP-USDT,3.062,3.06298,214.0,284.91
2025-07-25T07:48:41.735229,SOL-USDT,176.9383,176.971,0.169,5.13
2025-07-25T07:48:41.829021,ETH-USDT,3615.71,3616.3,0.003,0.0018
2025-07-25T07:48:41.829067,XRP-USDT,3.06272,3.06284,378.0,541.0
2025-07-25T07:48:41.927054,ETH-USDT,3616.12,3616.13,0.037,2.9691
2025-07-25T07:48:41.927098,XRP-USDT,3.06241,3.06278,378.0,378.0
2025-07-25T07:48:41.928466,SOL-USDT,176.9709,176.971,1.574,5.13
2025-07-25T07:48:42.027125,ETH-USDT,3616.12,3616.13,0.037,2.7653
2025-07-25T07:48:42.028381,SOL-USDT,176.9709,176.971,1.574,15.622
2025-07-25T07:48:42.126916,XRP-USDT,3.06268,3.06288,675.59,378.0
2025-07-25T07:48:42.226721,ETH-USDT,3616.12,3616.24,0.037,2.8018
2025-07-25T07:48:42.226820,XRP-USDT,3.06268,3.06282,675.59,163.0
2025-07-25T07:48:42.327466,ETH-USDT,3616.12,3616.13,2.8023,2.7653
2025-07-25T07:48:42.327506,XRP-USDT,3.06276,3.06282,654.32,163.0
2025-07-25T07:48:42.329602,SOL-USDT,176.9709,176.971,1.574,10.492
2025-07-25T07:48:42.329837,LTC-USDT,111.2,111.22,2.97,2.97
2025-07-25T07:48:42.427128,ETH-USDT,3616.23,3616.24,3.145,0.0365
2025-07-25T07:48:42.427183,XRP-USDT,3.06281,3.06282,658.64,163.0
2025-07-25T07:48:42.575329,XRP-USDT,3.06281,3.06282,1377.74,163.0
2025-07-25T07:48:42.576919,LTC-USDT,111.18,111.22,2.97,2.97
2025-07-25T07:48:42.626010,BTC-USDT,115275.0,115275.01,0.00021,0.361829
2025-07-25T07:48:42.626309,ETH-USDT,3616.23,3616.83,3.145,2.7653
2025-07-25T07:48:42.626348,XRP-USDT,3.06281,3.06282,1377.74,176.85
2025-07-25T07:48:42.727649,ETH-USDT,3616.23,3616.8,0.052,0.7585
2025-07-25T07:48:42.727839,XRP-USDT,3.06281,3.06282,719.1,554.85
2025-07-25T07:48:42.827479,ETH-USDT,3616.23,3616.24,0.052,2.786
2025-07-25T07:48:42.827705,XRP-USDT,3.06281,3.06282,719.1,176.85
2025-07-25T07:48:42.926530,XRP-USDT,3.06281,3.06282,719.1,554.85
2025-07-25T07:48:43.027309,XRP-USDT,3.06281,3.06282,719.1,176.85
2025-07-25T07:48:43.126733,BTC-USDT,115275.0,115275.01,0.00021,0.008921
2025-07-25T07:48:43.127385,XRP-USDT,3.06271,3.06277,284.95,378.0
2025-07-25T07:48:43.227095,BTC-USDT,115275.0,115275.01,0.00021,0.264129
2025-07-25T07:48:43.227146,XRP-USDT,3.06271,3.06279,662.95,163.0
2025-07-25T07:48:43.228283,SOL-USDT,176.982,176.9886,1.559,8.44
2025-07-25T07:48:43.328055,ETH-USDT,3616.23,3616.24,0.0796,2.786
2025-07-25T07:48:43.329439,SOL-USDT,176.982,176.9886,1.559,5.13
2025-07-25T07:48:43.428205,XRP-USDT,3.06271,3.06278,284.95,378.0
2025-07-25T07:48:43.527710,XRP-USDT,3.06271,3.06279,284.95,176.85
2025-07-25T07:48:43.626992,ETH-USDT,3616.23,3616.24,2.8449,0.0207
2025-07-25T07:48:43.727298,ETH-USDT,3616.23,3616.24,0.0796,2.786
2025-07-25T07:48:43.727349,XRP-USDT,3.06271,3.06277,284.95,391.85
2025-07-25T07:48:43.828874,BTC-USDT,115275.0,115275.01,0.00021,0.008921
2025-07-25T07:48:43.829169,XRP-USDT,3.06271,3.06278,284.95,163.0
2025-07-25T07:48:43.829682,LTC-USDT,111.2,111.22,2.97,2.97
2025-07-25T07:48:43.927335,BTC-USDT,115275.0,115275.01,0.00021,0.264101
2025-07-25T07:48:43.927544,ETH-USDT,3616.23,3616.24,2.8449,0.0207
2025-07-25T07:48:43.927698,XRP-USDT,3.06271,3.06277,284.95,13.85
2025-07-25T07:48:43.928216,SOL-USDT,176.982,176.989,1.559,5.527
2025-07-25T07:48:43.928368,LTC-USDT,111.18,111.22,2.97,2.97
2025-07-25T07:48:44.027372,BTC-USDT,115275.0,115275.01,0.00021,0.564987
2025-07-25T07:48:44.027739,ETH-USDT,3616.23,3616.24,0.0796,2.786
2025-07-25T07:48:44.027968,XRP-USDT,3.062,3.06272,592.0,554.85
2025-07-25T07:48:44.028594,SOL-USDT,176.982,176.9889,1.559,5.13
2025-07-25T07:48:44.128145,ETH-USDT,3616.23,3616.24,0.0796,0.0207
2025-07-25T07:48:44.128355,XRP-USDT,3.062,3.06271,592.0,13.85
2025-07-25T07:48:44.226597,BTC-USDT,115275.0,115275.01,0.00021,0.309807
2025-07-25T07:48:44.226864,ETH-USDT,3616.23,3616.24,0.0796,2.786
2025-07-25T07:48:44.227021,XRP-USDT,3.062,3.06265,592.0,378.0
2025-07-25T07:48:44.227241,LTC-USDT,111.18,111.22,2.97,2.97
2025-07-25T07:48:44.327063,BTC-USDT,115275.0,115275.01,0.00021,0.564905
2025-07-25T07:48:44.327243,XRP-USDT,3.062,3.0622,378.0,378.0
2025-07-25T07:48:44.327678,LTC-USDT,111.18,111.2,2.97,2.97
2025-07-25T07:48:44.428065,XRP-USDT,3.062,3.06214,378.0,13.85
2025-07-25T07:48:44.528125,XRP-USDT,3.06213,3.06214,674.85,13.85
2025-07-25T07:48:44.530320,LTC-USDT,111.17,111.2,2.97,2.97
2025-07-25T07:48:44.626962,XRP-USDT,3.06213,3.06214,296.85,13.85
2025-07-25T07:48:44.730275,ETH-USDT,3616.23,3616.24,0.052,2.786
2025-07-25T07:48:44.730497,XRP-USDT,3.06162,3.06198,592.0,378.0
2025-07-25T07:48:44.831472,ETH-USDT,3615.29,3615.81,0.0115,2.9694
2025-07-25T07:48:44.831693,XRP-USDT,3.06152,3.06187,378.0,378.0
2025-07-25T07:48:44.832743,SOL-USDT,176.9194,176.9702,0.169,5.13
2025-07-25T07:48:44.832964,LTC-USDT,111.16,111.2,2.97,2.97
2025-07-25T07:48:44.928355,ETH-USDT,3615.29,3615.8,0.0115,0.0022
2025-07-25T07:48:44.928536,XRP-USDT,3.06152,3.06167,378.0,13.85
2025-07-25T07:48:45.036676,XRP-USDT,3.06078,3.06167,592.0,378.0
2025-07-25T07:48:45.037537,SOL-USDT,176.9198,176.9702,5.13,5.13
2025-07-25T07:48:45.127185,ETH-USDT,3615.82,3615.83,0.3277,2.8042
2025-07-25T07:48:45.127481,XRP-USDT,3.06126,3.06164,378.0,378.0
2025-07-25T07:48:45.127921,SOL-USDT,176.9701,176.9702,1.598,15.58
2025-07-25T07:48:45.227774,XRP-USDT,3.06104,3.0616,214.0,378.0
2025-07-25T07:48:45.327254,ETH-USDT,3615.82,3615.83,0.3277,2.8249
2025-07-25T07:48:45.327620,XRP-USDT,3.06104,3.0616,592.0,378.0
2025-07-25T07:48:45.426930,ETH-USDT,3615.63,3615.83,0.0397,2.8042
2025-07-25T07:48:45.526641,ETH-USDT,3615.82,3615.83,0.3277,2.8042
2025-07-25T07:48:45.526893,XRP-USDT,3.06134,3.0616,673.75,378.0
2025-07-25T07:48:45.627213,ETH-USDT,3615.63,3615.83,0.0397,2.8042
2025-07-25T07:48:45.726973,ETH-USDT,3615.82,3615.83,0.3277,2.8042
2025-07-25T07:48:45.727255,XRP-USDT,3.06134,3.0617,673.75,163.0
2025-07-25T07:48:45.827141,ETH-USDT,3615.29,3615.64,0.0115,0.2038
2025-07-25T07:48:45.827194,XRP-USDT,3.06134,3.06163,673.75,378.0
2025-07-25T07:48:45.829524,LTC-USDT,111.16,111.19,2.97,2.97
2025-07-25T07:48:45.927383,ETH-USDT,3615.3,3615.63,0.04,2.7658
2025-07-25T07:48:45.927584,LTC-USDT,111.16,111.19,2.97,2.97
2025-07-25T07:48:46.027106,ETH-USDT,3615.62,3615.63,0.3277,2.7658
2025-07-25T07:48:46.128083,LTC-USDT,111.16,111.19,2.97,2.97
2025-07-25T07:48:46.226771,ETH-USDT,3615.73,3615.74,3.0933,0.0394
2025-07-25T07:48:46.227031,XRP-USDT,3.06145,3.06172,282.05,163.0
2025-07-25T07:48:46.327562,ETH-USDT,3615.73,3615.74,3.0933,0.0601
2025-07-25T07:48:46.327971,XRP-USDT,3.06166,3.06167,671.84,163.0
2025-07-25T07:48:46.329534,SOL-USDT,176.9701,176.9702,1.598,10.45
2025-07-25T07:48:46.427501,ETH-USDT,3615.73,3615.74,3.0933,0.0207
2025-07-25T07:48:46.626966,ETH-USDT,3615.73,3615.74,3.1453,0.0207
2025-07-25T07:48:46.627148,XRP-USDT,3.06166,3.06167,1373.69,176.85
2025-07-25T07:48:46.727027,ETH-USDT,3615.73,3615.74,0.3797,0.0207
2025-07-25T07:48:46.727080,XRP-USDT,3.06166,3.06167,995.69,176.85
2025-07-25T07:48:46.827107,BTC-USDT,115275.0,115275.01,0.00021,0.5641599751849946
2025-07-25T07:48:46.827177,ETH-USDT,3615.73,3615.74,3.1453,0.0207
2025-07-25T07:48:46.827522,XRP-USDT,3.06166,3.06167,701.85,176.85
2025-07-25T07:48:46.927079,XRP-USDT,3.06166,3.06167,701.85,176.85
2025-07-25T07:48:47.027330,ETH-USDT,3615.73,3615.74,2.8176,0.0207
2025-07-25T07:48:47.027630,XRP-USDT,3.06166,3.06167,701.85,541.0
2025-07-25T07:48:47.126866,ETH-USDT,3615.73,3615.74,0.052,0.0207
2025-07-25T07:48:47.226743,ETH-USDT,3615.73,3615.74,0.052,2.7863
2025-07-25T07:48:47.227753,LTC-USDT,111.17,111.19,2.97,2.97
2025-07-25T07:48:47.328875,LTC-USDT,111.16,111.18,2.97,4.67
2025-07-25T07:48:47.428001,ETH-USDT,3615.73,3615.74,0.0796,2.7863
2025-07-25T07:48:47.428047,LTC-USDT,111.16,111.18,2.97,1.7
2025-07-25T07:48:47.527035,ETH-USDT,3615.73,3615.74,2.8452,0.0207
2025-07-25T07:48:47.627460,ETH-USDT,3615.73,3615.74,2.7725,0.0207
2025-07-25T07:48:47.627747,XRP-USDT,3.06166,3.06167,701.85,163.0
2025-07-25T07:48:47.726451,ETH-USDT,3615.73,3615.74,2.8245,0.0207
2025-07-25T07:48:47.726747,XRP-USDT,3.06166,3.06167,701.85,554.85
2025-07-25T07:48:47.826696,LTC-USDT,111.16,111.18,2.97,1.7
2025-07-25T07:48:48.026838,XRP-USDT,3.06166,3.06167,701.85,176.85
2025-07-25T07:48:48.027937,LTC-USDT,111.16,111.18,2.97,4.67
2025-07-25T07:48:48.126952,LTC-USDT,111.16,111.18,2.97,1.7
2025-07-25T07:48:48.331305,BTC-USDT,115275.0,115275.01,0.00021,0.41442097518499454
2025-07-25T07:48:48.426775,ETH-USDT,3615.73,3615.74,2.8641,0.0207
2025-07-25T07:48:48.427018,XRP-USDT,3.06166,3.06167,979.2,176.85
2025-07-25T07:48:48.527280,XRP-USDT,3.06166,3.06167,655.35,176.85
2025-07-25T07:48:48.627613,XRP-USDT,3.06135,3.06167,378.0,176.85
2025-07-25T07:48:48.727202,XRP-USDT,3.06135,3.06166,378.0,541.0
2025-07-25T07:48:48.828417,XRP-USDT,3.06156,3.06162,282.6,13.85
2025-07-25T07:48:48.927411,ETH-USDT,3615.99,3616.0,3.0932,0.0376
2025-07-25T07:48:48.927711,XRP-USDT,3.06156,3.06158,282.6,378.0
2025-07-25T07:48:49.027363,XRP-USDT,3.06156,3.06166,282.6,163.0
2025-07-25T07:48:49.127266,XRP-USDT,3.06156,3.06164,282.6,378.0
2025-07-25T07:48:49.227478,ETH-USDT,3615.99,3616.0,3.0931,2.803
2025-07-25T07:48:49.427017,ETH-USDT,3615.99,3616.0,0.3277,2.8237
2025-07-25T07:48:49.528246,ETH-USDT,3615.99,3616.0,0.3277,2.803
2025-07-25T07:48:49.528524,XRP-USDT,3.06104,3.06175,592.0,286.73
2025-07-25T07:48:49.530709,SOL-USDT,176.9194,176.9582,0.169,5.13
2025-07-25T07:48:49.530746,LTC-USDT,111.16,111.18,2.97,4.67
2025-07-25T07:48:49.629152,ETH-USDT,3615.86,3615.87,0.0394,2.9693
2025-07-25T07:48:49.629368,XRP-USDT,3.06104,3.06145,592.0,378.0
2025-07-25T07:48:49.631532,SOL-USDT,176.9194,176.9503,0.169,5.13
2025-07-25T07:48:49.728001,ETH-USDT,3615.29,3615.78,0.0115,0.0392
2025-07-25T07:48:49.728048,XRP-USDT,3.06104,3.06131,592.0,378.0
2025-07-25T07:48:49.728637,LTC-USDT,111.16,111.17,2.97,2.97
2025-07-25T07:48:49.827055,BTC-USDT,115275.0,115275.01,0.00021,0.5640699721869467
2025-07-25T07:48:49.827401,ETH-USDT,3615.29,3615.77,0.0115,2.7658
2025-07-25T07:48:49.827437,XRP-USDT,3.06079,3.06165,592.0,289.76
2025-07-25T07:48:49.828137,SOL-USDT,176.9452,176.9503,1.574,5.13
2025-07-25T07:48:49.828337,LTC-USDT,111.15,111.17,3.1876,2.97
2025-07-25T07:48:49.927956,ETH-USDT,3615.58,3615.59,0.3277,2.7658
2025-07-25T07:48:49.928268,XRP-USDT,3.06132,3.06133,295.05,391.85
2025-07-25T07:48:49.930467,LTC-USDT,111.15,111.2,3.1876,2.97
2025-07-25T07:48:50.030727,LTC-USDT,111.16,111.2,2.97,2.97
2025-07-25T07:48:50.142179,ETH-USDT,3615.59,3616.45,0.3277,2.7654
2025-07-25T07:48:50.142465,XRP-USDT,3.06079,3.06131,592.0,378.0
2025-07-25T07:48:50.228153,ETH-USDT,3615.59,3616.35,0.3277,2.7655
2025-07-25T07:48:50.228351,XRP-USDT,3.06079,3.06152,592.0,378.0
2025-07-25T07:48:50.229875,SOL-USDT,176.9452,176.9533,1.574,5.527
2025-07-25T07:48:50.328472,BTC-USDT,115275.0,115275.01,0.00021,0.4143309721869467
2025-07-25T07:48:50.328833,ETH-USDT,3615.69,3615.7,3.1454,0.0371
2025-07-25T07:48:50.328891,XRP-USDT,3.06135,3.06149,665.4,163.0
2025-07-25T07:48:50.329429,SOL-USDT,176.9452,176.9559,1.574,1.591
2025-07-25T07:48:50.427507,XRP-USDT,3.06135,3.06143,665.4,61.0
2025-07-25T07:48:50.527394,ETH-USDT,3615.69,3615.7,3.1454,0.0785
2025-07-25T07:48:50.527447,XRP-USDT,3.06135,3.0614,287.4,378.0
2025-07-25T07:48:50.628050,XRP-USDT,3.06135,3.06141,665.4,13.85
2025-07-25T07:48:50.727449,XRP-USDT,3.06135,3.06143,665.4,61.0
2025-07-25T07:48:50.827838,XRP-USDT,3.06142,3.06143,651.61,61.0
2025-07-25T07:48:50.927717,ETH-USDT,3615.69,3615.7,3.184,0.0414
2025-07-25T07:48:50.928176,SOL-USDT,176.9575,176.9878,1.571,3.31
2025-07-25T07:48:50.928429,LTC-USDT,111.16,111.19,2.97,0.2119
2025-07-25T07:48:51.027840,XRP-USDT,3.06142,3.06143,1332.39,61.0
2025-07-25T07:48:51.031220,SOL-USDT,176.9729,176.9958,1.552,1.412
2025-07-25T07:48:51.031532,LTC-USDT,111.16,111.19,2.97,3.1819
2025-07-25T07:48:51.127168,ETH-USDT,3616.13,3616.63,0.3277,0.0018
2025-07-25T07:48:51.127981,SOL-USDT,176.9729,176.9957,1.552,8.5
2025-07-25T07:48:51.128209,LTC-USDT,111.16,111.19,2.97,0.2119
2025-07-25T07:48:51.228170,ETH-USDT,3616.19,3616.2,3.093,0.0372
2025-07-25T07:48:51.228392,XRP-USDT,3.06171,3.06215,650.74,163.0
2025-07-25T07:48:51.229738,SOL-USDT,176.9729,176.9851,1.552,1.539
2025-07-25T07:48:51.327974,XRP-USDT,3.06174,3.06191,378.0,163.0
2025-07-25T07:48:51.328619,SOL-USDT,176.9314,176.9851,3.31,1.539
2025-07-25T07:48:51.429525,ETH-USDT,3616.47,3616.48,3.0928,0.0414
2025-07-25T07:48:51.429889,XRP-USDT,3.06199,3.06216,274.25,294.79
2025-07-25T07:48:51.431409,SOL-USDT,176.9958,177.0226,1.588,3.31
2025-07-25T07:48:51.431699,LTC-USDT,111.17,111.24,2.97,2.97
2025-07-25T07:48:51.528733,ETH-USDT,3616.75,3616.76,3.0927,0.0041
2025-07-25T07:48:51.528991,XRP-USDT,3.06244,3.06255,378.0,163.0
2025-07-25T07:48:51.530232,SOL-USDT,177.0037,177.0257,1.562,8.5
2025-07-25T07:48:51.530378,LTC-USDT,111.19,111.23,2.97,2.97
2025-07-25T07:48:51.629232,ETH-USDT,3616.79,3616.8,3.0925,0.0361
2025-07-25T07:48:51.629566,XRP-USDT,3.06248,3.06255,378.0,163.0
2025-07-25T07:48:51.631598,SOL-USDT,177.0091,177.0183,1.586,1.451
2025-07-25T07:48:51.631636,LTC-USDT,111.19,111.25,2.97,2.97
2025-07-25T07:48:51.728769,ETH-USDT,3616.79,3616.8,0.3797,0.0361
2025-07-25T07:48:51.728831,XRP-USDT,3.06272,3.06295,664.34,378.0
2025-07-25T07:48:51.731097,SOL-USDT,177.0205,177.0411,1.481,3.31
2025-07-25T07:48:51.731143,LTC-USDT,111.22,111.26,2.97,2.97
2025-07-25T07:48:51.830537,ETH-USDT,3616.79,3617.26,3.1445,0.0132
2025-07-25T07:48:51.830591,XRP-USDT,3.06272,3.06284,664.34,163.0
2025-07-25T07:48:51.831430,SOL-USDT,177.025,177.0411,1.528,3.31
2025-07-25T07:48:51.831590,LTC-USDT,111.23,111.26,2.97,2.97
2025-07-25T07:48:51.928591,ETH-USDT,3616.81,3617.5,2.7646,0.7585
2025-07-25T07:48:51.928958,XRP-USDT,3.06272,3.06284,378.0,163.0
2025-07-25T07:48:51.930496,LTC-USDT,111.2,111.27,21.47,2.97
2025-07-25T07:48:52.028232,ETH-USDT,3616.83,3617.57,2.7646,0.0014
2025-07-25T07:48:52.028273,XRP-USDT,3.06272,3.06282,378.0,163.0
2025-07-25T07:48:52.029625,SOL-USDT,177.025,177.0369,1.528,1.545
2025-07-25T07:48:52.029864,LTC-USDT,111.23,111.27,2.332,2.97
2025-07-25T07:48:52.127829,ETH-USDT,3616.82,3616.83,0.003,0.0389
2025-07-25T07:48:52.128045,XRP-USDT,3.06165,3.06275,500.0,378.0
2025-07-25T07:48:52.128858,SOL-USDT,177.025,177.0323,1.528,6.671
2025-07-25T07:48:52.128894,LTC-USDT,111.24,111.27,2.97,2.97
2025-07-25T07:48:52.228041,ETH-USDT,3616.82,3616.83,0.055,2.8037
2025-07-25T07:48:52.228247,XRP-USDT,3.06178,3.06253,592.0,378.0
2025-07-25T07:48:52.229661,SOL-USDT,177.025,177.0319,1.528,5.13
2025-07-25T07:48:52.229696,LTC-USDT,111.24,111.27,2.97,2.97
2025-07-25T07:48:52.327579,XRP-USDT,3.06178,3.06248,592.0,163.0
2025-07-25T07:48:52.427124,XRP-USDT,3.0624,3.06248,669.75,163.0
2025-07-25T07:48:52.575489,ETH-USDT,3616.82,3616.83,2.8168,2.8037
2025-07-25T07:48:52.575671,XRP-USDT,3.06247,3.06248,666.78,176.85
2025-07-25T07:48:52.575924,SOL-USDT,177.0318,177.0411,1.529,3.31
2025-07-25T07:48:52.626982,XRP-USDT,3.06247,3.06248,666.78,13.85
2025-07-25T07:48:52.627473,SOL-USDT,177.0318,177.0457,1.529,3.19
2025-07-25T07:48:52.727297,XRP-USDT,3.06247,3.06248,1346.32,13.85
2025-07-25T07:48:52.827609,ETH-USDT,3616.82,3616.83,0.052,2.8037
2025-07-25T07:48:52.829707,SOL-USDT,177.0318,177.0406,1.529,1.556
2025-07-25T07:48:52.929977,SOL-USDT,177.0318,177.0396,1.529,5.13
2025-07-25T07:48:53.026890,BTC-USDT,115275.0,115275.01,0.00021,0.5640699721869467
2025-07-25T07:48:53.027103,ETH-USDT,3616.82,3616.83,0.0796,2.8451
2025-07-25T07:48:53.327411,XRP-USDT,3.06265,3.06285,592.0,163.0
2025-07-25T07:48:53.427776,XRP-USDT,3.06271,3.06285,592.0,163.0
2025-07-25T07:48:53.428387,SOL-USDT,177.0318,177.0406,1.529,1.556
2025-07-25T07:48:53.527516,ETH-USDT,3616.82,3616.83,0.0796,0.0803
2025-07-25T07:48:53.528264,XRP-USDT,3.06271,3.06301,592.0,291.48
2025-07-25T07:48:53.627980,ETH-USDT,3616.82,3616.83,2.8444,0.0803
2025-07-25T07:48:53.628034,XRP-USDT,3.06281,3.06305,290.02,163.0
2025-07-25T07:48:53.727940,ETH-USDT,3616.82,3616.83,2.8444,2.8451
2025-07-25T07:48:53.727991,XRP-USDT,3.06281,3.063,668.02,378.0
2025-07-25T07:48:53.826569,XRP-USDT,3.06281,3.06299,668.02,163.0
2025-07-25T07:48:53.928540,XRP-USDT,3.06281,3.06294,668.02,13.85
2025-07-25T07:48:53.929734,LTC-USDT,111.24,111.29,2.97,2.97
2025-07-25T07:48:54.027497,ETH-USDT,3616.82,3616.87,2.8168,0.0414
2025-07-25T07:48:54.027776,XRP-USDT,3.06281,3.06293,668.02,163.0
2025-07-25T07:48:54.028725,LTC-USDT,111.26,111.29,2.97,2.97
2025-07-25T07:48:54.127421,ETH-USDT,3616.86,3616.87,3.0925,0.0414
2025-07-25T07:48:54.128141,LTC-USDT,111.26,111.3,2.97,2.97
2025-07-25T07:48:54.227102,XRP-USDT,3.06281,3.06285,668.02,13.85
2025-07-25T07:48:54.228287,SOL-USDT,177.0387,177.0457,1.475,3.19
2025-07-25T07:48:54.327997,XRP-USDT,3.06284,3.06285,659.38,13.85
2025-07-25T07:48:54.328516,SOL-USDT,177.0446,177.0457,1.5,3.19
2025-07-25T07:48:54.428081,ETH-USDT,3616.89,3617.53,0.003,0.0022
2025-07-25T07:48:54.527501,ETH-USDT,3616.89,3617.09,0.003,0.0366
2025-07-25T07:48:54.528217,SOL-USDT,177.0456,177.0457,1.526,3.19
2025-07-25T07:48:54.627419,ETH-USDT,3617.18,3617.19,3.0922,0.0377
2025-07-25T07:48:54.726859,BTC-USDT,115275.0,115275.01,0.00021,0.5639799721869467
2025-07-25T07:48:54.827717,ETH-USDT,3617.18,3617.19,2.7645,0.0377
2025-07-25T07:48:54.828035,XRP-USDT,3.06284,3.06286,659.38,163.0
2025-07-25T07:48:55.064729,BTC-USDT,115275.0,115275.01,0.00021,0.41424097218694667
2025-07-25T07:48:55.064772,ETH-USDT,3617.2,3617.55,2.7644,0.0043
2025-07-25T07:48:55.064819,XRP-USDT,3.06286,3.06287,561.22,781.3
2025-07-25T07:48:55.065562,SOL-USDT,177.0456,177.0457,6.656,3.19
2025-07-25T07:48:55.127599,ETH-USDT,3617.84,3617.85,0.3277,0.0042
2025-07-25T07:48:55.127653,XRP-USDT,3.06286,3.06287,1731.89,781.3
2025-07-25T07:48:55.129002,SOL-USDT,177.0456,177.0457,1.526,3.19
2025-07-25T07:48:55.228456,ETH-USDT,3616.84,3617.35,0.003,2.7646
2025-07-25T07:48:55.228652,XRP-USDT,3.06286,3.06287,1139.89,781.3
2025-07-25T07:48:55.231208,LTC-USDT,111.26,111.3,2.97,2.97
2025-07-25T07:48:55.327291,ETH-USDT,3616.86,3617.36,5.7646,0.0397
2025-07-25T07:48:55.328160,LTC-USDT,111.25,111.3,2.97,2.97
2025-07-25T07:48:55.427064,ETH-USDT,3616.88,3617.36,5.7646,0.0397
2025-07-25T07:48:55.427862,LTC-USDT,111.25,111.29,2.97,2.97
2025-07-25T07:48:55.527852,ETH-USDT,3617.35,3617.36,3.0921,0.0397
2025-07-25T07:48:55.927196,ETH-USDT,3617.35,3617.36,3.0921,0.0811
2025-07-25T07:48:56.026570,ETH-USDT,3617.35,3617.36,5.4238,0.0811
2025-07-25T07:48:56.127682,ETH-USDT,3617.35,3617.36,5.4238,0.0414
2025-07-25T07:48:56.227717,ETH-USDT,3617.35,3617.36,0.3277,0.0414
2025-07-25T07:48:56.326943,BTC-USDT,115275.0,115275.01,0.00021,0.5639799721869467
2025-07-25T07:48:56.626680,XRP-USDT,3.06289,3.0632,592.0,163.0
2025-07-25T07:48:56.627051,LTC-USDT,111.25,111.29,2.97,2.97
2025-07-25T07:48:56.728127,BTC-USDT,115275.0,115275.01,0.00021,0.41424097218694667
2025-07-25T07:48:56.728295,XRP-USDT,3.06311,3.06318,668.77,163.0
2025-07-25T07:48:56.826887,XRP-USDT,3.06313,3.06318,214.0,163.0
2025-07-25T07:48:56.927047,XRP-USDT,3.06313,3.06317,592.0,163.0
2025-07-25T07:48:57.126777,XRP-USDT,3.06322,3.0635,592.0,163.0
2025-07-25T07:48:57.127811,SOL-USDT,177.0456,177.0457,6.656,3.19
2025-07-25T07:48:57.227663,ETH-USDT,3617.35,3617.36,0.3436,0.0414
2025-07-25T07:48:57.228672,SOL-USDT,177.0492,177.0493,1.47,1.5
2025-07-25T07:48:57.427297,XRP-USDT,3.06332,3.06348,214.0,163.0
2025-07-25T07:48:57.526977,XRP-USDT,3.06339,3.06348,290.92,163.0
2025-07-25T07:48:57.627854,XRP-USDT,3.06339,3.06342,290.92,163.0
2025-07-25T07:48:57.727443,XRP-USDT,3.06297,3.06342,592.0,163.0
2025-07-25T07:48:57.930351,XRP-USDT,3.06332,3.06342,651.37,163.0
2025-07-25T07:48:58.028334,XRP-USDT,3.06332,3.0634,651.37,163.0
2025-07-25T07:48:58.126677,XRP-USDT,3.06332,3.06336,651.37,163.0
2025-07-25T07:48:58.328592,XRP-USDT,3.06332,3.06333,651.37,13.85
2025-07-25T07:48:58.428113,XRP-USDT,3.06332,3.06333,651.37,176.85
2025-07-25T07:48:58.528866,ETH-USDT,3617.35,3617.36,0.3436,2.8058
2025-07-25T07:48:58.827071,BTC-USDT,115275.0,115275.01,0.00021,0.5639799721869467
2025-07-25T07:48:58.927184,XRP-USDT,3.06332,3.06333,1432.97,176.85
2025-07-25T07:48:59.028692,LTC-USDT,111.25,111.29,2.97,2.97
2025-07-25T07:48:59.130076,ETH-USDT,3617.35,3617.36,0.0159,2.8058
2025-07-25T07:48:59.130240,XRP-USDT,3.06332,3.06333,781.6,554.85
2025-07-25T07:48:59.132255,LTC-USDT,111.24,111.27,2.97,2.97
2025-07-25T07:48:59.228831,LTC-USDT,111.24,111.29,2.97,2.97
2025-07-25T07:48:59.527669,XRP-USDT,3.06332,3.06333,781.6,844.86
2025-07-25T07:48:59.529665,SOL-USDT,177.0545,177.0546,1.544,5.527
2025-07-25T07:48:59.628737,SOL-USDT,177.0115,177.0597,10.23,6.63
2025-07-25T07:48:59.728472,BTC-USDT,115275.0,115275.01,0.00021,1.6466799721869467
2025-07-25T07:48:59.728522,SOL-USDT,177.0116,177.057,5.13,5.13
2025-07-25T07:48:59.828411,SOL-USDT,177.0115,177.057,10.23,5.13
2025-07-25T07:48:59.928281,ETH-USDT,3617.35,3617.36,0.0159,2.8452
2025-07-25T07:48:59.928337,XRP-USDT,3.0626,3.06303,214.0,378.0
2025-07-25T07:48:59.928873,SOL-USDT,177.0398,177.0466,1.46,5.13
2025-07-25T07:49:00.036604,BTC-USDT,115275.0,115275.01,0.00021,1.6466799721869467
2025-07-25T07:49:00.037058,ETH-USDT,3617.35,3617.36,0.0159,2.8452
2025-07-25T07:49:00.037376,XRP-USDT,3.0626,3.06302,378.0,13.85
2025-07-25T07:49:00.040134,LTC-USDT,111.24,111.29,2.97,2.97
2025-07-25T07:49:00.147349,BTC-USDT,115275.0,115275.01,0.00021,1.4969409721869467
2025-07-25T07:49:00.147685,XRP-USDT,3.0626,3.0629,378.0,288.23
2025-07-25T07:49:00.150228,SOL-USDT,177.0398,177.0468,1.46,2.98
2025-07-25T07:49:00.229029,XRP-USDT,3.0626,3.06279,378.0,378.0
2025-07-25T07:49:00.229693,SOL-USDT,177.0398,177.0477,1.46,1.474
2025-07-25T07:49:00.229999,LTC-USDT,111.24,111.29,2.97,2.97
2025-07-25T07:49:00.327567,XRP-USDT,3.06256,3.0629,657.0,288.23
2025-07-25T07:49:00.428119,XRP-USDT,3.06256,3.06289,657.0,13.85
2025-07-25T07:49:00.527671,XRP-USDT,3.06267,3.06289,274.93,13.85
2025-07-25T07:49:00.528445,SOL-USDT,177.0443,177.0579,1.455,5.527
2025-07-25T07:49:00.528605,LTC-USDT,111.24,111.29,5.1191,2.97
2025-07-25T07:49:00.627902,SOL-USDT,177.0443,177.0578,1.455,5.13
2025-07-25T07:49:00.727533,BTC-USDT,115275.0,115275.01,0.00021,1.4307329721869466
2025-07-25T07:49:00.727850,XRP-USDT,3.06267,3.06268,274.93,378.0
2025-07-25T07:49:00.730465,SOL-USDT,177.0443,177.0498,1.455,5.13
2025-07-25T07:49:00.828962,ETH-USDT,3616.61,3617.08,2.7646,2.7648
2025-07-25T07:49:00.829152,XRP-USDT,3.06237,3.06282,378.0,13.85
2025-07-25T07:49:00.830736,SOL-USDT,177.0443,177.0444,1.455,5.13
2025-07-25T07:49:00.928757,ETH-USDT,3616.39,3616.85,0.0073,0.0382
2025-07-25T07:49:00.929093,XRP-USDT,3.06243,3.06278,378.0,378.0
2025-07-25T07:49:00.932306,LTC-USDT,111.24,111.29,2.332,2.4308680025159495
2025-07-25T07:49:01.027748,BTC-USDT,115275.0,115275.01,0.00021,1.5804719721869467
2025-07-25T07:49:01.028062,ETH-USDT,3616.39,3616.59,0.0073,0.0018
2025-07-25T07:49:01.028099,XRP-USDT,3.06249,3.06278,285.91,378.0
2025-07-25T07:49:01.029015,LTC-USDT,111.23,111.27,2.97,2.97
2025-07-25T07:49:01.128602,ETH-USDT,3616.39,3616.4,0.3277,0.2038
2025-07-25T07:49:01.128644,XRP-USDT,3.06249,3.0625,285.91,378.0
2025-07-25T07:49:01.130552,LTC-USDT,111.22,111.27,20.832,2.97
2025-07-25T07:49:01.228455,ETH-USDT,3616.05,3616.75,0.5412,0.0367
2025-07-25T07:49:01.228944,XRP-USDT,3.06249,3.06261,663.91,13.85
2025-07-25T07:49:01.229439,SOL-USDT,177.0443,177.0444,1.455,2.14
2025-07-25T07:49:01.230147,LTC-USDT,111.23,111.29,2.97,2.4308680025159495
2025-07-25T07:49:01.328904,ETH-USDT,3616.49,3616.5,0.0455,3.1638
2025-07-25T07:49:01.426594,ETH-USDT,3616.49,3616.5,0.0975,3.1638
2025-07-25T07:49:01.426635,XRP-USDT,3.06249,3.0626,663.91,378.0
2025-07-25T07:49:01.427111,LTC-USDT,111.23,111.26,2.97,1.7
2025-07-25T07:49:01.628427,BTC-USDT,115275.0,115275.01,0.00021,1.57983297219033
2025-07-25T07:49:01.628472,ETH-USDT,3616.04,3616.05,2.7059,0.0369
2025-07-25T07:49:01.629007,XRP-USDT,3.06171,3.06229,592.0,378.0
2025-07-25T07:49:01.629859,SOL-USDT,176.9749,177.0292,3.0,8.11
2025-07-25T07:49:01.630060,LTC-USDT,111.22,111.25,2.97,2.97
2025-07-25T07:49:01.726575,ETH-USDT,3616.04,3616.05,8.4713,0.0369
2025-07-25T07:49:01.727631,SOL-USDT,176.975,177.0292,5.13,8.11
2025-07-25T07:49:01.827899,ETH-USDT,3616.51,3616.52,0.052,2.7654
2025-07-25T07:49:01.828545,SOL-USDT,177.0255,177.0292,1.586,8.11
2025-07-25T07:49:01.828595,LTC-USDT,111.22,111.26,2.97,4.67
2025-07-25T07:49:01.928030,XRP-USDT,3.06213,3.0624,666.89,163.0
2025-07-25T07:49:02.027240,ETH-USDT,3616.51,3616.52,2.765,0.3988
2025-07-25T07:49:02.027465,XRP-USDT,3.06213,3.06238,378.0,378.0
2025-07-25T07:49:02.126898,ETH-USDT,3616.51,3616.53,2.817,0.0361
2025-07-25T07:49:02.226368,ETH-USDT,3616.52,3616.53,2.765,0.0361
2025-07-25T07:49:02.226414,XRP-USDT,3.06215,3.06238,663.69,378.0
2025-07-25T07:49:02.327104,ETH-USDT,3616.52,3616.53,2.817,0.0361
2025-07-25T07:49:02.327148,XRP-USDT,3.0619,3.06219,378.0,378.0
2025-07-25T07:49:02.328288,SOL-USDT,177.0255,177.0292,1.586,5.13
2025-07-25T07:49:02.426616,ETH-USDT,3616.34,3617.05,0.0254,0.0045
2025-07-25T07:49:02.426654,XRP-USDT,3.06198,3.06238,378.0,378.0
2025-07-25T07:49:02.527604,ETH-USDT,3616.51,3617.04,0.052,2.7651
2025-07-25T07:49:02.527644,XRP-USDT,3.06198,3.06236,378.0,541.0
2025-07-25T07:49:02.627894,ETH-USDT,3616.51,3616.61,0.052,0.0377
2025-07-25T07:49:02.628231,XRP-USDT,3.06228,3.06235,677.83,13.85
2025-07-25T07:49:02.630240,SOL-USDT,177.0305,177.0491,1.548,2.98
2025-07-25T07:49:02.630276,LTC-USDT,111.24,111.25,2.97,1.7
2025-07-25T07:49:02.727328,BTC-USDT,115275.0,115275.01,0.00021,1.4300939721903299
2025-07-25T07:49:02.727640,ETH-USDT,3616.51,3617.35,0.052,0.0022
2025-07-25T07:49:02.727677,XRP-USDT,3.06234,3.06235,669.2,13.85
2025-07-25T07:49:02.827558,BTC-USDT,115275.0,115275.01,0.00021,1.57983297219033
2025-07-25T07:49:02.827823,ETH-USDT,3616.51,3617.29,0.052,0.4424
2025-07-25T07:49:02.828106,XRP-USDT,3.06172,3.06235,214.0,13.85
2025-07-25T07:49:02.828578,SOL-USDT,177.0305,177.0395,1.548,5.589
2025-07-25T07:49:02.828775,LTC-USDT,111.23,111.25,8.1676,1.7
2025-07-25T07:49:02.927876,ETH-USDT,3616.51,3616.52,0.052,2.8016
2025-07-25T07:49:02.928174,XRP-USDT,3.06209,3.06235,378.0,13.85
2025-07-25T07:49:03.027024,XRP-USDT,3.06209,3.06221,378.0,378.0
2025-07-25T07:49:03.028419,SOL-USDT,177.0305,177.0394,1.548,8.11
2025-07-25T07:49:03.028598,LTC-USDT,111.23,111.25,8.1676,4.67
2025-07-25T07:49:03.126858,ETH-USDT,3616.51,3616.52,0.052,2.843
2025-07-25T07:49:03.126898,XRP-USDT,3.06209,3.0624,378.0,391.85
2025-07-25T07:49:03.128345,LTC-USDT,111.24,111.25,2.97,4.67
2025-07-25T07:49:03.227743,ETH-USDT,3616.51,3616.52,0.0796,2.8064
2025-07-25T07:49:03.228526,XRP-USDT,3.06216,3.0624,661.62,13.85
2025-07-25T07:49:03.228672,LTC-USDT,111.22,111.25,2.97,1.7
2025-07-25T07:49:03.326225,XRP-USDT,3.06216,3.06239,661.62,378.0
2025-07-25T07:49:03.426808,ETH-USDT,3616.51,3616.52,0.0796,2.8446
2025-07-25T07:49:03.427824,LTC-USDT,111.22,111.25,2.97,4.67
2025-07-25T07:49:03.527100,ETH-USDT,3615.75,3616.41,3.0,0.0369
2025-07-25T07:49:03.626526,ETH-USDT,3615.77,3616.4,3.0,2.7654
2025-07-25T07:49:03.628774,XRP-USDT,3.06216,3.06237,661.62,176.85
2025-07-25T07:49:03.728330,ETH-USDT,3616.39,3616.4,0.052,2.7654
2025-07-25T07:49:03.728379,XRP-USDT,3.06216,3.06232,661.62,378.0
2025-07-25T07:49:03.729145,LTC-USDT,111.22,111.25,2.97,1.7
2025-07-25T07:49:03.826616,ETH-USDT,3615.76,3616.39,0.0891,0.1939
2025-07-25T07:49:03.926445,ETH-USDT,3616.38,3616.39,0.052,0.3988
2025-07-25T07:49:03.927335,LTC-USDT,111.22,111.25,2.97,4.67
2025-07-25T07:49:04.228677,BTC-USDT,115275.0,115275.01,0.00021,1.79937597219033
2025-07-25T07:49:04.229041,ETH-USDT,3616.38,3616.39,0.052,0.4365
2025-07-25T07:49:04.229075,XRP-USDT,3.06172,3.0621,592.0,378.0
2025-07-25T07:49:04.230068,SOL-USDT,176.9749,177.0164,3.0,1.597
2025-07-25T07:49:04.230333,LTC-USDT,111.22,111.24,2.97,2.97
2025-07-25T07:49:04.329450,ETH-USDT,3616.1,3616.11,0.0044,0.3987
2025-07-25T07:49:04.329684,XRP-USDT,3.06172,3.06226,592.0,163.0
2025-07-25T07:49:04.332245,SOL-USDT,176.9749,177.0113,3.0,1.465
2025-07-25T07:49:04.427553,BTC-USDT,115275.0,115275.01,0.00021,1.8009759721903298
2025-07-25T07:49:04.427608,ETH-USDT,3615.96,3616.14,0.037,0.0883
2025-07-25T07:49:04.429259,SOL-USDT,177.0049,177.0113,1.483,1.465
2025-07-25T07:49:04.429297,LTC-USDT,111.22,111.25,2.97,4.67
2025-07-25T07:49:04.527947,ETH-USDT,3615.96,3616.17,0.037,0.0387
2025-07-25T07:49:04.527984,XRP-USDT,3.06193,3.06215,664.59,378.0
2025-07-25T07:49:04.528014,SOL-USDT,177.0049,177.0113,1.483,6.595
2025-07-25T07:49:04.528043,LTC-USDT,111.22,111.24,2.97,2.97
2025-07-25T07:49:04.628318,ETH-USDT,3615.73,3616.17,0.0038,0.0387
2025-07-25T07:49:04.628372,XRP-USDT,3.06193,3.06224,664.59,378.0
2025-07-25T07:49:04.727765,ETH-USDT,3615.74,3615.83,0.7118,0.0362
2025-07-25T07:49:04.727995,XRP-USDT,3.06193,3.06213,664.59,378.0
2025-07-25T07:49:04.728400,LTC-USDT,111.22,111.24,2.97,2.97
2025-07-25T07:49:04.830834,ETH-USDT,3615.73,3615.74,0.0038,0.3987
2025-07-25T07:49:04.830873,XRP-USDT,3.06193,3.06221,664.59,13.85
2025-07-25T07:49:04.928679,ETH-USDT,3615.73,3615.74,0.0038,0.0997
2025-07-25T07:49:04.928732,XRP-USDT,3.06205,3.06218,378.0,378.0
2025-07-25T07:49:04.929412,LTC-USDT,111.23,111.24,2.97,4.67
2025-07-25T07:49:05.026829,ETH-USDT,3615.66,3616.83,0.0172,3.7585
2025-07-25T07:49:05.026870,XRP-USDT,3.06205,3.06217,378.0,13.85
2025-07-25T07:49:05.146429,ETH-USDT,3615.61,3616.76,0.0392,2.7653
2025-07-25T07:49:05.147684,LTC-USDT,111.23,111.24,2.97,1.7
2025-07-25T07:49:05.227208,ETH-USDT,3615.61,3616.68,0.0392,2.7653
2025-07-25T07:49:05.227368,XRP-USDT,3.06206,3.06227,648.24,163.0
2025-07-25T07:49:05.228096,SOL-USDT,177.0049,177.0113,1.483,1.465
2025-07-25T07:49:05.327216,ETH-USDT,3615.81,3616.42,0.2325,0.0039
2025-07-25T07:49:05.426415,BTC-USDT,115275.0,115275.01,0.00021,1.8008859721903299
2025-07-25T07:49:05.426469,ETH-USDT,3615.81,3615.82,0.2325,0.0378
2025-07-25T07:49:05.526778,ETH-USDT,3615.81,3615.82,0.2845,0.0378
2025-07-25T07:49:05.526969,LTC-USDT,111.24,111.27,2.97,2.97
2025-07-25T07:49:05.626738,XRP-USDT,3.06215,3.06227,662.49,163.0
2025-07-25T07:49:05.627634,LTC-USDT,111.24,111.28,2.97,2.97
2025-07-25T07:49:05.726663,ETH-USDT,3615.81,3615.82,0.052,0.0378
2025-07-25T07:49:05.826630,XRP-USDT,3.06215,3.06227,662.49,541.0
2025-07-25T07:49:05.828253,SOL-USDT,177.0049,177.0113,1.483,6.595
2025-07-25T07:49:05.926454,XRP-USDT,3.06215,3.06238,662.49,163.0
2025-07-25T07:49:06.026339,ETH-USDT,3615.53,3616.42,3.0,0.0039
2025-07-25T07:49:06.026401,XRP-USDT,3.06215,3.06234,662.49,163.0
2025-07-25T07:49:06.026806,SOL-USDT,177.0049,177.0113,1.483,1.465
2025-07-25T07:49:06.126664,BTC-USDT,115265.0,115265.01,0.00021,0.569352
2025-07-25T07:49:06.126711,ETH-USDT,3615.72,3615.73,3.0026,0.0378
2025-07-25T07:49:06.126891,XRP-USDT,3.06215,3.06225,662.49,176.85
2025-07-25T07:49:06.226630,BTC-USDT,115265.0,115265.01,0.00021,0.580562
2025-07-25T07:49:06.327021,ETH-USDT,3615.72,3616.56,3.0026,2.7653
2025-07-25T07:49:06.426962,ETH-USDT,3615.72,3616.56,2.5846,2.7653
2025-07-25T07:49:06.526369,ETH-USDT,3616.21,3616.22,0.0022,2.8427
2025-07-25T07:49:06.626594,ETH-USDT,3616.21,3616.22,0.0022,3.2788
2025-07-25T07:49:06.727072,XRP-USDT,3.06215,3.06225,378.0,176.85
2025-07-25T07:49:06.727959,SOL-USDT,177.0049,177.0113,1.483,6.595
2025-07-25T07:49:06.728005,LTC-USDT,111.22,111.28,2.97,2.97
2025-07-25T07:49:06.829828,XRP-USDT,3.06174,3.06207,378.0,13.85
2025-07-25T07:49:06.928600,XRP-USDT,3.06179,3.0622,378.0,378.0
2025-07-25T07:49:07.027475,LTC-USDT,111.24,111.28,2.97,2.97
2025-07-25T07:49:07.127765,ETH-USDT,3616.21,3616.22,0.0022,3.279
2025-07-25T07:49:07.128138,XRP-USDT,3.06206,3.06222,648.78,163.0
2025-07-25T07:49:07.128808,SOL-USDT,177.0049,177.0113,1.483,1.465
2025-07-25T07:49:07.128845,LTC-USDT,111.22,111.28,2.97,2.97
2025-07-25T07:49:07.228384,ETH-USDT,3616.21,3616.22,0.0022,2.8802
2025-07-25T07:49:07.228424,XRP-USDT,3.06213,3.06222,657.69,163.0
2025-07-25T07:49:07.329615,ETH-USDT,3616.21,3616.22,0.0022,0.1149
2025-07-25T07:49:07.329659,XRP-USDT,3.06225,3.06226,881.34,61.0
2025-07-25T07:49:07.329687,LTC-USDT,111.25,111.28,2.97,2.97
2025-07-25T07:49:07.426704,BTC-USDT,115265.0,115265.01,0.00021,0.834884
2025-07-25T07:49:07.427026,ETH-USDT,3616.21,3616.22,0.0542,0.1149
2025-07-25T07:49:07.527097,BTC-USDT,115260.0,115260.01,0.260491,0.00777
2025-07-25T07:49:07.527163,ETH-USDT,3616.22,3616.49,0.006,2.7652
2025-07-25T07:49:07.627161,ETH-USDT,3615.88,3616.22,0.0366,2.7654
2025-07-25T07:49:07.627419,XRP-USDT,3.06225,3.06226,667.34,61.0
2025-07-25T07:49:07.628178,SOL-USDT,177.0049,177.0113,1.483,6.595
2025-07-25T07:49:07.628374,LTC-USDT,111.24,111.28,2.97,2.97
2025-07-25T07:49:07.745596,BTC-USDT,115260.0,115260.01,0.260491,0.157509
2025-07-25T07:49:07.826216,BTC-USDT,115260.0,115260.01,0.260491,0.00777
2025-07-25T07:49:07.826256,ETH-USDT,3615.74,3615.95,0.7442,0.0248
2025-07-25T07:49:07.826507,XRP-USDT,3.06225,3.06226,1663.53,13.85
2025-07-25T07:49:07.928725,SOL-USDT,177.0049,177.0113,1.483,1.465
2025-07-25T07:49:08.025659,ETH-USDT,3615.79,3615.95,0.006,0.0248
2025-07-25T07:49:08.326115,BTC-USDT,115260.0,115260.01,0.260491,0.157509
2025-07-25T07:49:09.264555,BTC-USDT,115260.0,115260.01,0.260491,0.411806
2025-07-25T07:49:09.264603,ETH-USDT,3615.94,3615.95,0.0111,0.0248
2025-07-25T07:49:09.264641,XRP-USDT,3.06225,3.06226,881.34,13.85
2025-07-25T07:49:09.264677,XRP-USDT,3.06225,3.06226,289.34,13.85
2025-07-25T07:49:09.264709,SOL-USDT,177.0049,177.0113,1.483,6.595
2025-07-25T07:49:09.264741,XRP-USDT,3.06225,3.06226,289.34,391.85
2025-07-25T07:49:09.264771,XRP-USDT,3.06225,3.06226,289.34,13.85
2025-07-25T07:49:09.264819,BTC-USDT,115260.0,115260.01,0.00021,0.413759
2025-07-25T07:49:09.264852,BTC-USDT,115260.0,115260.01,0.00021,0.415359
2025-07-25T07:49:09.264884,ETH-USDT,3615.94,3615.95,0.0111,2.7903
2025-07-25T07:49:09.264909,XRP-USDT,3.06225,3.06226,289.34,391.85
2025-07-25T07:49:09.264938,XRP-USDT,3.06225,3.06226,289.34,13.85
2025-07-25T07:49:09.264964,XRP-USDT,3.06225,3.06226,289.34,391.85
2025-07-25T07:49:09.264993,LTC-USDT,111.24,111.28,2.97,2.97
2025-07-25T07:49:09.427128,BTC-USDT,115260.0,115260.01,0.260491,0.415359
2025-07-25T07:49:09.527955,XRP-USDT,3.06225,3.06226,289.34,13.85
2025-07-25T07:49:09.528694,SOL-USDT,177.0049,177.0113,1.483,1.465
2025-07-25T07:49:09.626032,XRP-USDT,3.06225,3.06226,1051.49,13.85
2025-07-25T07:49:09.626530,LTC-USDT,111.24,111.28,2.97,2.97
2025-07-25T07:49:09.827516,XRP-USDT,3.06225,3.06226,1051.49,391.85
2025-07-25T07:49:09.928928,SOL-USDT,177.0049,177.0113,1.483,6.595
2025-07-25T07:49:10.126565,XRP-USDT,3.06225,3.06226,1051.49,13.85
2025-07-25T07:49:10.226958,ETH-USDT,3615.94,3615.95,0.0111,0.0248
2025-07-25T07:49:10.228883,SOL-USDT,177.0049,177.0113,1.483,1.465
2025-07-25T07:49:10.326671,BTC-USDT,115260.0,115260.01,0.00021,0.415359
2025-07-25T07:49:10.326728,XRP-USDT,3.06225,3.06226,1051.49,391.85
2025-07-25T07:49:10.428197,ETH-USDT,3615.94,3615.95,0.0111,2.7903
2025-07-25T07:49:10.726256,XRP-USDT,3.06225,3.06226,762.15,391.85
2025-07-25T07:49:10.726777,SOL-USDT,177.0049,177.0113,1.483,6.595
2025-07-25T07:49:10.726838,LTC-USDT,111.25,111.28,2.97,2.97
2025-07-25T07:49:11.327679,XRP-USDT,3.06225,3.06226,762.15,391.85
2025-07-25T07:49:11.328496,LTC-USDT,111.24,111.28,2.97,2.97
2025-07-25T07:49:11.427153,BTC-USDT,115260.0,115260.01,0.00021,0.426569
2025-07-25T07:49:11.428000,XRP-USDT,3.06163,3.06196,378.0,378.0
2025-07-25T07:49:11.428258,SOL-USDT,176.9474,176.9958,3.0,1.518
2025-07-25T07:49:11.528616,SOL-USDT,176.9474,176.9822,3.0,1.568
2025-07-25T07:49:11.626938,XRP-USDT,3.06211,3.06225,276.43,176.85
2025-07-25T07:49:11.627450,LTC-USDT,111.24,111.28,2.97,2.97
2025-07-25T07:49:11.727126,XRP-USDT,3.06211,3.06212,276.43,378.0
2025-07-25T07:49:11.728646,SOL-USDT,176.9706,176.9822,1.541,1.568
2025-07-25T07:49:11.829051,XRP-USDT,3.06163,3.06212,378.0,378.0
2025-07-25T07:49:11.928216,BTC-USDT,115260.0,115260.01,0.00021,0.426479
2025-07-25T07:49:11.928816,LTC-USDT,111.23,111.27,2.97,2.97
2025-07-25T07:49:12.029111,BTC-USDT,115250.0,115260.01,0.00021,0.421719
2025-07-25T07:49:12.029151,ETH-USDT,3615.94,3615.95,0.0111,0.0248
2025-07-25T07:49:12.029181,XRP-USDT,3.06141,3.06212,592.0,378.0
2025-07-25T07:49:12.030113,SOL-USDT,176.9474,176.9721,3.0,1.471
2025-07-25T07:49:12.030151,LTC-USDT,111.2,111.24,18.5,1.7
2025-07-25T07:49:12.154451,BTC-USDT,115250.0,115250.01,0.260513,0.352162
2025-07-25T07:49:12.156371,XRP-USDT,3.06141,3.06177,592.0,378.0
2025-07-25T07:49:12.160809,LTC-USDT,111.21,111.24,2.97,1.7
2025-07-25T07:49:12.227548,BTC-USDT,115250.0,115250.01,0.272787,0.011264
2025-07-25T07:49:12.227856,XRP-USDT,3.06188,3.06207,298.68,293.06
2025-07-25T07:49:12.229055,SOL-USDT,176.948,176.9721,5.13,1.471
2025-07-25T07:49:12.229094,LTC-USDT,111.21,111.24,5.302,1.7
2025-07-25T07:49:12.327939,BTC-USDT,115250.0,115250.01,0.272787,0.01114
2025-07-25T07:49:12.327985,XRP-USDT,3.06198,3.06226,378.0,378.0
2025-07-25T07:49:12.333693,SOL-USDT,176.9667,176.9721,1.486,1.471
2025-07-25T07:49:12.333742,LTC-USDT,111.22,111.24,2.97,1.7
2025-07-25T07:49:12.427941,XRP-USDT,3.06197,3.06204,287.7,378.0
2025-07-25T07:49:12.526896,ETH-USDT,3615.94,3615.95,0.0111,2.7903
2025-07-25T07:49:12.527615,SOL-USDT,176.9667,176.9721,1.486,6.601
2025-07-25T07:49:12.626846,XRP-USDT,3.06197,3.06202,287.7,378.0
2025-07-25T07:49:12.826700,BTC-USDT,115250.0,115250.01,0.002609,0.011264
2025-07-25T07:49:12.826945,XRP-USDT,3.06147,3.06203,592.0,13.85
2025-07-25T07:49:12.930451,XRP-USDT,3.06147,3.06203,592.0,378.0
2025-07-25T07:49:12.931570,SOL-USDT,176.9667,176.9721,1.486,1.471
2025-07-25T07:49:13.026372,BTC-USDT,115250.0,115250.01,0.002609,0.161003
2025-07-25T07:49:13.026413,XRP-USDT,3.06197,3.06202,673.14,13.85
2025-07-25T07:49:13.126327,XRP-USDT,3.06197,3.06202,295.14,13.85
2025-07-25T07:49:13.226421,BTC-USDT,115250.0,115250.01,0.002609,0.011264
2025-07-25T07:49:13.226617,XRP-USDT,3.06197,3.06218,673.14,285.08
2025-07-25T07:49:13.326124,XRP-USDT,3.06197,3.06214,673.14,378.0
2025-07-25T07:49:13.426185,BTC-USDT,115250.0,115250.01,0.002609,0.265306
2025-07-25T07:49:13.426492,XRP-USDT,3.06147,3.06214,592.0,378.0
2025-07-25T07:49:13.526393,XRP-USDT,3.06134,3.06182,378.0,13.85
2025-07-25T07:49:13.527053,SOL-USDT,176.941,176.9721,0.169,1.471
2025-07-25T07:49:13.527264,LTC-USDT,111.22,111.24,2.97,4.67
2025-07-25T07:49:13.626892,XRP-USDT,3.06134,3.06164,378.0,378.0
2025-07-25T07:49:13.627353,SOL-USDT,176.9305,176.9721,5.13,1.471
2025-07-25T07:49:13.627392,LTC-USDT,111.22,111.24,2.97,1.7
2025-07-25T07:49:13.827297,XRP-USDT,3.06144,3.06145,649.55,61.0
2025-07-25T07:49:13.827828,SOL-USDT,176.9612,176.9721,1.502,1.471
2025-07-25T07:49:13.827866,LTC-USDT,111.21,111.23,2.97,2.97
2025-07-25T07:49:14.228778,LTC-USDT,111.21,111.24,2.97,1.7
2025-07-25T07:49:14.328567,LTC-USDT,111.21,111.22,2.97,1.7
2025-07-25T07:49:14.428199,BTC-USDT,115250.0,115250.01,0.002609,0.505308
2025-07-25T07:49:14.428250,XRP-USDT,3.06144,3.06145,649.55,74.85
2025-07-25T07:49:14.528470,XRP-USDT,3.0616,3.06248,378.0,378.0
2025-07-25T07:49:14.528896,LTC-USDT,111.21,111.22,8.4984,1.7
2025-07-25T07:49:14.627869,BTC-USDT,115250.0,115250.01,0.002609,0.265306
2025-07-25T07:49:14.628256,ETH-USDT,3615.94,3615.95,0.0111,0.0248
2025-07-25T07:49:14.628307,XRP-USDT,3.06206,3.06234,378.0,163.0
2025-07-25T07:49:14.629748,SOL-USDT,176.972,177.0112,1.517,2.98
2025-07-25T07:49:14.728530,SOL-USDT,176.9776,177.0232,1.487,8.11
2025-07-25T07:49:14.728773,LTC-USDT,111.22,111.23,2.97,1.7
2025-07-25T07:49:14.926335,XRP-USDT,3.06219,3.06224,278.38,378.0
2025-07-25T07:49:14.926700,SOL-USDT,176.9776,176.9851,1.487,1.562
2025-07-25T07:49:15.026536,XRP-USDT,3.06219,3.06222,656.38,163.0
2025-07-25T07:49:15.027812,LTC-USDT,111.22,111.23,8.5143,1.7
2025-07-25T07:49:15.127022,ETH-USDT,3615.94,3615.95,0.0111,2.7903
2025-07-25T07:49:15.127252,XRP-USDT,3.06219,3.0622,278.38,378.0
2025-07-25T07:49:15.128236,LTC-USDT,111.22,111.23,8.5143,4.67
2025-07-25T07:49:15.226992,BTC-USDT,115250.0,115250.01,0.002609,0.505308
2025-07-25T07:49:15.227511,SOL-USDT,176.9776,176.9851,1.487,6.692
2025-07-25T07:49:15.328359,LTC-USDT,111.22,111.23,5.5443,4.67
2025-07-25T07:49:15.427245,XRP-USDT,3.06219,3.06221,278.38,13.85
2025-07-25T07:49:15.428489,SOL-USDT,176.9776,176.9851,1.487,1.562
2025-07-25T07:49:15.428527,LTC-USDT,111.22,111.23,8.5143,1.7
2025-07-25T07:49:15.526738,ETH-USDT,3615.94,3615.95,0.0111,0.0248
2025-07-25T07:49:15.634367,BTC-USDT,115250.0,115250.01,0.002609,0.503708
2025-07-25T07:49:15.725943,XRP-USDT,3.06219,3.06236,278.38,163.0
2025-07-25T07:49:15.826727,BTC-USDT,115250.0,115250.01,0.002609,0.353969
2025-07-25T07:49:16.128219,LTC-USDT,111.22,111.23,8.5143,1.7
2025-07-25T07:49:16.226667,XRP-USDT,3.06219,3.06234,278.38,163.0
2025-07-25T07:49:16.327188,XRP-USDT,3.06219,3.06227,278.38,378.0
2025-07-25T07:49:16.426627,XRP-USDT,3.06219,3.06228,278.38,163.0
2025-07-25T07:49:16.626830,ETH-USDT,3615.95,3616.84,0.006,0.0041
2025-07-25T07:49:16.628638,SOL-USDT,176.9789,177.0232,5.13,2.98
2025-07-25T07:49:16.727718,ETH-USDT,3616.4,3617.29,0.0389,1.517
2025-07-25T07:49:16.728485,SOL-USDT,176.9852,177.0232,1.448,8.11
2025-07-25T07:49:16.728531,LTC-USDT,111.22,111.23,13.9137,1.7
2025-07-25T07:49:16.826969,ETH-USDT,3616.4,3617.32,0.0389,0.4
2025-07-25T07:49:16.927237,BTC-USDT,115250.0,115250.01,0.002609,0.263706
2025-07-25T07:49:16.927298,ETH-USDT,3616.41,3616.62,0.006,0.0395
2025-07-25T07:49:16.927519,XRP-USDT,3.06219,3.06226,278.38,163.0
2025-07-25T07:49:16.927899,SOL-USDT,176.9852,176.9937,1.448,1.544
2025-07-25T07:49:17.028352,ETH-USDT,3616.55,3617.32,0.0388,0.4
2025-07-25T07:49:17.028586,XRP-USDT,3.06233,3.06297,491.94,378.0
2025-07-25T07:49:17.029830,SOL-USDT,176.991,177.0261,1.472,1.412
2025-07-25T07:49:17.029866,LTC-USDT,111.23,111.27,2.97,2.97
2025-07-25T07:49:17.128043,XRP-USDT,3.06254,3.06266,673.55,163.0
2025-07-25T07:49:17.129714,SOL-USDT,176.991,177.0261,1.472,6.542
2025-07-25T07:49:17.130690,LTC-USDT,111.24,111.27,2.97,2.97
2025-07-25T07:49:17.228351,ETH-USDT,3616.98,3616.99,0.0218,0.3988
2025-07-25T07:49:17.328549,ETH-USDT,3616.98,3616.99,0.0218,0.0368
2025-07-25T07:49:17.328605,SOL-USDT,176.991,177.0033,1.472,1.513
2025-07-25T07:49:17.428000,SOL-USDT,176.9971,177.0033,1.578,1.513
2025-07-25T07:49:17.526603,BTC-USDT,115250.0,115250.01,0.002609,0.009664
2025-07-25T07:49:17.527483,ETH-USDT,3616.98,3616.99,0.0218,2.8014
2025-07-25T07:49:17.627090,BTC-USDT,115250.0,115250.01,0.002609,0.413354
2025-07-25T07:49:17.627144,ETH-USDT,3616.98,3616.99,0.0218,0.0368
2025-07-25T07:49:17.727233,ETH-USDT,3616.98,3616.99,0.0218,2.8014
2025-07-25T07:49:17.727520,LTC-USDT,111.24,111.26,2.97,2.97
2025-07-25T07:49:17.826630,BTC-USDT,115250.0,115250.01,0.002609,0.503617
2025-07-25T07:49:18.026086,BTC-USDT,115250.0,115250.01,0.002609,0.009664
2025-07-25T07:49:18.126730,BTC-USDT,115250.0,115250.01,0.002609,0.263566
2025-07-25T07:49:18.226378,BTC-USDT,115250.0,115250.01,0.002609,0.009664
2025-07-25T07:49:18.227071,LTC-USDT,111.23,111.26,2.97,2.97
2025-07-25T07:49:18.325964,BTC-USDT,115250.0,115250.01,0.002609,0.263566
2025-07-25T07:49:18.326012,XRP-USDT,3.06254,3.06258,673.55,13.85
2025-07-25T07:49:18.527799,XRP-USDT,3.06254,3.06255,295.55,378.0
2025-07-25T07:49:18.626264,BTC-USDT,115250.0,115250.01,0.002609,0.503568
2025-07-25T07:49:18.727391,XRP-USDT,3.06254,3.06255,1053.37,391.85
2025-07-25T07:49:18.829102,LTC-USDT,111.22,111.26,5.302,2.97
2025-07-25T07:49:18.927704,LTC-USDT,111.23,111.26,2.97,2.97
2025-07-25T07:49:19.026548,BTC-USDT,115250.0,115250.01,0.002609,0.353829
2025-07-25T07:49:19.027152,LTC-USDT,111.23,111.26,2.97,2.97
2025-07-25T07:49:19.126920,BTC-USDT,115250.0,115250.01,0.002609,0.263566
2025-07-25T07:49:19.127172,ETH-USDT,3616.98,3616.99,0.0218,0.0368
2025-07-25T07:49:19.127345,XRP-USDT,3.06254,3.06255,1053.37,13.85
2025-07-25T07:49:19.128350,SOL-USDT,176.9981,177.027,5.13,0.169
2025-07-25T07:49:19.227512,BTC-USDT,115250.0,115250.01,0.002695,0.263566
2025-07-25T07:49:19.228007,SOL-USDT,177.0225,177.0579,1.556,5.527
2025-07-25T07:49:19.327204,LTC-USDT,111.23,111.26,2.97,2.97
2025-07-25T07:49:19.428253,SOL-USDT,177.0225,177.032,1.556,1.546
2025-07-25T07:49:19.428312,LTC-USDT,111.24,111.28,2.97,2.97
2025-07-25T07:49:19.529870,BTC-USDT,115250.0,115250.01,0.002695,0.2634759921908901
2025-07-25T07:49:19.626192,ETH-USDT,3616.99,3617.3,0.006,2.7646
2025-07-25T07:49:19.627251,LTC-USDT,111.24,111.28,2.97,2.97
2025-07-25T07:49:19.726825,ETH-USDT,3616.87,3617.3,0.5412,2.7646
2025-07-25T07:49:19.726872,XRP-USDT,3.06254,3.06255,757.82,13.85
2025-07-25T07:49:19.826984,ETH-USDT,3616.6,3616.98,0.0044,0.0386
2025-07-25T07:49:19.827710,SOL-USDT,176.9969,177.032,5.527,6.676
2025-07-25T07:49:19.927391,ETH-USDT,3616.6,3616.96,0.0044,2.7648
2025-07-25T07:49:19.927444,XRP-USDT,3.06254,3.06255,757.82,554.85
2025-07-25T07:49:19.929256,LTC-USDT,111.21,111.26,2.97,2.97
2025-07-25T07:49:20.026576,BTC-USDT,115250.0,115250.01,0.002695,0.41321499219089003
2025-07-25T07:49:20.026618,ETH-USDT,3616.55,3616.96,3.0,2.7648
2025-07-25T07:49:20.028078,LTC-USDT,111.22,111.24,2.97,1.7
2025-07-25T07:49:20.127575,ETH-USDT,3616.77,3616.96,0.0377,2.7648
2025-07-25T07:49:20.128764,SOL-USDT,177.0209,177.032,1.499,1.546
2025-07-25T07:49:20.227240,ETH-USDT,3616.77,3616.78,0.0377,0.3988
2025-07-25T07:49:20.227348,XRP-USDT,3.06254,3.06255,757.82,888.34
2025-07-25T07:49:20.328874,ETH-USDT,3616.78,3616.79,1.1971,0.3988
2025-07-25T07:49:20.428586,ETH-USDT,3616.78,3616.98,1.1971,0.0386
2025-07-25T07:49:20.526732,ETH-USDT,3616.78,3616.79,1.1971,0.3988
2025-07-25T07:49:20.628996,ETH-USDT,3616.78,3616.97,1.1971,2.7648
2025-07-25T07:49:20.728227,BTC-USDT,115250.0,115250.01,0.002695,0.009573992190890048
2025-07-25T07:49:20.728418,ETH-USDT,3616.78,3616.96,1.1971,2.7648
2025-07-25T07:49:20.729001,XRP-USDT,3.06254,3.06255,757.82,888.34
2025-07-25T07:49:20.826212,BTC-USDT,115250.0,115250.01,0.002695,0.41309099219089007
2025-07-25T07:49:20.926977,ETH-USDT,3616.78,3616.79,1.1971,0.3988
2025-07-25T07:49:21.126996,ETH-USDT,3616.95,3616.96,0.1663,2.7648
2025-07-25T07:49:21.127055,XRP-USDT,3.06254,3.06255,757.82,888.34
2025-07-25T07:49:21.227505,BTC-USDT,115250.0,115250.01,0.002695,0.26335199219089006
2025-07-25T07:49:21.227553,ETH-USDT,3616.78,3616.98,1.1971,2.8032
2025-07-25T07:49:21.327064,BTC-USDT,115250.0,115250.01,0.002695,0.009573992190890048
2025-07-25T07:49:21.327113,ETH-USDT,3616.97,3616.98,0.1663,0.0386
2025-07-25T07:49:21.329022,LTC-USDT,111.23,111.24,2.97,1.7
2025-07-25T07:49:21.526078,BTC-USDT,115250.0,115250.01,0.002695,0.26330399219089007
2025-07-25T07:49:21.626518,BTC-USDT,115236.61,115250.0,0.000266,0.000124
2025-07-25T07:49:21.627807,LTC-USDT,111.23,111.24,8.1389,1.7
2025-07-25T07:49:21.726357,BTC-USDT,115244.28,115244.29,0.32019,0.001977
2025-07-25T07:49:21.726711,XRP-USDT,3.06254,3.06255,757.82,510.34
2025-07-25T07:49:22.026940,XRP-USDT,3.06254,3.06255,757.82,510.34
2025-07-25T07:49:22.126808,ETH-USDT,3617.31,3617.32,0.1663,3.1646
2025-07-25T07:49:22.228630,ETH-USDT,3617.31,3617.32,0.1663,0.4
2025-07-25T07:49:22.228686,XRP-USDT,3.06284,3.06323,378.0,378.0
2025-07-25T07:49:22.327289,ETH-USDT,3617.04,3617.17,2.7059,0.0384
2025-07-25T07:49:22.327669,XRP-USDT,3.06314,3.06322,378.0,163.0
2025-07-25T07:49:22.430951,SOL-USDT,177.0309,177.0597,1.457,0.169
2025-07-25T07:49:22.526846,BTC-USDT,115244.28,115244.29,0.32019,0.255635
2025-07-25T07:49:22.527227,ETH-USDT,3617.16,3617.17,0.1939,0.0384
2025-07-25T07:49:22.527282,XRP-USDT,3.06314,3.06351,378.0,163.0
2025-07-25T07:49:22.528758,SOL-USDT,177.0309,177.0597,1.457,5.299
2025-07-25T07:49:22.528813,LTC-USDT,111.24,111.25,5.302,1.7
2025-07-25T07:49:22.629233,LTC-USDT,111.25,111.28,2.97,2.97
2025-07-25T07:49:22.727237,ETH-USDT,3617.16,3617.17,0.0276,0.0384
2025-07-25T07:49:22.727288,XRP-USDT,3.06306,3.0633,378.0,378.0
2025-07-25T07:49:22.727532,SOL-USDT,177.0309,177.0391,1.457,6.646
2025-07-25T07:49:22.827451,ETH-USDT,3617.16,3617.17,0.0276,2.8029
2025-07-25T07:49:22.827659,XRP-USDT,3.06306,3.06328,378.0,378.0
2025-07-25T07:49:22.828106,SOL-USDT,176.9912,177.0391,0.169,5.13
2025-07-25T07:49:22.926154,XRP-USDT,3.06306,3.06322,378.0,163.0
2025-07-25T07:49:22.927060,SOL-USDT,176.981,177.0347,5.13,1.47
2025-07-25T07:49:23.026725,ETH-USDT,3617.16,3617.17,0.0276,0.0384
2025-07-25T07:49:23.127379,XRP-USDT,3.06306,3.06329,378.0,163.0
2025-07-25T07:49:23.128353,SOL-USDT,176.99,177.0347,5.13,1.47
2025-07-25T07:49:23.128393,LTC-USDT,111.26,111.28,5.2827,2.97
2025-07-25T07:49:23.230531,XRP-USDT,3.06306,3.06328,214.0,163.0
2025-07-25T07:49:23.231653,SOL-USDT,177.0339,177.0712,1.478,2.98
2025-07-25T07:49:23.231903,LTC-USDT,111.25,111.29,2.97,46.916
2025-07-25T07:49:23.328080,ETH-USDT,3617.31,3617.32,0.1663,0.4
2025-07-25T07:49:23.328134,XRP-USDT,3.06327,3.06368,378.0,378.0
2025-07-25T07:49:23.329343,SOL-USDT,177.034,177.0712,5.13,2.98
2025-07-25T07:49:23.453216,XRP-USDT,3.06327,3.06367,378.0,163.0
2025-07-25T07:49:23.528831,ETH-USDT,3617.54,3617.55,0.1663,0.4036
2025-07-25T07:49:23.531599,SOL-USDT,177.034,177.0431,5.13,1.543
2025-07-25T07:49:23.531638,LTC-USDT,111.25,111.28,2.97,2.97
2025-07-25T07:49:23.627510,ETH-USDT,3617.24,3617.25,0.1663,0.0386
2025-07-25T07:49:23.627561,XRP-USDT,3.06327,3.06358,378.0,163.0
2025-07-25T07:49:23.729985,LTC-USDT,111.25,111.32,2.97,2.97
2025-07-25T07:49:23.826874,XRP-USDT,3.06327,3.06354,378.0,163.0
2025-07-25T07:49:23.827407,LTC-USDT,111.27,111.32,2.97,2.97
2025-07-25T07:49:24.126330,BTC-USDT,115244.28,115244.29,0.32019,0.001977
2025-07-25T07:49:24.226575,BTC-USDT,115244.28,115244.29,0.32019,0.255616
2025-07-25T07:49:24.326958,XRP-USDT,3.06353,3.06354,378.0,163.0
2025-07-25T07:49:24.327497,SOL-USDT,177.0447,177.0712,5.13,2.98
2025-07-25T07:49:24.426501,BTC-USDT,115244.28,115244.29,0.32019,0.2555259955329674
2025-07-25T07:49:24.426540,XRP-USDT,3.06353,3.06354,378.0,176.85
2025-07-25T07:49:24.427376,SOL-USDT,177.0462,177.0712,1.58,2.98
2025-07-25T07:49:24.526744,XRP-USDT,3.06353,3.06354,1146.85,176.85
2025-07-25T07:49:24.527494,SOL-USDT,177.0462,177.0556,1.58,1.456
2025-07-25T07:49:24.527532,LTC-USDT,111.26,111.3,2.97,0.2119
2025-07-25T07:49:24.726132,XRP-USDT,3.06353,3.06354,768.85,176.85
2025-07-25T07:49:24.727426,LTC-USDT,111.27,111.29,2.97,2.97
2025-07-25T07:49:25.028600,ETH-USDT,3617.24,3617.25,0.1939,0.0386
2025-07-25T07:49:25.126579,BTC-USDT,115244.28,115244.29,0.32019,0.001886995532967404
2025-07-25T07:49:25.127535,LTC-USDT,111.27,111.29,2.97,2.97
2025-07-25T07:49:25.326295,BTC-USDT,115244.28,115244.29,0.32019,0.2553149955329674
2025-07-25T07:49:25.327504,SOL-USDT,177.0468,177.074,5.13,0.169
2025-07-25T07:49:25.426984,SOL-USDT,177.0516,177.074,1.515,0.169
2025-07-25T07:49:25.627177,SOL-USDT,177.0516,177.0605,1.515,1.56
2025-07-25T07:49:25.826474,BTC-USDT,115244.28,115244.29,0.32019,0.001886995532967404
2025-07-25T07:49:25.926362,XRP-USDT,3.06353,3.06354,768.85,554.85
2025-07-25T07:49:26.049148,BTC-USDT,115244.28,115244.29,0.32019,0.2552939955329674
2025-07-25T07:49:26.128065,LTC-USDT,111.25,111.29,2.97,2.97
2025-07-25T07:49:26.326215,XRP-USDT,3.06353,3.06354,768.85,554.85
2025-07-25T07:49:26.527006,ETH-USDT,3617.25,3617.79,0.006,2.7645
2025-07-25T07:49:26.628010,ETH-USDT,3618.03,3618.93,1.3351,0.4
2025-07-25T07:49:26.628049,XRP-USDT,3.06353,3.06354,768.85,176.85
2025-07-25T07:49:26.628726,SOL-USDT,177.0562,177.074,5.13,0.169
2025-07-25T07:49:26.729220,ETH-USDT,3618.29,3618.93,1.3348,0.4
2025-07-25T07:49:26.729275,XRP-USDT,3.06353,3.06354,768.85,13.85
2025-07-25T07:49:26.729879,SOL-USDT,177.0608,177.074,5.13,0.169
2025-07-25T07:49:26.730078,LTC-USDT,111.27,111.3,2.97,2.97
2025-07-25T07:49:26.828728,ETH-USDT,3618.64,3618.65,1.5012,0.0374
2025-07-25T07:49:26.828807,XRP-USDT,3.06383,3.06401,378.0,163.0
2025-07-25T07:49:26.829523,LTC-USDT,111.27,111.31,2.97,2.97
2025-07-25T07:49:26.927944,ETH-USDT,3618.92,3618.93,0.1663,0.4
2025-07-25T07:49:26.927997,XRP-USDT,3.06376,3.0639,378.0,163.0
2025-07-25T07:49:26.930229,SOL-USDT,177.0739,177.0745,1.511,3.19
2025-07-25T07:49:27.026991,ETH-USDT,3618.54,3618.93,1.3347,0.4
2025-07-25T07:49:27.027032,XRP-USDT,3.06387,3.06388,378.0,163.0
2025-07-25T07:49:27.128886,BTC-USDT,115244.28,115244.29,0.32019,0.001886995532967404
2025-07-25T07:49:27.128926,ETH-USDT,3618.92,3618.93,0.1663,0.4373
2025-07-25T07:49:27.128955,XRP-USDT,3.06387,3.06388,378.0,176.85
2025-07-25T07:49:27.226361,ETH-USDT,3618.92,3618.93,1.3344,0.4373
2025-07-25T07:49:27.227040,SOL-USDT,177.0744,177.0745,1.444,3.19
2025-07-25T07:49:27.326535,BTC-USDT,115244.28,115244.29,0.32019,0.2555069955329674
2025-07-25T07:49:27.326822,XRP-USDT,3.06387,3.06407,378.0,378.0
2025-07-25T07:49:27.429596,XRP-USDT,3.06387,3.06403,378.0,378.0
2025-07-25T07:49:27.529076,ETH-USDT,3619.19,3619.48,0.1663,0.0138
2025-07-25T07:49:27.529275,XRP-USDT,3.06406,3.06419,378.0,378.0
2025-07-25T07:49:27.627808,BTC-USDT,115244.28,115244.29,0.32019,0.1956549955329674
2025-07-25T07:49:27.631338,ETH-USDT,3619.19,3619.2,1.5006,0.3653
2025-07-25T07:49:27.631389,XRP-USDT,3.06406,3.0643,378.0,163.0
2025-07-25T07:49:27.631433,SOL-USDT,177.0744,177.0745,6.574,3.19
2025-07-25T07:49:27.631721,LTC-USDT,111.29,111.31,2.97,2.97
2025-07-25T07:49:27.728966,ETH-USDT,3619.47,3619.48,0.1663,0.3653
2025-07-25T07:49:27.729007,XRP-USDT,3.06406,3.06419,378.0,541.0
2025-07-25T07:49:27.729594,LTC-USDT,111.29,111.32,2.97,2.97
2025-07-25T07:49:27.827090,ETH-USDT,3619.28,3619.29,1.386,0.0399
2025-07-25T07:49:27.827134,XRP-USDT,3.06406,3.06418,378.0,378.0
2025-07-25T07:49:27.937861,ETH-USDT,3619.28,3619.29,1.3133,0.0399
2025-07-25T07:49:27.938395,XRP-USDT,3.06393,3.06418,378.0,378.0
2025-07-25T07:49:28.029007,ETH-USDT,3619.28,3619.29,1.3653,0.0399
2025-07-25T07:49:28.029316,XRP-USDT,3.06413,3.06434,378.0,163.0
2025-07-25T07:49:28.031290,SOL-USDT,177.0852,177.1097,5.13,0.169
2025-07-25T07:49:28.127821,ETH-USDT,3619.56,3619.57,0.1663,0.3653
2025-07-25T07:49:28.128667,SOL-USDT,177.1053,177.1097,1.562,0.169
