timestamp,symbol,bid,ask,bid_vol,ask_vol
2025-07-25T08:16:28.011501,A-USDT,0.5587,0.559,1290.7,1074.9
2025-07-25T08:16:28.011545,1INCH-USDT,0.2729,0.2734,4086.24,17745.93
2025-07-25T08:16:28.011579,AAVE-USDT,287.13,287.2,5.944,11.046
2025-07-25T08:16:28.011608,AAVE-USDT,287.16,287.2,0.192,11.046
2025-07-25T08:16:28.011637,A-USDT,0.5588,0.559,10.1,1074.9
2025-07-25T08:16:28.011667,AAVE-USDT,287.13,287.2,5.944,11.046
2025-07-25T08:16:28.011698,AAVE-USDT,287.13,287.2,5.944,11.046
2025-07-25T08:16:28.011728,AERGO-USDT,0.1307,0.1308,7357.72,5242.15
2025-07-25T08:16:28.011761,A-USDT,0.5587,0.559,1290.7,1074.9
2025-07-25T08:16:28.014198,ACE-USDT,0.561,0.563,9077.9,4051.8
2025-07-25T08:16:28.014243,1INCH-USDT,0.2729,0.2734,4086.24,17745.93
2025-07-25T08:16:28.014270,AERO-USDT,0.8758,0.8767,40.21,49.61
2025-07-25T08:16:28.014302,ACT-USDT,0.0439,0.044,684727.65,116486.76
2025-07-25T08:16:28.014334,ADA-USDT,0.7976,0.7978,8.8,24116.4
2025-07-25T08:16:28.014366,AAVE-USDT,287.13,287.2,5.944,11.046
2025-07-25T08:16:28.014395,AI-USDT,0.1308,0.131,11181.0,30009.0
2025-07-25T08:16:28.014428,AIXBT-USDT,0.1394,0.1396,77152.33,129042.84
2025-07-25T08:16:28.014462,1INCH-USDT,0.2729,0.2734,4086.24,17745.93
2025-07-25T08:16:28.014492,ACE-USDT,0.561,0.563,9077.9,4051.8
2025-07-25T08:16:28.014521,AGT-USDT,0.005569,0.005593,79927.0,91563.0
2025-07-25T08:16:28.014552,AEVO-USDT,0.1044,0.1045,19466.99,14512.82
2025-07-25T08:16:28.014586,AERO-USDT,0.8757,0.8766,30.92,49.61
2025-07-25T08:16:28.014615,AI16Z-USDT,0.1463,0.1465,1413.16,5678.14
2025-07-25T08:16:28.014648,ADA-USDT,0.7976,0.7978,8.8,24116.4
2025-07-25T08:16:28.021847,AAVE-USDT,287.13,287.2,5.944,11.046
2025-07-25T08:16:28.157239,ALCH-USDT,0.13725,0.13746,2664.11,260.11
2025-07-25T08:16:28.157453,AERGO-USDT,0.1307,0.1308,7357.72,5242.15
2025-07-25T08:16:28.161580,AI-USDT,0.1308,0.131,11181.0,30009.0
2025-07-25T08:16:28.163483,AGT-USDT,0.005569,0.005593,79927.0,91563.0
2025-07-25T08:16:28.166932,1INCH-USDT,0.2729,0.2734,4086.24,17745.93
2025-07-25T08:16:28.166971,ANIME-USDT,0.01861,0.01863,154844.66,998.88
2025-07-25T08:16:28.173660,AI16Z-USDT,0.1463,0.1465,1413.16,5678.14
2025-07-25T08:16:28.173700,AEVO-USDT,0.1044,0.1045,19466.99,14512.82
2025-07-25T08:16:28.173728,ALGO-USDT,0.2576,0.2577,23095.2,5626.73
2025-07-25T08:16:28.174156,ACT-USDT,0.0439,0.044,684727.65,116486.76
2025-07-25T08:16:28.176120,AERO-USDT,0.8757,0.8766,30.92,49.61
2025-07-25T08:16:28.183247,ADA-USDT,0.7976,0.7978,8.8,24116.4
2025-07-25T08:16:28.524392,AAVE-USDT,287.13,287.2,5.944,11.046
2025-07-25T08:16:28.659302,ALCH-USDT,0.13725,0.13746,2664.11,260.11
2025-07-25T08:16:28.659340,AERGO-USDT,0.1308,0.131,8511.8,10730.68
2025-07-25T08:16:28.659385,AI-USDT,0.1308,0.131,11181.0,30009.0
2025-07-25T08:16:28.663139,AGT-USDT,0.005569,0.005593,79927.0,91563.0
2025-07-25T08:16:28.665453,1INCH-USDT,0.2729,0.2734,4086.24,17745.93
2025-07-25T08:16:28.665494,ANIME-USDT,0.01861,0.01863,154844.66,998.88
2025-07-25T08:16:28.672990,AI16Z-USDT,0.1463,0.1465,1413.16,5678.14
2025-07-25T08:16:28.676650,ACT-USDT,0.0439,0.044,684727.65,116486.76
2025-07-25T08:16:28.676691,AERO-USDT,0.8757,0.8766,30.92,49.61
2025-07-25T08:16:28.681960,ADA-USDT,0.7976,0.7978,8.8,24116.4
2025-07-25T08:16:28.913192,A-USDT,0.5589,0.559,10.0,1074.9
2025-07-25T08:16:29.026849,AAVE-USDT,287.13,287.2,5.944,11.046
2025-07-25T08:16:29.158334,ALCH-USDT,0.13725,0.13746,2664.11,260.11
2025-07-25T08:16:29.165002,A-USDT,0.5587,0.559,1290.7,1074.9
2025-07-25T08:16:29.165048,AIXBT-USDT,0.1394,0.1396,77152.33,129042.84
2025-07-25T08:16:29.168501,1INCH-USDT,0.2729,0.2734,4086.24,17745.93
2025-07-25T08:16:29.168550,AGT-USDT,0.005569,0.005593,79927.0,91563.0
2025-07-25T08:16:29.168589,ACE-USDT,0.561,0.563,9077.9,4051.8
2025-07-25T08:16:29.173176,AI16Z-USDT,0.1463,0.1465,1413.16,5678.14
2025-07-25T08:16:29.173916,AEVO-USDT,0.1044,0.1045,19466.99,14512.82
2025-07-25T08:16:29.178579,AERO-USDT,0.8757,0.8766,30.92,49.61
2025-07-25T08:16:29.178620,ALGO-USDT,0.2576,0.2577,23095.2,5626.73
2025-07-25T08:16:29.178858,ACT-USDT,0.0439,0.044,684727.65,116486.76
2025-07-25T08:16:29.410638,AIXBT-USDT,0.1395,0.1396,452.79,129042.84
2025-07-25T08:16:29.531350,AAVE-USDT,287.13,287.2,5.944,11.046
2025-07-25T08:16:29.657805,ALCH-USDT,0.13725,0.13746,3129.08,260.11
2025-07-25T08:16:29.659711,AI-USDT,0.1308,0.131,11181.0,30009.0
2025-07-25T08:16:29.663628,AGT-USDT,0.005569,0.005593,79927.0,91563.0
2025-07-25T08:16:29.663668,AIXBT-USDT,0.1394,0.1396,77152.33,129042.84
2025-07-25T08:16:29.664667,ANIME-USDT,0.01861,0.01863,154844.66,998.88
2025-07-25T08:16:29.667978,1INCH-USDT,0.2729,0.2734,4086.24,17745.93
2025-07-25T08:16:29.672026,ALGO-USDT,0.2576,0.2577,23095.2,5626.73
2025-07-25T08:16:29.673237,AEVO-USDT,0.1044,0.1045,19466.99,14512.82
2025-07-25T08:16:29.673714,ACT-USDT,0.0439,0.044,684727.65,116486.76
2025-07-25T08:16:29.675055,ACE-USDT,0.561,0.563,9077.9,4051.8
2025-07-25T08:16:29.815800,AERO-USDT,0.8757,0.8766,30.92,49.61
2025-07-25T08:16:29.866206,AAVE-USDT,287.16,287.2,0.212,11.046
2025-07-25T08:16:29.912210,AI-USDT,0.1309,0.131,287.0,30009.0
2025-07-25T08:16:29.931017,AI16Z-USDT,0.1464,0.1465,432.45,5678.14
2025-07-25T08:16:29.939947,AAVE-USDT,287.13,287.2,5.944,11.046
2025-07-25T08:16:30.161116,AI-USDT,0.1308,0.131,11181.0,30009.0
2025-07-25T08:16:30.163834,AIXBT-USDT,0.1394,0.1396,77152.33,129042.84
2025-07-25T08:16:30.165216,1INCH-USDT,0.2729,0.2734,4086.24,17745.93
2025-07-25T08:16:30.165252,ANIME-USDT,0.01861,0.01863,154844.66,998.88
2025-07-25T08:16:30.174941,ALGO-USDT,0.2576,0.2577,23095.2,5626.73
2025-07-25T08:16:30.174992,AEVO-USDT,0.1044,0.1045,19466.99,14512.82
2025-07-25T08:16:30.180478,AERO-USDT,0.8757,0.8766,30.92,49.61
2025-07-25T08:16:30.186679,AI16Z-USDT,0.1463,0.1465,1413.16,5678.14
2025-07-25T08:16:30.306655,ACT-USDT,0.0439,0.044,684727.65,116486.76
2025-07-25T08:16:30.309651,AAVE-USDT,287.19,287.2,0.053,11.046
2025-07-25T08:16:30.340520,AAVE-USDT,287.13,287.2,5.944,11.046
2025-07-25T08:16:30.496162,AI-USDT,0.1309,0.131,190.0,30009.0
2025-07-25T08:16:30.542021,AAVE-USDT,287.18,287.26,13.612,3.32
2025-07-25T08:16:30.567755,AAVE-USDT,287.19,287.26,0.038,3.32
2025-07-25T08:16:30.643104,AAVE-USDT,287.18,287.26,13.612,3.32
2025-07-25T08:16:30.657277,AERGO-USDT,0.1307,0.1308,7805.73,3234.69
2025-07-25T08:16:30.658825,AI-USDT,0.1308,0.131,11181.0,30009.0
2025-07-25T08:16:30.662646,AGT-USDT,0.005569,0.005593,79927.0,91563.0
2025-07-25T08:16:30.663180,AIXBT-USDT,0.1396,0.1397,110540.05,31540.8
2025-07-25T08:16:30.664032,1INCH-USDT,0.2729,0.2734,4086.24,17745.93
2025-07-25T08:16:30.664721,ANIME-USDT,0.01861,0.01863,154844.66,998.88
2025-07-25T08:16:30.668249,ACE-USDT,0.561,0.563,9077.9,4051.8
2025-07-25T08:16:30.674969,AI16Z-USDT,0.1463,0.1465,1413.16,5678.14
2025-07-25T08:16:30.675006,ALGO-USDT,0.2576,0.2577,23095.2,5626.73
2025-07-25T08:16:30.675035,AEVO-USDT,0.1044,0.1045,19466.99,14512.82
2025-07-25T08:16:30.675702,AERO-USDT,0.8755,0.8764,1330.08,49.9
2025-07-25T08:16:30.682716,ADA-USDT,0.798,0.7981,49334.2,16126.6
2025-07-25T08:16:30.956907,A-USDT,0.5587,0.5589,1290.7,12.9
2025-07-25T08:16:31.045352,AAVE-USDT,287.19,287.22,13.906,18.037
2025-07-25T08:16:31.161730,ALCH-USDT,0.13725,0.13746,3129.08,260.11
2025-07-25T08:16:31.161771,AERGO-USDT,0.1307,0.1308,7805.73,3234.69
2025-07-25T08:16:31.161820,A-USDT,0.5587,0.559,1290.7,1074.9
2025-07-25T08:16:31.163009,AGT-USDT,0.005569,0.005593,79927.0,91563.0
2025-07-25T08:16:31.165733,ANIME-USDT,0.01861,0.01863,154844.66,998.88
2025-07-25T08:16:31.165771,ACE-USDT,0.561,0.563,9077.9,4051.8
2025-07-25T08:16:31.165819,AIXBT-USDT,0.1396,0.1397,110540.05,31540.8
2025-07-25T08:16:31.166388,1INCH-USDT,0.2732,0.2736,215.16,6024.12
2025-07-25T08:16:31.173838,ALGO-USDT,0.2576,0.2577,23095.2,26368.66
2025-07-25T08:16:31.173883,AEVO-USDT,0.1044,0.1045,19466.99,14512.82
2025-07-25T08:16:31.173912,AI16Z-USDT,0.1463,0.1465,1413.16,5678.14
2025-07-25T08:16:31.173934,ACT-USDT,0.044,0.0442,107002.17,486095.04
2025-07-25T08:16:31.175542,AI-USDT,0.1309,0.131,13669.0,669.0
2025-07-25T08:16:31.175971,AERO-USDT,0.8759,0.8764,84.93,49.9
2025-07-25T08:16:31.185912,ADA-USDT,0.798,0.7981,49334.2,16126.6
2025-07-25T08:16:31.548278,AAVE-USDT,287.21,287.31,12.012,7.468
2025-07-25T08:16:31.656743,ALCH-USDT,0.13725,0.13746,3129.08,260.11
2025-07-25T08:16:31.660325,AI-USDT,0.1309,0.131,13669.0,669.0
2025-07-25T08:16:31.663889,AGT-USDT,0.005569,0.005593,79927.0,91563.0
2025-07-25T08:16:31.663926,AIXBT-USDT,0.1396,0.1397,110540.05,31540.8
2025-07-25T08:16:31.665759,ANIME-USDT,0.01861,0.01863,154844.66,998.88
2025-07-25T08:16:31.666375,ACE-USDT,0.561,0.563,9077.9,4051.8
2025-07-25T08:16:31.672056,ALGO-USDT,0.2576,0.2577,39648.0,20741.93
2025-07-25T08:16:31.673632,AEVO-USDT,0.1044,0.1045,19466.99,14512.82
2025-07-25T08:16:31.673685,AI16Z-USDT,0.1463,0.1465,1413.16,5678.14
2025-07-25T08:16:31.684101,AERO-USDT,0.8759,0.8764,84.93,49.9
2025-07-25T08:16:31.684546,ADA-USDT,0.798,0.7981,49334.2,16126.6
2025-07-25T08:16:31.930400,ANIME-USDT,0.01861,0.01862,154844.66,20085.42
2025-07-25T08:16:31.945312,AAVE-USDT,287.23,287.31,0.041,7.468
2025-07-25T08:16:31.953688,AAVE-USDT,287.21,287.31,12.012,7.468
2025-07-25T08:16:32.055206,AAVE-USDT,287.2,287.26,7.682,2.296
2025-07-25T08:16:32.157226,ALCH-USDT,0.13725,0.13746,3129.08,260.11
2025-07-25T08:16:32.160450,AI-USDT,0.1309,0.131,13669.0,669.0
2025-07-25T08:16:32.164845,AIXBT-USDT,0.1396,0.1397,110540.05,31540.8
2025-07-25T08:16:32.166569,ANIME-USDT,0.01861,0.01863,154844.66,998.88
2025-07-25T08:16:32.168858,ACE-USDT,0.561,0.563,9077.9,4051.8
2025-07-25T08:16:32.173488,AEVO-USDT,0.1044,0.1045,19466.99,14512.82
2025-07-25T08:16:32.173527,AI16Z-USDT,0.1463,0.1465,1413.16,5678.14
2025-07-25T08:16:32.176695,ACT-USDT,0.044,0.0442,107002.17,486095.04
2025-07-25T08:16:32.179759,AERO-USDT,0.8759,0.8764,84.93,49.9
2025-07-25T08:16:32.184273,ADA-USDT,0.798,0.7981,49334.2,16126.6
2025-07-25T08:16:32.557270,AAVE-USDT,287.19,287.2,7.87,0.293
2025-07-25T08:16:32.656381,ALCH-USDT,0.13727,0.13748,2917.6,260.11
2025-07-25T08:16:32.659848,AERGO-USDT,0.1308,0.131,11042.69,12455.19
2025-07-25T08:16:32.662517,AI-USDT,0.1309,0.131,13669.0,669.0
2025-07-25T08:16:32.663111,AGT-USDT,0.005569,0.005593,79927.0,91563.0
2025-07-25T08:16:32.663158,AIXBT-USDT,0.1396,0.1397,110540.05,31540.8
2025-07-25T08:16:32.663439,1INCH-USDT,0.2732,0.2736,215.16,6024.12
2025-07-25T08:16:32.669621,ANIME-USDT,0.01861,0.01863,154844.66,998.88
2025-07-25T08:16:32.675105,AEVO-USDT,0.1045,0.1046,2534.59,61269.72
2025-07-25T08:16:32.677263,ACT-USDT,0.044,0.0442,107002.17,486095.04
2025-07-25T08:16:32.677726,AI16Z-USDT,0.1463,0.1465,1413.16,5678.14
2025-07-25T08:16:32.685546,ADA-USDT,0.798,0.7981,49334.2,16126.6
2025-07-25T08:16:32.724648,AERO-USDT,0.8762,0.8764,511.14,49.9
2025-07-25T08:16:32.918079,A-USDT,0.5587,0.5589,1290.7,10.0
2025-07-25T08:16:33.056569,AAVE-USDT,287.15,287.16,35.171,10.932
2025-07-25T08:16:33.157329,AERGO-USDT,0.1308,0.131,11042.69,12455.19
2025-07-25T08:16:33.160843,A-USDT,0.5587,0.559,1290.7,1074.9
2025-07-25T08:16:33.160890,AI-USDT,0.1309,0.131,13669.0,669.0
2025-07-25T08:16:33.168566,AGT-USDT,0.005569,0.005598,79927.0,82469.0
2025-07-25T08:16:33.168614,AIXBT-USDT,0.1396,0.1397,110540.05,31540.8
2025-07-25T08:16:33.168641,1INCH-USDT,0.2732,0.2736,215.16,6024.12
2025-07-25T08:16:33.168665,ANIME-USDT,0.01862,0.01864,90667.7,38544.36
2025-07-25T08:16:33.169047,ACE-USDT,0.56,0.561,392.6,3802.6
2025-07-25T08:16:33.172867,ALGO-USDT,0.2576,0.2577,39648.0,20741.93
2025-07-25T08:16:33.174219,AEVO-USDT,0.1045,0.1046,2534.59,61269.72
2025-07-25T08:16:33.177797,ACT-USDT,0.044,0.0442,107002.17,486095.04
2025-07-25T08:16:33.182509,AERO-USDT,0.8759,0.8764,84.93,49.9
2025-07-25T08:16:33.187436,ADA-USDT,0.7977,0.7979,14016.2,64913.1
2025-07-25T08:16:33.560990,AAVE-USDT,287.11,287.12,0.024,8.492
2025-07-25T08:16:33.656607,ALCH-USDT,0.13727,0.13748,2917.6,260.11
2025-07-25T08:16:33.658448,AERGO-USDT,0.1307,0.1308,4523.3,11278.98
2025-07-25T08:16:33.660815,AI-USDT,0.1308,0.1309,5.0,2833.0
2025-07-25T08:16:33.668133,AGT-USDT,0.005569,0.005598,79927.0,82469.0
2025-07-25T08:16:33.668175,AIXBT-USDT,0.1396,0.1397,110540.05,31540.8
2025-07-25T08:16:33.668203,1INCH-USDT,0.2729,0.2734,1078.2,14946.09
2025-07-25T08:16:33.668228,ANIME-USDT,0.01862,0.01864,90667.7,38544.36
2025-07-25T08:16:33.672940,ALGO-USDT,0.2576,0.2577,39648.0,20741.93
2025-07-25T08:16:33.672990,AI16Z-USDT,0.1463,0.1465,1413.16,5678.14
2025-07-25T08:16:33.677733,AEVO-USDT,0.1045,0.1046,2534.59,61269.72
2025-07-25T08:16:33.677799,ACT-USDT,0.044,0.0442,107002.17,486095.04
2025-07-25T08:16:33.678244,AERO-USDT,0.8759,0.8764,84.93,49.9
2025-07-25T08:16:33.686329,ADA-USDT,0.7974,0.7975,61402.5,65253.6
2025-07-25T08:16:34.065098,AAVE-USDT,287.05,287.06,0.024,4.668
2025-07-25T08:16:34.156969,ALCH-USDT,0.13725,0.13744,3347.62,1704.6
2025-07-25T08:16:34.157008,AERGO-USDT,0.1307,0.1308,4523.3,11278.98
2025-07-25T08:16:34.160622,AI-USDT,0.1308,0.1309,5.0,2833.0
2025-07-25T08:16:34.161802,AGT-USDT,0.005569,0.005595,79927.0,8524.0
2025-07-25T08:16:34.162698,AIXBT-USDT,0.1396,0.1397,110540.05,31540.8
2025-07-25T08:16:34.163747,1INCH-USDT,0.2729,0.2734,1078.2,14946.09
2025-07-25T08:16:34.168177,ACE-USDT,0.56,0.561,21078.1,3802.6
2025-07-25T08:16:34.175697,AEVO-USDT,0.1045,0.1046,2534.59,61269.72
2025-07-25T08:16:34.175733,AI16Z-USDT,0.1463,0.1464,1413.16,2985.16
2025-07-25T08:16:34.175753,ACT-USDT,0.044,0.0442,107002.17,486095.04
2025-07-25T08:16:34.178778,AERO-USDT,0.8759,0.8764,84.93,49.9
2025-07-25T08:16:34.183004,ADA-USDT,0.7974,0.7975,61402.5,65253.6
2025-07-25T08:16:34.283769,ACT-USDT,0.0441,0.0442,94.16,486095.04
2025-07-25T08:16:34.565398,AAVE-USDT,287.05,287.06,0.024,4.668
2025-07-25T08:16:34.656048,ALCH-USDT,0.13726,0.13744,2223.3,1704.6
2025-07-25T08:16:34.661176,AERGO-USDT,0.1309,0.131,3329.28,7680.27
2025-07-25T08:16:34.661280,AI-USDT,0.1308,0.1309,5.0,2833.0
2025-07-25T08:16:34.662505,AGT-USDT,0.005573,0.005593,13438.0,8524.0
2025-07-25T08:16:34.663620,AIXBT-USDT,0.1394,0.1396,309521.28,77562.96
2025-07-25T08:16:34.664143,1INCH-USDT,0.2729,0.2734,1078.2,14946.09
2025-07-25T08:16:34.666574,ACE-USDT,0.56,0.561,21078.1,3802.6
2025-07-25T08:16:34.676858,ALGO-USDT,0.2574,0.2575,3372.0,2287.13
2025-07-25T08:16:34.676926,AEVO-USDT,0.1045,0.1046,2534.59,61269.72
2025-07-25T08:16:34.676960,ACT-USDT,0.0442,0.0443,71815.29,229652.28
2025-07-25T08:16:34.677966,AERO-USDT,0.8758,0.8762,39.82,74.47
2025-07-25T08:16:34.684886,ADA-USDT,0.7974,0.7975,61402.5,65253.6
2025-07-25T08:16:34.901583,A-USDT,0.5589,0.559,11.6,1074.9
2025-07-25T08:16:35.072245,AAVE-USDT,287.07,287.12,11.921,7.334
2025-07-25T08:16:35.165613,AERGO-USDT,0.1309,0.131,3329.28,15434.91
2025-07-25T08:16:35.166250,A-USDT,0.5587,0.559,1290.7,1074.9
2025-07-25T08:16:35.166287,AI-USDT,0.1308,0.1309,5.0,2833.0
2025-07-25T08:16:35.166312,AIXBT-USDT,0.1394,0.1396,309521.28,77562.96
2025-07-25T08:16:35.166342,1INCH-USDT,0.273,0.2734,194.52,14946.09
2025-07-25T08:16:35.166363,ANIME-USDT,0.01862,0.01864,90667.7,38544.36
2025-07-25T08:16:35.167433,ACE-USDT,0.56,0.561,392.6,3802.6
2025-07-25T08:16:35.174811,AEVO-USDT,0.1045,0.1046,2534.59,61269.72
2025-07-25T08:16:35.174852,ALGO-USDT,0.2574,0.2575,3372.0,2287.13
2025-07-25T08:16:35.178100,AERO-USDT,0.8758,0.8762,39.82,74.47
2025-07-25T08:16:35.186180,ADA-USDT,0.7977,0.7978,58185.7,7723.2
2025-07-25T08:16:35.277579,ACT-USDT,0.0442,0.0443,71815.29,229652.28
2025-07-25T08:16:35.278007,AGT-USDT,0.005573,0.005593,13438.0,8524.0
2025-07-25T08:16:35.278054,ALCH-USDT,0.13725,0.13744,3347.62,1704.6
2025-07-25T08:16:35.575778,AAVE-USDT,287.1,287.18,7.87,7.479
2025-07-25T08:16:35.656320,ALCH-USDT,0.13725,0.13744,3347.62,1704.6
2025-07-25T08:16:35.657564,AERGO-USDT,0.1306,0.1309,8316.34,18012.1
2025-07-25T08:16:35.659724,AI-USDT,0.1308,0.1309,5.0,2833.0
2025-07-25T08:16:35.665458,AIXBT-USDT,0.1394,0.1396,42406.69,77562.96
2025-07-25T08:16:35.665496,AGT-USDT,0.005569,0.005594,80204.0,12840.0
2025-07-25T08:16:35.665525,1INCH-USDT,0.273,0.2735,194.52,16864.65
2025-07-25T08:16:35.665550,ANIME-USDT,0.01862,0.01864,90667.7,38544.36
2025-07-25T08:16:35.665592,ACE-USDT,0.56,0.561,392.6,3802.6
2025-07-25T08:16:35.671741,AI16Z-USDT,0.1463,0.1464,1413.16,2985.16
2025-07-25T08:16:35.671806,AEVO-USDT,0.1045,0.1046,2534.59,61269.72
2025-07-25T08:16:35.675180,ACT-USDT,0.0442,0.0443,71815.29,229652.28
2025-07-25T08:16:35.675230,AERO-USDT,0.8758,0.8762,39.82,74.47
2025-07-25T08:16:35.682936,ADA-USDT,0.7977,0.7978,58185.7,7723.2
2025-07-25T08:16:35.927390,AAVE-USDT,287.15,287.18,0.902,7.479
2025-07-25T08:16:35.983561,AAVE-USDT,287.1,287.18,7.87,7.479
2025-07-25T08:16:36.079461,AAVE-USDT,287.1,287.18,7.87,0.24
2025-07-25T08:16:36.157264,ALCH-USDT,0.13725,0.13744,3347.62,1704.6
2025-07-25T08:16:36.160178,AI-USDT,0.1308,0.1309,5.0,2833.0
2025-07-25T08:16:36.164376,AGT-USDT,0.005569,0.005594,80204.0,12840.0
2025-07-25T08:16:36.204453,ANIME-USDT,0.01862,0.01864,90667.7,38544.36
2025-07-25T08:16:36.204487,1INCH-USDT,0.273,0.2735,194.52,25683.44
2025-07-25T08:16:36.204506,AI16Z-USDT,0.1463,0.1464,1413.16,2985.16
2025-07-25T08:16:36.204524,ACT-USDT,0.044,0.0442,974745.45,506518.8
2025-07-25T08:16:36.204544,AEVO-USDT,0.1045,0.1046,2534.59,61269.72
2025-07-25T08:16:36.204586,AERO-USDT,0.8758,0.8762,39.82,74.47
2025-07-25T08:16:36.204611,ADA-USDT,0.798,0.7981,45749.8,27980.8
2025-07-25T08:16:36.585470,AAVE-USDT,287.23,287.27,2.998,9.96
2025-07-25T08:16:36.657123,ALCH-USDT,0.13725,0.13749,2276.61,258.84
2025-07-25T08:16:36.660249,AI-USDT,0.1308,0.1309,5.0,2833.0
2025-07-25T08:16:36.662314,AGT-USDT,0.005569,0.005594,80204.0,12840.0
2025-07-25T08:16:36.663224,AIXBT-USDT,0.1396,0.1397,101512.57,34722.96
2025-07-25T08:16:36.666688,1INCH-USDT,0.273,0.2735,194.52,16864.65
2025-07-25T08:16:36.666725,ANIME-USDT,0.01862,0.01864,90667.7,38544.36
2025-07-25T08:16:36.672211,ALGO-USDT,0.2576,0.2577,41344.8,3353.93
2025-07-25T08:16:36.672240,AI16Z-USDT,0.1464,0.1465,695.99,4683.81
2025-07-25T08:16:36.673584,AEVO-USDT,0.1045,0.1046,2534.59,61269.72
2025-07-25T08:16:36.676074,ACT-USDT,0.044,0.0442,88327.65,506518.8
2025-07-25T08:16:36.676938,AERO-USDT,0.8758,0.8762,39.82,74.47
2025-07-25T08:16:36.684973,ADA-USDT,0.798,0.7981,45749.8,27980.8
2025-07-25T08:16:36.950538,AERO-USDT,0.8758,0.8761,39.82,17.11
2025-07-25T08:16:36.963313,A-USDT,0.5589,0.559,22.3,1074.9
2025-07-25T08:16:37.087320,AAVE-USDT,287.26,287.32,9.366,15.454
2025-07-25T08:16:37.156142,ALCH-USDT,0.13725,0.13749,2276.61,258.84
2025-07-25T08:16:37.156448,AERGO-USDT,0.1307,0.1308,8731.01,10775.25
2025-07-25T08:16:37.159927,A-USDT,0.5587,0.559,1290.7,1074.9
2025-07-25T08:16:37.163269,AI-USDT,0.1309,0.131,3714.0,2924.0
2025-07-25T08:16:37.168996,1INCH-USDT,0.273,0.2735,194.52,16864.65
2025-07-25T08:16:37.169034,AGT-USDT,0.005569,0.005593,80204.0,91563.0
2025-07-25T08:16:37.169063,ACE-USDT,0.56,0.561,392.6,3802.6
2025-07-25T08:16:37.173213,ALGO-USDT,0.2576,0.2577,41344.8,3353.93
2025-07-25T08:16:37.177011,AEVO-USDT,0.1045,0.1046,2534.59,61269.72
2025-07-25T08:16:37.177050,AI16Z-USDT,0.1464,0.1466,695.99,2862.0
2025-07-25T08:16:37.177080,ACT-USDT,0.044,0.0442,88327.65,506518.8
2025-07-25T08:16:37.180771,AERO-USDT,0.8758,0.8762,39.82,74.47
2025-07-25T08:16:37.344888,1INCH-USDT,0.273,0.2733,194.52,103.32
2025-07-25T08:16:37.590981,AAVE-USDT,287.26,287.32,9.366,3.03
2025-07-25T08:16:37.660272,ALCH-USDT,0.13725,0.13749,2276.61,258.84
2025-07-25T08:16:37.660318,AERGO-USDT,0.1307,0.1308,8731.01,10775.25
2025-07-25T08:16:37.660347,A-USDT,0.5589,0.5592,1869.3,955.2
2025-07-25T08:16:37.662180,AGT-USDT,0.005569,0.005593,80204.0,91563.0
2025-07-25T08:16:37.666710,AIXBT-USDT,0.1396,0.1397,101512.57,103631.34
2025-07-25T08:16:37.666754,1INCH-USDT,0.273,0.2735,194.52,16864.65
2025-07-25T08:16:37.667096,ACE-USDT,0.56,0.561,392.6,3802.6
2025-07-25T08:16:37.672246,ALGO-USDT,0.2576,0.2577,41344.8,3353.93
2025-07-25T08:16:37.672292,AEVO-USDT,0.1045,0.1046,2534.59,61269.72
2025-07-25T08:16:37.676032,ACT-USDT,0.044,0.0442,88327.65,506518.8
2025-07-25T08:16:37.677801,AERO-USDT,0.8759,0.8762,17.38,74.47
2025-07-25T08:16:37.686557,ADA-USDT,0.7982,0.7983,23316.7,28242.8
2025-07-25T08:16:37.839997,AAVE-USDT,287.29,287.32,0.064,3.03
2025-07-25T08:16:37.892079,AAVE-USDT,287.26,287.32,9.366,3.03
2025-07-25T08:16:38.096938,AAVE-USDT,287.3,287.38,14.35,10.043
2025-07-25T08:16:38.164324,ALCH-USDT,0.13734,0.13749,2744.22,258.84
2025-07-25T08:16:38.164363,AI-USDT,0.1309,0.131,3714.0,2924.0
2025-07-25T08:16:38.164392,AGT-USDT,0.005569,0.005593,80204.0,91563.0
2025-07-25T08:16:38.164447,AIXBT-USDT,0.1398,0.1399,19256.53,43001.64
2025-07-25T08:16:38.164474,1INCH-USDT,0.273,0.2735,194.52,16864.65
2025-07-25T08:16:38.167061,ACE-USDT,0.56,0.561,392.6,3802.6
2025-07-25T08:16:38.173513,AEVO-USDT,0.1045,0.1046,44870.91,10444.6
2025-07-25T08:16:38.174313,ACT-USDT,0.044,0.0442,88327.65,506518.8
2025-07-25T08:16:38.180129,AERO-USDT,0.8759,0.8767,17.38,49.9
2025-07-25T08:16:38.180273,ALGO-USDT,0.2576,0.2577,41344.8,3353.93
2025-07-25T08:16:38.184583,ADA-USDT,0.7982,0.7983,23316.7,28242.8
2025-07-25T08:16:38.921380,A-USDT,0.5589,0.5591,1869.3,14.0
2025-07-25T08:16:39.006842,AAVE-USDT,287.31,287.39,13.174,34.617
2025-07-25T08:16:39.514429,AAVE-USDT,287.31,287.37,13.174,6.354
2025-07-25T08:16:39.736851,AAVE-USDT,287.31,287.35,13.174,0.279
2025-07-25T08:16:39.810231,AAVE-USDT,287.31,287.37,13.174,6.354
2025-07-25T08:16:40.011014,AAVE-USDT,287.31,287.4,13.174,17.809
2025-07-25T08:16:40.233884,AERGO-USDT,0.1307,0.1308,8731.01,10775.25
2025-07-25T08:16:40.378693,ALCH-USDT,0.13726,0.1375,2541.65,1090.64
2025-07-25T08:16:40.378734,ALCH-USDT,0.13726,0.1375,2541.65,1090.64
2025-07-25T08:16:40.378755,AI-USDT,0.1309,0.131,3714.0,2924.0
2025-07-25T08:16:40.378774,AGT-USDT,0.005572,0.005593,72183.0,91563.0
2025-07-25T08:16:40.380973,AIXBT-USDT,0.1398,0.1399,19256.53,43001.64
2025-07-25T08:16:40.386401,1INCH-USDT,0.2732,0.2737,3729.48,11051.97
2025-07-25T08:16:40.387278,ANIME-USDT,0.01862,0.01864,90667.7,38544.36
2025-07-25T08:16:40.387316,AEVO-USDT,0.1043,0.1045,106033.39,1254.23
2025-07-25T08:16:40.391177,ACE-USDT,0.56,0.561,392.6,3802.6
2025-07-25T08:16:40.399839,AI16Z-USDT,0.1464,0.1466,695.99,2862.0
2025-07-25T08:16:40.406512,ACT-USDT,0.044,0.0442,88327.65,506518.8
2025-07-25T08:16:40.406561,AEVO-USDT,0.1043,0.1046,106033.39,56657.57
2025-07-25T08:16:40.406593,ALGO-USDT,0.2576,0.2577,41344.8,3353.93
2025-07-25T08:16:40.406623,AERO-USDT,0.8759,0.8767,17.38,49.9
2025-07-25T08:16:40.408902,A-USDT,0.5589,0.5592,1869.3,955.2
2025-07-25T08:16:40.411228,ADA-USDT,0.7984,0.7985,25739.8,3248.6
2025-07-25T08:16:40.433256,ALCH-USDT,0.13726,0.1375,2541.65,1090.64
2025-07-25T08:16:40.437522,AI16Z-USDT,0.1464,0.1466,695.99,2862.0
2025-07-25T08:16:40.438064,ACT-USDT,0.044,0.0442,88327.65,506518.8
2025-07-25T08:16:40.441686,ALCH-USDT,0.13726,0.1375,2541.65,1090.64
2025-07-25T08:16:40.656338,ALCH-USDT,0.13726,0.1375,2541.65,1090.64
2025-07-25T08:16:40.659442,AIXBT-USDT,0.1398,0.1399,19256.53,43001.64
2025-07-25T08:16:40.659676,AI-USDT,0.1309,0.131,3714.0,2924.0
2025-07-25T08:16:40.660032,1INCH-USDT,0.2732,0.2737,3729.48,11051.97
2025-07-25T08:16:40.665173,ALGO-USDT,0.2576,0.2577,41344.8,3353.93
2025-07-25T08:16:40.923149,A-USDT,0.5591,0.5592,16.2,955.2
2025-07-25T08:16:41.048049,AAVE-USDT,287.31,287.4,13.174,17.809
2025-07-25T08:16:41.160195,AERGO-USDT,0.1307,0.1308,8731.01,10775.25
2025-07-25T08:16:41.160232,A-USDT,0.5589,0.5592,1869.3,955.2
2025-07-25T08:16:41.164556,AIXBT-USDT,0.1398,0.1399,19256.53,43001.64
2025-07-25T08:16:41.164609,ANIME-USDT,0.01862,0.01864,90667.7,38544.36
2025-07-25T08:16:41.164869,AGT-USDT,0.005572,0.005593,72183.0,91563.0
2025-07-25T08:16:41.171264,ALGO-USDT,0.2576,0.2577,41344.8,3353.93
2025-07-25T08:16:41.174335,ACT-USDT,0.044,0.0442,88327.65,506518.8
2025-07-25T08:16:41.175226,AEVO-USDT,0.1043,0.1046,106033.39,56657.57
2025-07-25T08:16:41.177988,AERO-USDT,0.8759,0.8767,17.38,49.9
2025-07-25T08:16:41.180413,AAVE-USDT,287.35,287.4,3.559,17.809
2025-07-25T08:16:41.252113,AAVE-USDT,287.31,287.4,13.174,17.809
2025-07-25T08:16:41.550368,AAVE-USDT,287.29,287.3,14.674,8.205
2025-07-25T08:16:41.662389,AI-USDT,0.1309,0.131,3714.0,2924.0
2025-07-25T08:16:41.662433,AGT-USDT,0.005572,0.005593,72183.0,91563.0
2025-07-25T08:16:41.663367,AIXBT-USDT,0.1398,0.1399,19256.53,43001.64
2025-07-25T08:16:41.663888,ANIME-USDT,0.01862,0.01864,90667.7,38544.36
2025-07-25T08:16:41.668295,1INCH-USDT,0.2732,0.2737,3729.48,11051.97
2025-07-25T08:16:41.674157,ALGO-USDT,0.2576,0.2577,50301.6,2462.33
2025-07-25T08:16:41.674203,AI16Z-USDT,0.1464,0.1466,695.99,2862.0
2025-07-25T08:16:41.674238,AEVO-USDT,0.1043,0.1046,106033.39,56657.57
2025-07-25T08:16:41.675403,ACT-USDT,0.044,0.0442,88327.65,506518.8
2025-07-25T08:16:41.688226,AERO-USDT,0.8759,0.8767,17.38,49.9
2025-07-25T08:16:42.052550,AAVE-USDT,287.27,287.3,0.168,8.205
2025-07-25T08:16:42.158076,ALCH-USDT,0.13726,0.1375,2541.65,1090.64
2025-07-25T08:16:42.159531,AI-USDT,0.1309,0.131,3714.0,2924.0
2025-07-25T08:16:42.163518,AIXBT-USDT,0.1398,0.1399,19256.53,43001.64
2025-07-25T08:16:42.163562,AGT-USDT,0.005572,0.005593,72183.0,91563.0
2025-07-25T08:16:42.163591,1INCH-USDT,0.2732,0.2737,3729.48,11051.97
2025-07-25T08:16:42.164443,ANIME-USDT,0.01862,0.01864,90667.7,38544.36
2025-07-25T08:16:42.170101,ACE-USDT,0.56,0.561,392.6,3802.6
2025-07-25T08:16:42.170540,ALGO-USDT,0.2576,0.2577,50301.6,2462.33
2025-07-25T08:16:42.174946,AEVO-USDT,0.1043,0.1046,106033.39,56657.57
2025-07-25T08:16:42.175294,AI16Z-USDT,0.1464,0.1466,695.99,2862.0
2025-07-25T08:16:42.175331,AERO-USDT,0.8759,0.8767,17.38,49.9
2025-07-25T08:16:42.181815,ADA-USDT,0.7984,0.7985,25739.8,3248.6
2025-07-25T08:16:42.554604,AAVE-USDT,287.27,287.3,0.168,8.205
2025-07-25T08:16:42.656861,ALCH-USDT,0.13726,0.1375,2541.65,1090.64
2025-07-25T08:16:42.660218,AI-USDT,0.131,0.1311,11512.0,1956.0
2025-07-25T08:16:42.665508,AGT-USDT,0.005572,0.005593,72183.0,91563.0
2025-07-25T08:16:42.665553,AIXBT-USDT,0.1398,0.1399,19256.53,43001.64
2025-07-25T08:16:42.667103,ACE-USDT,0.56,0.561,392.6,3802.6
2025-07-25T08:16:42.667150,ANIME-USDT,0.01862,0.01864,90667.7,38544.36
2025-07-25T08:16:42.667182,1INCH-USDT,0.2732,0.2737,3729.48,11051.97
2025-07-25T08:16:42.672385,ALGO-USDT,0.2576,0.2577,50301.6,2462.33
2025-07-25T08:16:42.672461,AI16Z-USDT,0.1464,0.1466,695.99,2862.0
2025-07-25T08:16:42.672496,AEVO-USDT,0.1043,0.1046,106033.39,56657.57
2025-07-25T08:16:42.672528,ACT-USDT,0.0442,0.0443,147426.33,279959.52
2025-07-25T08:16:42.680310,AERO-USDT,0.8759,0.8767,17.38,49.9
2025-07-25T08:16:42.680349,ADA-USDT,0.7984,0.7985,25739.8,3248.6
2025-07-25T08:16:42.980027,A-USDT,0.5589,0.5591,1869.3,10.0
2025-07-25T08:16:43.056704,AAVE-USDT,287.25,287.28,0.168,9.199
2025-07-25T08:16:43.156071,ALCH-USDT,0.13726,0.1375,2541.65,1090.64
2025-07-25T08:16:43.158123,A-USDT,0.5589,0.5592,1869.3,955.2
2025-07-25T08:16:43.161517,AI-USDT,0.131,0.1311,11512.0,1956.0
2025-07-25T08:16:43.164329,AIXBT-USDT,0.1398,0.1399,19256.53,43001.64
2025-07-25T08:16:43.164368,ANIME-USDT,0.01861,0.01863,193404.5,26703.36
2025-07-25T08:16:43.165446,ACE-USDT,0.561,0.563,9398.6,3705.6
2025-07-25T08:16:43.170697,AI16Z-USDT,0.1464,0.1466,695.99,2862.0
2025-07-25T08:16:43.170734,ALGO-USDT,0.2576,0.2577,50301.6,2462.33
2025-07-25T08:16:43.171181,AEVO-USDT,0.1043,0.1046,106033.39,56657.57
2025-07-25T08:16:43.176221,ACT-USDT,0.0442,0.0443,147426.33,279959.52
2025-07-25T08:16:43.176261,AERO-USDT,0.8759,0.8767,17.38,49.9
2025-07-25T08:16:43.565828,AAVE-USDT,287.25,287.28,0.168,9.199
2025-07-25T08:16:43.656953,ALCH-USDT,0.13726,0.1375,2541.65,1090.64
2025-07-25T08:16:43.659161,AI-USDT,0.131,0.1311,11512.0,1956.0
2025-07-25T08:16:43.664809,AGT-USDT,0.005572,0.005593,72183.0,91563.0
2025-07-25T08:16:43.664846,AIXBT-USDT,0.1398,0.1399,19256.53,43001.64
2025-07-25T08:16:43.664875,ANIME-USDT,0.01861,0.01863,193404.5,26703.36
2025-07-25T08:16:43.664909,ACE-USDT,0.561,0.563,9398.6,3705.6
2025-07-25T08:16:43.671260,AI16Z-USDT,0.1464,0.1466,695.99,2862.0
2025-07-25T08:16:43.677309,ACT-USDT,0.0442,0.0443,147426.33,279959.52
2025-07-25T08:16:43.685107,ADA-USDT,0.7984,0.7985,25739.8,3248.6
2025-07-25T08:16:44.064876,AAVE-USDT,287.27,287.31,8.038,17.515
2025-07-25T08:16:44.157666,ALCH-USDT,0.13726,0.1375,2541.65,1090.64
2025-07-25T08:16:44.159079,AI-USDT,0.131,0.1311,11512.0,1956.0
2025-07-25T08:16:44.164339,AGT-USDT,0.005572,0.005593,72183.0,91563.0
2025-07-25T08:16:44.164639,ANIME-USDT,0.01861,0.01863,193404.5,26703.36
2025-07-25T08:16:44.166978,AIXBT-USDT,0.1398,0.1399,19256.53,43001.64
2025-07-25T08:16:44.167067,1INCH-USDT,0.2732,0.2737,3729.48,11051.97
2025-07-25T08:16:44.171816,ALGO-USDT,0.2576,0.2577,50301.6,2462.33
2025-07-25T08:16:44.171852,AI16Z-USDT,0.1464,0.1466,695.99,2862.0
2025-07-25T08:16:44.171881,AEVO-USDT,0.1043,0.1046,106033.39,56657.57
2025-07-25T08:16:44.175146,ACT-USDT,0.0442,0.0443,147426.33,279959.52
2025-07-25T08:16:44.175375,AERO-USDT,0.8759,0.8767,17.38,49.9
2025-07-25T08:16:44.183161,ADA-USDT,0.7984,0.7985,78999.6,16174.9
2025-07-25T08:16:44.562526,AAVE-USDT,287.27,287.31,8.038,17.515
2025-07-25T08:16:44.659640,AI-USDT,0.131,0.1311,11512.0,1956.0
2025-07-25T08:16:44.662365,AGT-USDT,0.005572,0.005593,72183.0,91563.0
2025-07-25T08:16:44.664020,1INCH-USDT,0.2732,0.2737,3729.48,11051.97
2025-07-25T08:16:44.664949,ANIME-USDT,0.01861,0.01863,193404.5,26703.36
2025-07-25T08:16:44.669336,AIXBT-USDT,0.1398,0.1399,19256.53,43001.64
2025-07-25T08:16:44.670931,ALGO-USDT,0.2576,0.2577,50301.6,2462.33
2025-07-25T08:16:44.672907,AEVO-USDT,0.1043,0.1046,106033.39,56657.57
2025-07-25T08:16:44.673892,ACT-USDT,0.0442,0.0443,147426.33,279959.52
2025-07-25T08:16:44.675167,AERO-USDT,0.8759,0.8767,17.38,49.9
2025-07-25T08:16:44.678925,AI16Z-USDT,0.1464,0.1466,695.99,2862.0
2025-07-25T08:16:44.935824,A-USDT,0.5589,0.5591,1869.3,22.6
2025-07-25T08:16:45.065499,AAVE-USDT,287.27,287.29,8.038,1.519
2025-07-25T08:16:45.160330,A-USDT,0.5589,0.5592,1869.3,955.2
2025-07-25T08:16:45.160370,AI-USDT,0.131,0.1311,11512.0,1956.0
2025-07-25T08:16:45.161645,AIXBT-USDT,0.1398,0.1399,19256.53,36172.32
2025-07-25T08:16:45.162006,ANIME-USDT,0.01861,0.01863,193404.5,26703.36
2025-07-25T08:16:45.162050,1INCH-USDT,0.2732,0.2737,3729.48,11051.97
2025-07-25T08:16:45.163900,ACE-USDT,0.561,0.563,9398.6,3705.6
2025-07-25T08:16:45.169711,AI16Z-USDT,0.1464,0.1466,695.99,2862.0
2025-07-25T08:16:45.170104,AEVO-USDT,0.1043,0.1046,106033.39,56657.57
2025-07-25T08:16:45.175649,AERO-USDT,0.8759,0.8767,17.38,49.9
2025-07-25T08:16:45.182728,ADA-USDT,0.7986,0.7987,40429.1,12270.2
2025-07-25T08:16:45.284165,ALCH-USDT,0.13726,0.1375,2541.65,1090.64
2025-07-25T08:16:45.286613,ACT-USDT,0.0442,0.0443,147426.33,309860.28
2025-07-25T08:16:45.286666,AGT-USDT,0.005572,0.005593,72183.0,91563.0
2025-07-25T08:16:45.567390,AAVE-USDT,287.27,287.29,8.038,1.519
2025-07-25T08:16:45.668534,AIXBT-USDT,0.1398,0.1399,19256.53,36172.32
2025-07-25T08:16:45.668574,1INCH-USDT,0.2732,0.2736,666.12,11008.29
2025-07-25T08:16:45.668603,ACE-USDT,0.561,0.563,9398.6,3705.6
2025-07-25T08:16:45.668628,ALCH-USDT,0.13726,0.13749,4281.77,3119.17
2025-07-25T08:16:45.669929,AI16Z-USDT,0.1464,0.1466,695.99,2862.0
2025-07-25T08:16:45.669988,AGT-USDT,0.005573,0.00559,41803.0,83038.0
2025-07-25T08:16:45.670014,AEVO-USDT,0.1043,0.1046,106033.39,56657.57
2025-07-25T08:16:45.672045,ACT-USDT,0.0442,0.0443,147426.33,309860.28
2025-07-25T08:16:45.681465,ADA-USDT,0.7986,0.7987,40429.1,12270.2
2025-07-25T08:16:45.716390,AEVO-USDT,0.1045,0.1046,197.43,56657.57
2025-07-25T08:16:46.072257,AAVE-USDT,287.25,287.29,0.168,18.839
2025-07-25T08:16:46.156415,ALCH-USDT,0.13726,0.13749,4281.77,3119.17
2025-07-25T08:16:46.161233,AI-USDT,0.131,0.1311,11512.0,1956.0
2025-07-25T08:16:46.162240,AGT-USDT,0.005573,0.00559,41803.0,83038.0
2025-07-25T08:16:46.164420,AIXBT-USDT,0.1398,0.1399,19256.53,36172.32
2025-07-25T08:16:46.164471,ANIME-USDT,0.01861,0.01863,193404.5,26703.36
2025-07-25T08:16:46.166146,ACE-USDT,0.561,0.563,9398.6,3705.6
2025-07-25T08:16:46.166186,1INCH-USDT,0.2732,0.2736,666.12,11008.29
2025-07-25T08:16:46.171716,AI16Z-USDT,0.1464,0.1466,695.99,2862.0
2025-07-25T08:16:46.171741,ALGO-USDT,0.2576,0.2577,50301.6,2462.33
2025-07-25T08:16:46.172147,ACT-USDT,0.0442,0.0443,147426.33,309860.28
2025-07-25T08:16:46.172491,AEVO-USDT,0.1043,0.1046,106033.39,56657.57
2025-07-25T08:16:46.177659,AERO-USDT,0.8756,0.8765,531.8,49.9
2025-07-25T08:16:46.574505,AAVE-USDT,287.26,287.29,8.038,1.226
2025-07-25T08:16:46.662670,AI-USDT,0.131,0.1311,11512.0,1956.0
2025-07-25T08:16:46.664985,1INCH-USDT,0.2732,0.2736,666.12,11008.29
2025-07-25T08:16:46.665022,ANIME-USDT,0.01861,0.01863,193404.5,26703.36
2025-07-25T08:16:46.665052,ACE-USDT,0.561,0.563,9398.6,3705.6
2025-07-25T08:16:46.665078,AIXBT-USDT,0.1398,0.1399,19256.53,36172.32
2025-07-25T08:16:46.671945,ALGO-USDT,0.2576,0.2577,50301.6,2462.33
2025-07-25T08:16:46.678648,AERO-USDT,0.8757,0.8765,66.85,49.9
2025-07-25T08:16:46.678687,AEVO-USDT,0.1043,0.1046,106033.39,56657.57
2025-07-25T08:16:46.679182,ADA-USDT,0.7986,0.7987,40429.1,12270.2
2025-07-25T08:16:46.932283,A-USDT,0.5589,0.5591,1869.3,10.0
2025-07-25T08:16:47.019245,AAVE-USDT,287.26,287.28,8.038,0.062
2025-07-25T08:16:47.083301,AAVE-USDT,287.26,287.29,8.038,1.226
2025-07-25T08:16:47.158738,ALCH-USDT,0.13726,0.13749,4281.77,3119.17
2025-07-25T08:16:47.158804,AERGO-USDT,0.1307,0.1308,8731.01,10775.25
2025-07-25T08:16:47.161213,A-USDT,0.5589,0.5592,1869.3,955.2
2025-07-25T08:16:47.161265,AI-USDT,0.131,0.1311,11512.0,1956.0
2025-07-25T08:16:47.164280,AGT-USDT,0.005573,0.00559,41803.0,83038.0
2025-07-25T08:16:47.164558,AIXBT-USDT,0.1398,0.1399,19256.53,36172.32
2025-07-25T08:16:47.164660,ANIME-USDT,0.01861,0.01863,193404.5,26703.36
2025-07-25T08:16:47.170148,1INCH-USDT,0.2732,0.2736,666.12,11008.29
2025-07-25T08:16:47.170183,ACE-USDT,0.561,0.563,9398.6,3705.6
2025-07-25T08:16:47.177889,AI16Z-USDT,0.1464,0.1466,695.99,2862.0
2025-07-25T08:16:47.178077,ALGO-USDT,0.2576,0.2577,50301.6,2462.33
2025-07-25T08:16:47.178108,ACT-USDT,0.0442,0.0443,147426.33,309860.28
2025-07-25T08:16:47.178128,AERO-USDT,0.8757,0.8767,66.85,49.9
2025-07-25T08:16:47.184480,ADA-USDT,0.7986,0.7987,40429.1,12270.2
2025-07-25T08:16:47.584299,AAVE-USDT,287.26,287.29,8.038,1.226
2025-07-25T08:16:47.655985,ALCH-USDT,0.13726,0.13749,4281.77,3119.17
2025-07-25T08:16:47.657408,AERGO-USDT,0.1307,0.1308,8731.01,10775.25
2025-07-25T08:16:47.661597,AGT-USDT,0.005563,0.005594,72167.0,8524.0
2025-07-25T08:16:47.665481,1INCH-USDT,0.2732,0.2736,666.12,11008.29
2025-07-25T08:16:47.665525,ANIME-USDT,0.01861,0.01863,193404.5,26703.36
2025-07-25T08:16:47.668993,AI16Z-USDT,0.1464,0.1466,695.99,2862.0
2025-07-25T08:16:47.669339,AEVO-USDT,0.1043,0.1046,106033.39,56657.57
2025-07-25T08:16:47.669517,ALGO-USDT,0.2576,0.2577,50301.6,2462.33
2025-07-25T08:16:47.670141,ACT-USDT,0.0442,0.0443,147426.33,309860.28
2025-07-25T08:16:47.679337,AERO-USDT,0.8757,0.8767,66.85,49.9
2025-07-25T08:16:47.679411,AEVO-USDT,0.1043,0.1045,106033.39,15.19
2025-07-25T08:16:48.083926,AAVE-USDT,287.26,287.29,8.038,1.226
2025-07-25T08:16:48.159528,ALCH-USDT,0.13726,0.13749,4281.77,3119.17
2025-07-25T08:16:48.159568,AI-USDT,0.131,0.1311,11512.0,1956.0
2025-07-25T08:16:48.163930,AGT-USDT,0.005563,0.005594,72167.0,8524.0
2025-07-25T08:16:48.163974,AIXBT-USDT,0.1398,0.1399,19256.53,36172.32
2025-07-25T08:16:48.171273,ACE-USDT,0.561,0.563,9398.6,3705.6
2025-07-25T08:16:48.172213,ALGO-USDT,0.2576,0.2577,50301.6,2462.33
2025-07-25T08:16:48.185446,AEVO-USDT,0.1043,0.1046,106033.39,56657.57
2025-07-25T08:16:48.185517,ACT-USDT,0.0442,0.0443,147426.33,309860.28
2025-07-25T08:16:48.185568,AERO-USDT,0.8757,0.8767,66.85,49.9
2025-07-25T08:16:48.185611,AI16Z-USDT,0.1464,0.1466,695.99,2862.0
2025-07-25T08:16:48.185656,ADA-USDT,0.799,0.7991,73514.1,278.2
2025-07-25T08:16:48.586365,AAVE-USDT,287.29,287.3,8.038,19.097
2025-07-25T08:16:48.637482,AEVO-USDT,0.1043,0.1044,106033.39,58.62
2025-07-25T08:16:48.656806,ALCH-USDT,0.13726,0.13749,4281.77,3119.17
2025-07-25T08:16:48.665029,AGT-USDT,0.005563,0.00559,72167.0,8524.0
2025-07-25T08:16:48.665069,AIXBT-USDT,0.1398,0.1399,19256.53,36172.32
2025-07-25T08:16:48.665099,1INCH-USDT,0.2732,0.2736,666.12,11008.29
2025-07-25T08:16:48.671062,ACE-USDT,0.561,0.563,9398.6,3705.6
2025-07-25T08:16:48.678651,ALGO-USDT,0.2576,0.2577,50301.6,2462.33
2025-07-25T08:16:48.680022,AI16Z-USDT,0.1464,0.1466,695.99,2862.0
2025-07-25T08:16:48.680101,AEVO-USDT,0.1043,0.1046,106033.39,56657.57
2025-07-25T08:16:48.680363,ACT-USDT,0.0442,0.0443,147426.33,309860.28
2025-07-25T08:16:48.680518,AERO-USDT,0.8757,0.8767,66.85,49.9
2025-07-25T08:16:49.009426,A-USDT,0.5593,0.5595,921.2,19.0
2025-07-25T08:16:49.009467,AEVO-USDT,0.1044,0.1046,55.81,56657.57
2025-07-25T08:16:49.013418,AERO-USDT,0.8762,0.8767,6.4,49.9
2025-07-25T08:16:49.088034,AAVE-USDT,287.32,287.38,14.572,0.185
2025-07-25T08:16:49.157427,ALCH-USDT,0.13726,0.13749,4281.77,3119.17
2025-07-25T08:16:49.161446,AI-USDT,0.131,0.1311,11512.0,1956.0
2025-07-25T08:16:49.162704,A-USDT,0.5593,0.5596,921.2,1477.0
2025-07-25T08:16:49.162743,AGT-USDT,0.005563,0.00559,72167.0,8524.0
2025-07-25T08:16:49.162773,AIXBT-USDT,0.1398,0.1399,19256.53,36172.32
2025-07-25T08:16:49.163541,1INCH-USDT,0.2732,0.2736,666.12,11008.29
2025-07-25T08:16:49.164816,ACE-USDT,0.561,0.563,9398.6,3705.6
2025-07-25T08:16:49.174006,AEVO-USDT,0.1043,0.1046,106033.39,56657.57
2025-07-25T08:16:49.174409,ACT-USDT,0.0442,0.0443,147426.33,309860.28
2025-07-25T08:16:49.181349,AERO-USDT,0.8757,0.8767,66.85,49.9
2025-07-25T08:16:49.595471,AAVE-USDT,287.42,287.5,6.17,6.05
2025-07-25T08:16:49.657250,ALCH-USDT,0.13726,0.13748,340.29,824.57
2025-07-25T08:16:49.657644,AERGO-USDT,0.1307,0.1308,8731.01,10775.25
2025-07-25T08:16:49.666641,AIXBT-USDT,0.1398,0.1399,19256.53,36172.32
2025-07-25T08:16:49.668261,ANIME-USDT,0.01861,0.01863,193404.5,26703.36
2025-07-25T08:16:49.668307,1INCH-USDT,0.2733,0.2737,666.12,19465.09
2025-07-25T08:16:49.668329,AGT-USDT,0.005563,0.005589,51207.0,83038.0
2025-07-25T08:16:49.668346,ACE-USDT,0.561,0.563,9398.6,3705.6
2025-07-25T08:16:49.671908,AEVO-USDT,0.1043,0.1046,106033.39,56657.57
2025-07-25T08:16:49.672918,ACT-USDT,0.0442,0.0443,147426.33,309860.28
2025-07-25T08:16:49.674946,AERO-USDT,0.8757,0.8767,66.85,49.9
2025-07-25T08:16:49.684839,ADA-USDT,0.7993,0.7994,50234.4,6981.7
2025-07-25T08:16:50.278629,AAVE-USDT,287.44,287.51,9.216,8.8
2025-07-25T08:16:50.278666,AERGO-USDT,0.1307,0.1308,8731.01,10775.25
2025-07-25T08:16:50.278693,AI-USDT,0.1308,0.131,27561.0,5152.0
2025-07-25T08:16:50.278737,AIXBT-USDT,0.1398,0.1399,19256.53,36172.32
2025-07-25T08:16:50.278765,ANIME-USDT,0.01861,0.01863,193404.5,26703.36
2025-07-25T08:16:50.280946,1INCH-USDT,0.2733,0.2737,666.12,19465.09
2025-07-25T08:16:50.280984,ACE-USDT,0.561,0.563,9398.6,3705.6
2025-07-25T08:16:50.281012,ALGO-USDT,0.2576,0.2577,50301.6,2462.33
2025-07-25T08:16:50.281040,AI16Z-USDT,0.1464,0.1466,695.99,2862.0
2025-07-25T08:16:50.281073,AEVO-USDT,0.1043,0.1046,106033.39,56657.57
2025-07-25T08:16:50.281100,AERO-USDT,0.8757,0.8767,66.85,49.9
2025-07-25T08:16:50.281125,ADA-USDT,0.7993,0.7994,50234.4,6981.7
2025-07-25T08:16:50.281149,ACT-USDT,0.0442,0.0443,147426.33,309860.28
2025-07-25T08:16:50.281174,AGT-USDT,0.005563,0.005586,72167.0,83038.0
2025-07-25T08:16:50.588630,AAVE-USDT,287.44,287.51,9.216,8.8
2025-07-25T08:16:50.655989,ALCH-USDT,0.13726,0.13748,682.13,262.36
2025-07-25T08:16:50.658504,AI-USDT,0.131,0.1312,9562.0,28953.0
2025-07-25T08:16:50.661014,AGT-USDT,0.005563,0.005586,72167.0,83038.0
2025-07-25T08:16:50.661885,AIXBT-USDT,0.1398,0.1399,19256.53,36172.32
2025-07-25T08:16:50.662262,ANIME-USDT,0.01863,0.01865,45048.14,86337.96
2025-07-25T08:16:50.662555,1INCH-USDT,0.2733,0.2737,666.12,5675.61
2025-07-25T08:16:50.663723,ACE-USDT,0.561,0.563,9398.6,3705.6
2025-07-25T08:16:50.669442,ALGO-USDT,0.2578,0.2581,31759.2,30215.93
2025-07-25T08:16:50.669579,AI16Z-USDT,0.1467,0.1468,5094.07,2862.0
2025-07-25T08:16:50.670423,AEVO-USDT,0.1043,0.1046,106033.39,56657.57
2025-07-25T08:16:50.671104,ACT-USDT,0.0442,0.0443,147426.33,309860.28
2025-07-25T08:16:50.673512,AERO-USDT,0.8757,0.8767,66.85,49.9
2025-07-25T08:16:50.928554,A-USDT,0.5595,0.5596,10.0,1477.0
2025-07-25T08:16:51.090496,AAVE-USDT,287.44,287.51,9.216,8.8
2025-07-25T08:16:51.156576,ALCH-USDT,0.13726,0.13748,682.13,262.36
2025-07-25T08:16:51.158897,A-USDT,0.5593,0.5596,921.2,1477.0
2025-07-25T08:16:51.160633,AI-USDT,0.131,0.1312,9562.0,28953.0
2025-07-25T08:16:51.164616,AGT-USDT,0.005563,0.005586,72167.0,83038.0
2025-07-25T08:16:51.164655,AIXBT-USDT,0.1398,0.1399,19256.53,36172.32
2025-07-25T08:16:51.164681,ANIME-USDT,0.01863,0.01865,45048.14,86337.96
2025-07-25T08:16:51.179716,ACE-USDT,0.561,0.563,9398.6,3705.6
2025-07-25T08:16:51.179756,AI16Z-USDT,0.1467,0.1468,5094.07,2862.0
2025-07-25T08:16:51.179801,AEVO-USDT,0.1043,0.1046,106033.39,56657.57
2025-07-25T08:16:51.179827,ACT-USDT,0.0442,0.0443,147426.33,309860.28
2025-07-25T08:16:51.179858,AERO-USDT,0.8762,0.8768,50.88,49.61
2025-07-25T08:16:51.179890,ALGO-USDT,0.2578,0.2581,31759.2,30215.93
2025-07-25T08:16:51.189264,ADA-USDT,0.7993,0.7994,50234.4,6981.7
2025-07-25T08:16:51.504351,AEVO-USDT,0.1044,0.1046,325.22,56657.57
2025-07-25T08:16:51.593058,AAVE-USDT,287.44,287.51,9.216,8.8
2025-07-25T08:16:51.656878,ALCH-USDT,0.13726,0.13748,682.13,262.36
2025-07-25T08:16:51.665328,AGT-USDT,0.005563,0.005586,72167.0,83038.0
2025-07-25T08:16:51.665375,AIXBT-USDT,0.1398,0.1399,19256.53,36172.32
2025-07-25T08:16:51.665411,ACE-USDT,0.561,0.563,9398.6,3705.6
2025-07-25T08:16:51.667336,ANIME-USDT,0.01863,0.01865,45048.14,86337.96
2025-07-25T08:16:51.670187,AI16Z-USDT,0.1467,0.1468,5094.07,2862.0
2025-07-25T08:16:51.670227,AEVO-USDT,0.1043,0.1046,106033.39,56657.57
2025-07-25T08:16:51.670282,ALGO-USDT,0.2578,0.2581,39710.4,30215.93
2025-07-25T08:16:51.675035,ACT-USDT,0.0442,0.0443,147426.33,309860.28
2025-07-25T08:16:51.682355,ADA-USDT,0.7993,0.7994,50234.4,6981.7
2025-07-25T08:16:52.094275,AAVE-USDT,287.43,287.44,6.447,0.252
2025-07-25T08:16:52.156854,ALCH-USDT,0.13726,0.13748,682.13,262.36
2025-07-25T08:16:52.160688,AI-USDT,0.131,0.1312,9562.0,28953.0
2025-07-25T08:16:52.163961,AGT-USDT,0.005563,0.005586,72167.0,83038.0
2025-07-25T08:16:52.164007,AIXBT-USDT,0.1398,0.1399,19256.53,36172.32
2025-07-25T08:16:52.164038,ANIME-USDT,0.01863,0.01865,45048.14,86337.96
2025-07-25T08:16:52.166249,ACE-USDT,0.561,0.563,9398.6,3705.6
2025-07-25T08:16:52.166908,1INCH-USDT,0.2735,0.2739,666.12,10710.33
2025-07-25T08:16:52.169424,ALGO-USDT,0.2578,0.2581,39710.4,30215.93
2025-07-25T08:16:52.176190,AI16Z-USDT,0.1467,0.1468,5094.07,2862.0
2025-07-25T08:16:52.176498,ACT-USDT,0.0442,0.0443,147426.33,309860.28
2025-07-25T08:16:52.176598,AERO-USDT,0.8762,0.8768,50.88,49.61
2025-07-25T08:16:52.183267,ADA-USDT,0.7993,0.7994,50234.4,6981.7
2025-07-25T08:16:52.359307,AEVO-USDT,0.1045,0.1046,108.56,56657.57
2025-07-25T08:16:52.432204,ADA-USDT,0.7994,0.7995,49941.6,237.0
2025-07-25T08:16:52.601658,AAVE-USDT,287.44,287.51,16.16,25.584
2025-07-25T08:16:52.661055,AI-USDT,0.131,0.1312,9562.0,28953.0
2025-07-25T08:16:52.665492,AIXBT-USDT,0.1398,0.1399,19256.53,36172.32
2025-07-25T08:16:52.665517,ANIME-USDT,0.01863,0.01865,45048.14,86337.96
2025-07-25T08:16:52.665542,1INCH-USDT,0.2735,0.2739,666.12,10710.33
2025-07-25T08:16:52.673850,AI16Z-USDT,0.1467,0.1468,5094.07,2862.0
2025-07-25T08:16:52.673907,AEVO-USDT,0.1043,0.1046,106033.39,56657.57
2025-07-25T08:16:52.673958,ACT-USDT,0.0442,0.0443,147426.33,309860.28
2025-07-25T08:16:52.674391,AERO-USDT,0.8762,0.8768,50.88,49.61
2025-07-25T08:16:52.681655,ADA-USDT,0.7994,0.7996,49941.6,2773.8
2025-07-25T08:16:52.760966,AAVE-USDT,287.47,287.51,0.06,25.584
2025-07-25T08:16:52.798905,AAVE-USDT,287.44,287.51,16.16,25.584
2025-07-25T08:16:52.991829,A-USDT,0.5594,0.5596,23.8,1477.0
2025-07-25T08:16:53.100135,AAVE-USDT,287.47,287.53,11.342,4.789
2025-07-25T08:16:53.157676,ALCH-USDT,0.13726,0.13748,682.13,262.36
2025-07-25T08:16:53.159848,A-USDT,0.5593,0.5596,921.2,1477.0
2025-07-25T08:16:53.159943,AI-USDT,0.131,0.1312,9562.0,28953.0
2025-07-25T08:16:53.161477,AGT-USDT,0.005563,0.005586,72167.0,83038.0
2025-07-25T08:16:53.163502,AIXBT-USDT,0.1398,0.1399,19256.53,36172.32
2025-07-25T08:16:53.163541,ANIME-USDT,0.01863,0.01865,187716.02,24654.12
2025-07-25T08:16:53.164175,1INCH-USDT,0.2735,0.2739,666.12,10710.33
2025-07-25T08:16:53.166395,ACE-USDT,0.56,0.561,2171.6,294.5
2025-07-25T08:16:53.171677,AI16Z-USDT,0.1467,0.1468,5094.07,2862.0
2025-07-25T08:16:53.172335,AEVO-USDT,0.1045,0.1046,97454.76,33582.2
2025-07-25T08:16:53.175144,ACT-USDT,0.0442,0.0443,147426.33,309860.28
2025-07-25T08:16:53.176735,AERO-USDT,0.8762,0.8768,50.88,49.61
2025-07-25T08:16:53.183091,ADA-USDT,0.7994,0.7996,49941.6,2773.8
2025-07-25T08:16:53.501930,AAVE-USDT,287.47,287.53,11.342,4.789
2025-07-25T08:16:53.656291,ALCH-USDT,0.13734,0.13747,618.52,262.36
2025-07-25T08:16:53.658623,AERGO-USDT,0.1307,0.1308,8731.01,10775.25
2025-07-25T08:16:53.658672,A-USDT,0.5595,0.5598,1014.5,903.9
2025-07-25T08:16:53.661882,AGT-USDT,0.005563,0.005586,72167.0,83038.0
2025-07-25T08:16:53.662448,AIXBT-USDT,0.1399,0.1401,97144.21,63775.8
2025-07-25T08:16:53.666888,1INCH-USDT,0.2735,0.2739,666.12,10710.33
2025-07-25T08:16:53.666951,ACE-USDT,0.56,0.561,2171.6,294.5
2025-07-25T08:16:53.673208,AI16Z-USDT,0.1467,0.1468,5094.07,2862.0
2025-07-25T08:16:53.673246,AEVO-USDT,0.1045,0.1046,97454.76,33582.2
2025-07-25T08:16:53.678409,AERO-USDT,0.8762,0.8768,50.88,49.61
2025-07-25T08:16:53.678448,ACT-USDT,0.0442,0.0443,147426.33,309860.28
2025-07-25T08:16:53.837486,AGT-USDT,0.005563,0.005575,72167.0,243.0
2025-07-25T08:16:54.004548,AAVE-USDT,287.47,287.53,11.342,4.789
2025-07-25T08:16:54.159028,ALCH-USDT,0.13734,0.13747,618.52,262.36
2025-07-25T08:16:54.159067,AERGO-USDT,0.1307,0.1308,8731.01,10775.25
2025-07-25T08:16:54.159094,AI-USDT,0.131,0.1312,9562.0,28953.0
2025-07-25T08:16:54.163106,AGT-USDT,0.005563,0.005586,72167.0,83038.0
2025-07-25T08:16:54.163149,AIXBT-USDT,0.1399,0.1401,97144.21,63775.8
2025-07-25T08:16:54.163958,1INCH-USDT,0.2735,0.2739,666.12,10710.33
2025-07-25T08:16:54.165355,ACE-USDT,0.56,0.561,23027.5,294.5
2025-07-25T08:16:54.165393,ANIME-USDT,0.01863,0.01865,187716.02,24654.12
2025-07-25T08:16:54.169856,ALGO-USDT,0.2578,0.2581,39710.4,30215.93
2025-07-25T08:16:54.175811,AI16Z-USDT,0.1465,0.1468,391.47,2862.0
2025-07-25T08:16:54.175848,AEVO-USDT,0.1045,0.1046,126787.02,3455.17
2025-07-25T08:16:54.189349,AERO-USDT,0.8762,0.8768,50.88,49.61
2025-07-25T08:16:54.189398,ADA-USDT,0.7995,0.7996,24892.7,20638.0
2025-07-25T08:16:54.505312,AAVE-USDT,287.47,287.53,11.342,4.789
2025-07-25T08:16:54.666416,AERGO-USDT,0.1307,0.1309,3909.34,9118.86
2025-07-25T08:16:54.666455,AI-USDT,0.131,0.1312,9562.0,28953.0
2025-07-25T08:16:54.666507,ANIME-USDT,0.01863,0.01865,187716.02,24654.12
2025-07-25T08:16:54.666555,ACE-USDT,0.56,0.561,2171.6,294.5
2025-07-25T08:16:54.668109,ALCH-USDT,0.13736,0.13748,618.52,262.36
2025-07-25T08:16:54.670495,AI16Z-USDT,0.1465,0.1468,391.47,2862.0
2025-07-25T08:16:54.670538,ALGO-USDT,0.2578,0.2581,39710.4,30215.93
2025-07-25T08:16:54.675280,ACT-USDT,0.0442,0.0443,147426.33,309860.28
2025-07-25T08:16:54.682477,AGT-USDT,0.005573,0.005586,3419.0,83038.0
2025-07-25T08:16:54.682584,AEVO-USDT,0.1045,0.1046,126787.02,3455.17
2025-07-25T08:16:54.949763,A-USDT,0.5596,0.5598,14.2,903.9
2025-07-25T08:16:55.008608,AAVE-USDT,287.47,287.53,11.342,4.789
2025-07-25T08:16:55.156191,AERGO-USDT,0.1307,0.1309,3909.34,9118.86
2025-07-25T08:16:55.157564,A-USDT,0.5595,0.5598,1014.5,903.9
2025-07-25T08:16:55.160675,AI-USDT,0.131,0.1312,9562.0,28953.0
2025-07-25T08:16:55.170727,AIXBT-USDT,0.1399,0.1401,97144.21,94613.28
2025-07-25T08:16:55.170765,ANIME-USDT,0.01863,0.01865,187716.02,24654.12
2025-07-25T08:16:55.170812,1INCH-USDT,0.2735,0.2739,666.12,10710.33
2025-07-25T08:16:55.170837,ACE-USDT,0.56,0.561,2171.6,294.5
2025-07-25T08:16:55.170860,AI16Z-USDT,0.1465,0.1468,391.47,2862.0
2025-07-25T08:16:55.170891,ALGO-USDT,0.2578,0.2581,39710.4,30215.93
2025-07-25T08:16:55.172648,AEVO-USDT,0.1045,0.1046,126787.02,3455.17
2025-07-25T08:16:55.173282,AERO-USDT,0.8762,0.877,215.75,49.42
2025-07-25T08:16:55.181121,ADA-USDT,0.7995,0.7996,24892.7,20638.0
2025-07-25T08:16:55.274878,ALCH-USDT,0.13736,0.13748,618.52,262.36
2025-07-25T08:16:55.274917,ACT-USDT,0.0442,0.0443,166231.29,217460.04
2025-07-25T08:16:55.275196,AGT-USDT,0.005573,0.005586,24379.0,83038.0
2025-07-25T08:16:55.334169,AGT-USDT,0.005573,0.005579,24379.0,218.0
2025-07-25T08:16:55.656046,ALCH-USDT,0.13736,0.13748,618.52,262.36
2025-07-25T08:16:55.659248,AI-USDT,0.131,0.1312,9562.0,28953.0
2025-07-25T08:16:55.663543,AGT-USDT,0.005573,0.005586,24379.0,83038.0
2025-07-25T08:16:55.665278,1INCH-USDT,0.2735,0.2739,2175.48,4461.57
2025-07-25T08:16:55.665314,ANIME-USDT,0.01863,0.01865,187716.02,24654.12
2025-07-25T08:16:55.666459,AIXBT-USDT,0.1399,0.1401,97144.21,94613.28
2025-07-25T08:16:55.671562,ALGO-USDT,0.2578,0.2581,39710.4,30215.93
2025-07-25T08:16:55.673184,AEVO-USDT,0.1045,0.1046,126787.02,3455.17
2025-07-25T08:16:55.673222,AI16Z-USDT,0.1465,0.1468,391.47,2862.0
2025-07-25T08:16:55.675766,ACT-USDT,0.0442,0.0443,166231.29,217460.04
2025-07-25T08:16:55.675830,AERO-USDT,0.8762,0.877,215.75,49.42
2025-07-25T08:16:55.684885,ADA-USDT,0.7995,0.7996,24892.7,20638.0
2025-07-25T08:16:56.012091,AAVE-USDT,287.47,287.53,11.342,4.789
2025-07-25T08:16:56.156518,ALCH-USDT,0.13736,0.13748,618.52,262.36
2025-07-25T08:16:56.159178,AI-USDT,0.131,0.1312,9562.0,28953.0
2025-07-25T08:16:56.161712,AGT-USDT,0.005573,0.005586,24379.0,83038.0
2025-07-25T08:16:56.162550,AIXBT-USDT,0.1397,0.1399,177655.34,55786.68
2025-07-25T08:16:56.164437,ANIME-USDT,0.01863,0.01865,187716.02,24654.12
2025-07-25T08:16:56.164731,1INCH-USDT,0.2735,0.2739,2175.48,4461.57
2025-07-25T08:16:56.164977,ACE-USDT,0.561,0.563,7584.2,11495.9
2025-07-25T08:16:56.171620,AI16Z-USDT,0.1465,0.1468,391.47,2862.0
2025-07-25T08:16:56.171655,ALGO-USDT,0.2578,0.2581,39710.4,30215.93
2025-07-25T08:16:56.178943,AEVO-USDT,0.1045,0.1046,126787.02,3455.17
2025-07-25T08:16:56.178993,ACT-USDT,0.0442,0.0443,166231.29,217460.04
2025-07-25T08:16:56.179021,AERO-USDT,0.8762,0.877,215.75,49.42
2025-07-25T08:16:56.338895,AAVE-USDT,287.47,287.5,11.342,0.043
2025-07-25T08:16:56.415283,AAVE-USDT,287.47,287.53,11.342,4.789
2025-07-25T08:16:56.514682,AAVE-USDT,287.47,287.53,1.518,4.789
2025-07-25T08:16:56.656469,ALCH-USDT,0.13736,0.13748,618.52,262.36
2025-07-25T08:16:56.662507,AGT-USDT,0.005573,0.005586,24379.0,83038.0
2025-07-25T08:16:56.662545,AIXBT-USDT,0.1397,0.1399,177655.34,55786.68
2025-07-25T08:16:56.663346,1INCH-USDT,0.2735,0.2739,2175.48,4461.57
2025-07-25T08:16:56.665095,ACE-USDT,0.561,0.563,7584.2,11495.9
2025-07-25T08:16:56.668487,AI16Z-USDT,0.1465,0.1468,391.47,2862.0
2025-07-25T08:16:56.669040,AEVO-USDT,0.1045,0.1046,126787.02,3455.17
2025-07-25T08:16:56.672716,AERO-USDT,0.8762,0.877,215.75,49.42
2025-07-25T08:16:56.672759,ACT-USDT,0.0442,0.0443,166231.29,217460.04
2025-07-25T08:16:56.939701,A-USDT,0.5596,0.5598,13.9,903.9
2025-07-25T08:16:57.016453,AAVE-USDT,287.47,287.53,1.518,4.789
2025-07-25T08:16:57.157280,ALCH-USDT,0.13736,0.13748,618.52,262.36
2025-07-25T08:16:57.162318,A-USDT,0.5595,0.5598,1014.5,903.9
2025-07-25T08:16:57.162359,AGT-USDT,0.005573,0.005586,24379.0,83038.0
2025-07-25T08:16:57.163522,AIXBT-USDT,0.1397,0.1399,89938.33,55786.68
2025-07-25T08:16:57.166107,1INCH-USDT,0.2735,0.2739,2175.48,4461.57
2025-07-25T08:16:57.167023,ACE-USDT,0.561,0.563,7584.2,11495.9
2025-07-25T08:16:57.176457,AERO-USDT,0.8762,0.877,215.75,49.42
2025-07-25T08:16:57.183469,ADA-USDT,0.7995,0.7996,24892.7,20638.0
2025-07-25T08:16:57.216400,AAVE-USDT,287.51,287.53,0.014,4.789
2025-07-25T08:16:57.216945,AAVE-USDT,287.47,287.53,1.518,4.789
2025-07-25T08:16:57.250750,AERO-USDT,0.8767,0.877,7.06,49.42
2025-07-25T08:16:57.278974,AI16Z-USDT,0.1465,0.1466,391.47,485.19
2025-07-25T08:16:57.438201,AI-USDT,0.131,0.1311,9562.0,442.0
2025-07-25T08:16:57.519073,AAVE-USDT,287.56,287.57,10.657,7.393
2025-07-25T08:16:57.662651,AI-USDT,0.131,0.1312,9562.0,28953.0
2025-07-25T08:16:57.664024,AGT-USDT,0.005573,0.005586,24379.0,83038.0
2025-07-25T08:16:57.664061,AIXBT-USDT,0.1399,0.1401,89877.01,98135.52
2025-07-25T08:16:57.673996,1INCH-USDT,0.2735,0.2739,2175.48,4461.57
2025-07-25T08:16:57.674042,ACE-USDT,0.561,0.563,7584.2,11495.9
2025-07-25T08:16:57.674074,AI16Z-USDT,0.1465,0.1468,391.47,2862.0
2025-07-25T08:16:57.674102,AEVO-USDT,0.1045,0.1046,126787.02,3455.17
2025-07-25T08:16:57.674130,ALGO-USDT,0.2578,0.2581,39710.4,30215.93
2025-07-25T08:16:57.674156,ACT-USDT,0.0442,0.0443,166231.29,217460.04
2025-07-25T08:16:57.674181,AERO-USDT,0.8762,0.877,215.75,49.42
2025-07-25T08:16:57.681562,ADA-USDT,0.7997,0.7999,18505.9,3822.1
2025-07-25T08:16:58.020431,AAVE-USDT,287.56,287.6,10.657,24.724
2025-07-25T08:16:58.156501,ALCH-USDT,0.13722,0.13748,1109.9,818.63
2025-07-25T08:16:58.156541,AERGO-USDT,0.1308,0.131,12690.98,10821.75
2025-07-25T08:16:58.159354,A-USDT,0.5597,0.5601,1543.9,724.3
2025-07-25T08:16:58.160070,AI-USDT,0.131,0.1312,9562.0,28953.0
2025-07-25T08:16:58.162081,AGT-USDT,0.005573,0.005586,24379.0,83038.0
2025-07-25T08:16:58.162512,AIXBT-USDT,0.1399,0.1401,89877.01,98135.52
2025-07-25T08:16:58.168663,1INCH-USDT,0.2735,0.2739,2175.48,4461.57
2025-07-25T08:16:58.168710,ANIME-USDT,0.01863,0.01865,187716.02,24654.12
2025-07-25T08:16:58.168741,ACE-USDT,0.561,0.563,7584.2,11495.9
2025-07-25T08:16:58.173929,ALGO-USDT,0.258,0.2581,36084.0,4013.93
2025-07-25T08:16:58.173985,AI16Z-USDT,0.1465,0.1468,391.47,2862.0
2025-07-25T08:16:58.174007,AEVO-USDT,0.1045,0.1046,126787.02,3455.17
2025-07-25T08:16:58.174028,ACT-USDT,0.0442,0.0443,166231.29,217460.04
2025-07-25T08:16:58.175416,AERO-USDT,0.8763,0.8772,150.31,404.0
2025-07-25T08:16:58.183705,ADA-USDT,0.7999,0.8001,35545.0,56967.3
2025-07-25T08:16:58.525645,AAVE-USDT,287.56,287.62,10.657,3.436
2025-07-25T08:16:58.656318,ALCH-USDT,0.13737,0.13755,596.59,2956.73
2025-07-25T08:16:58.656522,AERGO-USDT,0.1308,0.131,12690.98,10821.75
2025-07-25T08:16:58.666281,AI-USDT,0.131,0.1312,9562.0,28953.0
2025-07-25T08:16:58.666476,AGT-USDT,0.005573,0.005586,24379.0,83038.0
2025-07-25T08:16:58.666524,AIXBT-USDT,0.1399,0.1401,89877.01,98135.52
2025-07-25T08:16:58.666574,1INCH-USDT,0.2735,0.2739,2175.48,4461.57
2025-07-25T08:16:58.666616,ANIME-USDT,0.01863,0.01865,187716.02,24654.12
2025-07-25T08:16:58.672683,ACE-USDT,0.561,0.563,7584.2,11495.9
2025-07-25T08:16:58.672738,AI16Z-USDT,0.1465,0.1468,391.47,2862.0
2025-07-25T08:16:58.672774,AEVO-USDT,0.1045,0.1046,126787.02,3455.17
2025-07-25T08:16:58.675248,ACT-USDT,0.0442,0.0443,166231.29,217460.04
2025-07-25T08:16:58.675295,AERO-USDT,0.8763,0.8772,150.31,404.0
2025-07-25T08:16:58.681304,ADA-USDT,0.7999,0.8001,35545.0,56967.3
2025-07-25T08:16:58.986525,AAVE-USDT,287.58,287.62,1.029,3.436
2025-07-25T08:16:58.996363,A-USDT,0.5597,0.5598,1543.9,11.4
2025-07-25T08:16:59.023909,AAVE-USDT,287.56,287.59,10.657,16.083
2025-07-25T08:16:59.157714,ALCH-USDT,0.13737,0.13761,596.59,2833.34
2025-07-25T08:16:59.160065,A-USDT,0.5597,0.5601,1543.9,724.3
2025-07-25T08:16:59.161239,AI-USDT,0.131,0.1312,9562.0,28953.0
2025-07-25T08:16:59.162701,AGT-USDT,0.005573,0.005586,24379.0,83038.0
2025-07-25T08:16:59.168281,AIXBT-USDT,0.1399,0.1401,89877.01,98135.52
2025-07-25T08:16:59.168328,1INCH-USDT,0.2735,0.2739,2175.48,4461.57
2025-07-25T08:16:59.168362,ANIME-USDT,0.01863,0.01865,187716.02,24654.12
2025-07-25T08:16:59.174436,AI16Z-USDT,0.1465,0.1468,391.47,2862.0
2025-07-25T08:16:59.174474,ACT-USDT,0.0442,0.0443,166231.29,217460.04
2025-07-25T08:16:59.180686,AEVO-USDT,0.1045,0.1046,126787.02,3455.17
2025-07-25T08:16:59.180722,ALGO-USDT,0.258,0.2581,36084.0,4013.93
2025-07-25T08:16:59.182925,AERO-USDT,0.8763,0.8772,150.31,49.42
2025-07-25T08:16:59.184681,ADA-USDT,0.7997,0.7999,21637.6,16278.9
2025-07-25T08:16:59.527108,AAVE-USDT,287.55,287.62,4.127,4.139
2025-07-25T08:16:59.655719,ALCH-USDT,0.13734,0.13759,60.46,519.86
2025-07-25T08:16:59.662988,AIXBT-USDT,0.1399,0.1401,89877.01,98135.52
2025-07-25T08:16:59.663025,AGT-USDT,0.005573,0.005586,24379.0,83038.0
2025-07-25T08:16:59.663054,1INCH-USDT,0.2735,0.2739,2175.48,4461.57
2025-07-25T08:16:59.663372,ACE-USDT,0.561,0.563,7584.2,11495.9
2025-07-25T08:16:59.675100,ALGO-USDT,0.258,0.2581,36084.0,4013.93
2025-07-25T08:16:59.675133,ACT-USDT,0.0442,0.0443,166231.29,217460.04
2025-07-25T08:16:59.675157,AI16Z-USDT,0.1465,0.1468,391.47,2862.0
2025-07-25T08:16:59.675176,AEVO-USDT,0.1045,0.1046,126787.02,3455.17
2025-07-25T08:16:59.678075,ADA-USDT,0.7997,0.7999,21637.6,16278.9
2025-07-25T08:16:59.838621,ADA-USDT,0.7997,0.7998,21637.6,169.7
2025-07-25T08:17:00.289973,AAVE-USDT,287.52,287.54,11.382,3.378
2025-07-25T08:17:00.290020,AI-USDT,0.131,0.1311,9562.0,409.0
2025-07-25T08:17:00.290050,AI-USDT,0.131,0.1312,9562.0,28953.0
2025-07-25T08:17:00.290074,AIXBT-USDT,0.1399,0.1401,89877.01,98135.52
2025-07-25T08:17:00.290097,1INCH-USDT,0.2735,0.2739,2175.48,4461.57
2025-07-25T08:17:00.290146,ACE-USDT,0.561,0.563,7584.2,11495.9
2025-07-25T08:17:00.290775,ALGO-USDT,0.258,0.2581,36084.0,4013.93
2025-07-25T08:17:00.290834,AERO-USDT,0.8763,0.8772,150.31,49.42
2025-07-25T08:17:00.290860,ADA-USDT,0.7999,0.8001,51581.6,51464.1
2025-07-25T08:17:00.290883,ACT-USDT,0.0442,0.0443,166231.29,217460.04
2025-07-25T08:17:00.290907,AGT-USDT,0.005573,0.005586,24379.0,83038.0
2025-07-25T08:17:00.530627,AAVE-USDT,287.5,287.53,0.042,0.252
2025-07-25T08:17:00.662156,AI-USDT,0.131,0.1312,9562.0,28953.0
2025-07-25T08:17:00.666651,AGT-USDT,0.00557,0.005586,50993.0,83038.0
2025-07-25T08:17:00.666688,AIXBT-USDT,0.1399,0.1401,89877.01,98135.52
2025-07-25T08:17:00.666718,1INCH-USDT,0.2735,0.2739,2175.48,4461.57
2025-07-25T08:17:00.667478,ANIME-USDT,0.01863,0.01865,187716.02,24654.12
2025-07-25T08:17:00.669391,ACE-USDT,0.561,0.563,7584.2,11495.9
2025-07-25T08:17:00.674532,AI16Z-USDT,0.1465,0.1468,391.47,2862.0
2025-07-25T08:17:00.676373,AEVO-USDT,0.1045,0.1046,126787.02,3455.17
2025-07-25T08:17:00.677290,ACT-USDT,0.0442,0.0443,166231.29,217460.04
2025-07-25T08:17:00.681849,AERO-USDT,0.8763,0.8772,150.31,49.42
2025-07-25T08:17:00.689940,ADA-USDT,0.7997,0.7999,21358.5,19256.3
2025-07-25T08:17:00.947450,A-USDT,0.5597,0.5598,1543.9,16.6
2025-07-25T08:17:01.083100,AAVE-USDT,287.48,287.49,0.042,3.066
2025-07-25T08:17:01.161962,ALCH-USDT,0.13734,0.13758,60.46,259.93
2025-07-25T08:17:01.162002,A-USDT,0.5597,0.5601,1543.9,724.3
2025-07-25T08:17:01.162030,AI-USDT,0.131,0.1312,9562.0,28953.0
2025-07-25T08:17:01.172096,AGT-USDT,0.00557,0.005586,50993.0,83038.0
2025-07-25T08:17:01.172138,AIXBT-USDT,0.1398,0.14,78971.17,70464.84
2025-07-25T08:17:01.172169,1INCH-USDT,0.2735,0.2739,2175.48,4461.57
2025-07-25T08:17:01.172211,ACE-USDT,0.561,0.563,7584.2,11495.9
2025-07-25T08:17:01.172254,ANIME-USDT,0.01863,0.01865,187716.02,24654.12
2025-07-25T08:17:01.181272,AI16Z-USDT,0.1465,0.1468,391.47,2862.0
2025-07-25T08:17:01.181331,ALGO-USDT,0.258,0.2581,36084.0,4013.93
2025-07-25T08:17:01.181360,AERO-USDT,0.8763,0.8772,150.31,49.42
2025-07-25T08:17:01.186456,AEVO-USDT,0.1045,0.1046,126787.02,3455.17
2025-07-25T08:17:01.191569,ADA-USDT,0.7997,0.7999,21358.5,19256.3
2025-07-25T08:17:01.588847,AAVE-USDT,287.48,287.49,0.042,3.066
2025-07-25T08:17:01.655959,ALCH-USDT,0.13731,0.13758,2327.16,259.93
2025-07-25T08:17:01.664399,AI-USDT,0.131,0.1312,9562.0,28953.0
2025-07-25T08:17:01.664439,AGT-USDT,0.005553,0.005581,71959.0,95878.0
2025-07-25T08:17:01.664495,AIXBT-USDT,0.1398,0.14,78971.17,70464.84
2025-07-25T08:17:01.664526,ANIME-USDT,0.01863,0.01865,187716.02,24654.12
2025-07-25T08:17:01.667376,1INCH-USDT,0.2735,0.2739,2175.48,4461.57
2025-07-25T08:17:01.675505,ALGO-USDT,0.258,0.2581,1197.6,7797.53
2025-07-25T08:17:01.675556,ACE-USDT,0.561,0.563,7584.2,11495.9
2025-07-25T08:17:01.675592,ACT-USDT,0.0442,0.0443,166231.29,217460.04
2025-07-25T08:17:01.675625,AEVO-USDT,0.1045,0.1046,126787.02,3455.17
2025-07-25T08:17:01.675666,AERO-USDT,0.8763,0.8772,150.31,49.42
2025-07-25T08:17:01.681359,AI16Z-USDT,0.1465,0.1468,391.47,2862.0
2025-07-25T08:17:01.683963,ADA-USDT,0.7999,0.8,20143.1,4285.1
2025-07-25T08:17:02.087131,AAVE-USDT,287.52,287.53,7.913,6.665
2025-07-25T08:17:02.156605,ALCH-USDT,0.13731,0.13756,402.61,259.93
2025-07-25T08:17:02.156836,AERGO-USDT,0.1307,0.1308,9128.7,3824.79
2025-07-25T08:17:02.160040,AI-USDT,0.131,0.1312,9562.0,28953.0
2025-07-25T08:17:02.161277,A-USDT,0.5597,0.5599,834.3,1802.8
2025-07-25T08:17:02.165420,ANIME-USDT,0.01863,0.01865,187716.02,24654.12
2025-07-25T08:17:02.165460,AIXBT-USDT,0.1398,0.14,78971.17,70464.84
2025-07-25T08:17:02.172300,ACE-USDT,0.561,0.563,7584.2,11495.9
2025-07-25T08:17:02.174428,ALGO-USDT,0.258,0.2581,1197.6,7797.53
2025-07-25T08:17:02.174466,AEVO-USDT,0.1045,0.1046,126787.02,3455.17
2025-07-25T08:17:02.177390,ACT-USDT,0.0442,0.0443,166231.29,217460.04
2025-07-25T08:17:02.177432,AERO-USDT,0.8763,0.8772,150.31,49.42
2025-07-25T08:17:02.589395,AAVE-USDT,287.52,287.56,7.913,0.432
2025-07-25T08:17:02.656419,ALCH-USDT,0.13731,0.13756,402.61,259.93
2025-07-25T08:17:02.669504,AI-USDT,0.131,0.1313,18491.0,23532.0
2025-07-25T08:17:02.670932,AIXBT-USDT,0.1399,0.1401,111002.89,24065.04
2025-07-25T08:17:02.672608,AGT-USDT,0.005553,0.005577,71959.0,34973.0
2025-07-25T08:17:02.672640,ANIME-USDT,0.01863,0.01865,187716.02,24654.12
2025-07-25T08:17:02.672659,ACE-USDT,0.561,0.563,7584.2,11495.9
2025-07-25T08:17:02.678751,AI16Z-USDT,0.1465,0.1468,391.47,2862.0
2025-07-25T08:17:02.679063,AEVO-USDT,0.1045,0.1046,126787.02,3455.17
2025-07-25T08:17:02.679113,ACT-USDT,0.0442,0.0443,166231.29,217460.04
2025-07-25T08:17:02.938680,A-USDT,0.5598,0.5599,11.3,1802.8
2025-07-25T08:17:03.091908,AAVE-USDT,287.48,287.5,0.252,1.379
2025-07-25T08:17:03.156435,ALCH-USDT,0.13731,0.13756,402.61,259.93
2025-07-25T08:17:03.157172,AERGO-USDT,0.1308,0.131,12348.62,17109.88
2025-07-25T08:17:03.161025,A-USDT,0.5597,0.5599,834.3,1802.8
2025-07-25T08:17:03.162591,AI-USDT,0.1313,0.1314,13458.0,3458.0
2025-07-25T08:17:03.164820,AGT-USDT,0.005553,0.005577,71959.0,34973.0
2025-07-25T08:17:03.165552,ANIME-USDT,0.01863,0.01865,163716.02,1114.32
2025-07-25T08:17:03.166068,1INCH-USDT,0.2735,0.2739,2175.48,4461.57
2025-07-25T08:17:03.166515,AIXBT-USDT,0.1399,0.1401,111002.89,24065.04
2025-07-25T08:17:03.170023,ACE-USDT,0.561,0.563,8661.7,8885.9
2025-07-25T08:17:03.176515,ALGO-USDT,0.258,0.2581,1197.6,7797.53
2025-07-25T08:17:03.179776,AEVO-USDT,0.1045,0.1046,126787.02,4024.16
2025-07-25T08:17:03.179853,ACT-USDT,0.0442,0.0443,166231.29,217460.04
2025-07-25T08:17:03.189824,AI16Z-USDT,0.1465,0.1468,391.47,2862.0
2025-07-25T08:17:03.190538,ADA-USDT,0.7999,0.8,20143.1,4285.1
2025-07-25T08:17:03.594679,AAVE-USDT,287.48,287.5,0.252,1.379
2025-07-25T08:17:03.656963,AERGO-USDT,0.1308,0.131,12348.62,12532.72
2025-07-25T08:17:03.661509,AI-USDT,0.1313,0.1314,13458.0,3458.0
2025-07-25T08:17:03.665805,AGT-USDT,0.005553,0.005576,71959.0,95878.0
2025-07-25T08:17:03.665845,AIXBT-USDT,0.1399,0.1401,111002.89,24065.04
2025-07-25T08:17:03.665875,ANIME-USDT,0.01863,0.01865,163716.02,1114.32
2025-07-25T08:17:03.669465,1INCH-USDT,0.2735,0.2739,2175.48,4461.57
2025-07-25T08:17:03.684069,AI16Z-USDT,0.1465,0.1468,391.47,2862.0
2025-07-25T08:17:03.684118,ALGO-USDT,0.258,0.2581,1197.6,7797.53
2025-07-25T08:17:03.684153,AEVO-USDT,0.1045,0.1046,126787.02,4024.16
2025-07-25T08:17:03.684185,AERO-USDT,0.8763,0.8772,150.31,49.42
2025-07-25T08:17:03.684223,ACT-USDT,0.0442,0.0443,166231.29,217460.04
2025-07-25T08:17:03.686471,ADA-USDT,0.7999,0.8,20143.1,4285.1
2025-07-25T08:17:04.155995,ALCH-USDT,0.13731,0.13756,402.61,259.93
2025-07-25T08:17:04.160114,AI-USDT,0.1313,0.1314,13458.0,3458.0
2025-07-25T08:17:04.163453,AGT-USDT,0.005553,0.005576,71959.0,95878.0
2025-07-25T08:17:04.165080,AIXBT-USDT,0.1399,0.1401,111002.89,24065.04
2025-07-25T08:17:04.165121,ANIME-USDT,0.01863,0.01865,163716.02,1114.32
2025-07-25T08:17:04.168105,1INCH-USDT,0.2735,0.2739,2175.48,4461.57
2025-07-25T08:17:04.177011,ALGO-USDT,0.258,0.2581,1197.6,7797.53
2025-07-25T08:17:04.177050,AI16Z-USDT,0.1465,0.1469,1535.12,2547.72
2025-07-25T08:17:04.177080,ACT-USDT,0.0442,0.0443,166231.29,217460.04
2025-07-25T08:17:04.182426,AERO-USDT,0.8763,0.8772,150.31,49.42
2025-07-25T08:17:04.182472,AEVO-USDT,0.1045,0.1046,126787.02,4024.16
2025-07-25T08:17:04.185652,ADA-USDT,0.8,0.8001,25583.5,42344.0
2025-07-25T08:17:04.596842,AAVE-USDT,287.48,287.5,0.252,1.379
2025-07-25T08:17:04.657342,ALCH-USDT,0.13731,0.13756,402.61,259.93
2025-07-25T08:17:04.662756,AI-USDT,0.1313,0.1314,13458.0,3458.0
2025-07-25T08:17:04.664600,AGT-USDT,0.005553,0.005576,71959.0,95878.0
2025-07-25T08:17:04.664647,AIXBT-USDT,0.1399,0.1401,111002.89,24065.04
2025-07-25T08:17:04.664683,ANIME-USDT,0.01863,0.01865,163716.02,1114.32
2025-07-25T08:17:04.666064,1INCH-USDT,0.2735,0.2739,2175.48,4461.57
2025-07-25T08:17:04.667683,ACE-USDT,0.561,0.563,8661.7,8885.9
2025-07-25T08:17:04.676253,AEVO-USDT,0.1045,0.1046,126787.02,4024.16
2025-07-25T08:17:04.676287,ACT-USDT,0.0442,0.0443,166231.29,217460.04
2025-07-25T08:17:04.686380,AERO-USDT,0.8763,0.8772,150.31,49.42
2025-07-25T08:17:04.686483,ADA-USDT,0.7997,0.7999,10323.5,52785.9
2025-07-25T08:17:05.005067,A-USDT,0.5598,0.5599,10.0,1802.8
2025-07-25T08:17:05.098597,AAVE-USDT,287.48,287.5,0.252,1.379
2025-07-25T08:17:05.159640,A-USDT,0.5597,0.5599,834.3,1802.8
2025-07-25T08:17:05.160605,AI-USDT,0.1313,0.1314,13458.0,3458.0
2025-07-25T08:17:05.165445,AIXBT-USDT,0.1399,0.1401,111002.89,77829.96
2025-07-25T08:17:05.167016,1INCH-USDT,0.2735,0.2739,2175.48,4461.57
2025-07-25T08:17:05.175378,ACE-USDT,0.561,0.563,8661.7,8885.9
2025-07-25T08:17:05.175969,ALGO-USDT,0.258,0.2581,1197.6,7797.53
2025-07-25T08:17:05.179934,AEVO-USDT,0.1045,0.1046,126787.02,4024.16
2025-07-25T08:17:05.181323,AERO-USDT,0.8763,0.8772,150.31,49.42
2025-07-25T08:17:05.191128,ADA-USDT,0.7993,0.7994,27945.8,40454.5
2025-07-25T08:17:05.267518,ACT-USDT,0.0442,0.0443,166231.29,181008.24
2025-07-25T08:17:05.267867,ALCH-USDT,0.13731,0.13756,402.61,259.93
2025-07-25T08:17:05.268152,AGT-USDT,0.005553,0.005576,71959.0,95878.0
2025-07-25T08:17:05.500253,AAVE-USDT,287.48,287.5,0.252,1.379
2025-07-25T08:17:05.659196,AI-USDT,0.1313,0.1314,13458.0,3458.0
2025-07-25T08:17:05.663031,AIXBT-USDT,0.1399,0.1401,111002.89,77829.96
2025-07-25T08:17:05.663583,ANIME-USDT,0.01863,0.01865,163716.02,1114.32
2025-07-25T08:17:05.664255,1INCH-USDT,0.2735,0.2739,664.44,6372.09
2025-07-25T08:17:05.666338,ACE-USDT,0.561,0.563,8661.7,8885.9
2025-07-25T08:17:05.672533,AGT-USDT,0.005553,0.005576,71959.0,95878.0
2025-07-25T08:17:05.675174,ACT-USDT,0.0442,0.0443,166231.29,181008.24
2025-07-25T08:17:05.678775,AEVO-USDT,0.1045,0.1046,126787.02,4024.16
2025-07-25T08:17:05.678979,AERO-USDT,0.8763,0.8772,150.31,49.42
2025-07-25T08:17:05.680406,ALGO-USDT,0.258,0.2581,1197.6,7797.53
2025-07-25T08:17:05.685315,ADA-USDT,0.7993,0.7994,27945.8,40454.5
2025-07-25T08:17:06.002682,AAVE-USDT,287.48,287.5,0.252,1.379
2025-07-25T08:17:06.165579,ALCH-USDT,0.13731,0.13756,402.61,259.93
2025-07-25T08:17:06.165618,AERGO-USDT,0.1308,0.131,12348.62,21909.9
2025-07-25T08:17:06.165648,AI-USDT,0.1313,0.1314,13458.0,3458.0
2025-07-25T08:17:06.165680,AGT-USDT,0.005553,0.005576,71959.0,95878.0
2025-07-25T08:17:06.165711,AIXBT-USDT,0.1399,0.1401,111002.89,77829.96
2025-07-25T08:17:06.167976,ANIME-USDT,0.01863,0.01865,163716.02,1114.32
2025-07-25T08:17:06.168016,1INCH-USDT,0.2735,0.2739,664.44,6372.09
2025-07-25T08:17:06.168042,ACE-USDT,0.561,0.563,8661.7,8885.9
2025-07-25T08:17:06.175068,AI16Z-USDT,0.1465,0.1469,1535.12,2547.72
2025-07-25T08:17:06.175104,AEVO-USDT,0.1045,0.1046,126787.02,4024.16
2025-07-25T08:17:06.177290,ALGO-USDT,0.258,0.2581,1197.6,7797.53
2025-07-25T08:17:06.177807,ACT-USDT,0.0442,0.0443,166231.29,181008.24
2025-07-25T08:17:06.178673,AERO-USDT,0.8763,0.8772,150.31,49.42
2025-07-25T08:17:06.424135,AI16Z-USDT,0.1467,0.1469,52.79,2547.72
2025-07-25T08:17:06.513324,AAVE-USDT,287.48,287.5,0.252,1.379
2025-07-25T08:17:06.656157,ALCH-USDT,0.13731,0.13756,402.61,259.93
2025-07-25T08:17:06.656195,AERGO-USDT,0.1307,0.1308,7922.49,3671.18
2025-07-25T08:17:06.662320,AI-USDT,0.1313,0.1314,13458.0,3458.0
2025-07-25T08:17:06.664013,AIXBT-USDT,0.1399,0.1401,111002.89,77829.96
2025-07-25T08:17:06.664052,AGT-USDT,0.005553,0.005576,71959.0,95878.0
2025-07-25T08:17:06.664082,ANIME-USDT,0.01863,0.01865,163716.02,1114.32
2025-07-25T08:17:06.664899,1INCH-USDT,0.2735,0.2739,664.44,6372.09
2025-07-25T08:17:06.666415,ACE-USDT,0.561,0.563,8661.7,8885.9
2025-07-25T08:17:06.671834,AI16Z-USDT,0.1465,0.1469,1535.12,2547.72
2025-07-25T08:17:06.674869,AEVO-USDT,0.1045,0.1046,126787.02,4024.16
2025-07-25T08:17:06.683971,ADA-USDT,0.7993,0.7994,27945.8,40454.5
2025-07-25T08:17:06.684018,ACT-USDT,0.0442,0.0443,166231.29,181008.24
2025-07-25T08:17:06.954969,A-USDT,0.5597,0.5598,834.3,10.0
2025-07-25T08:17:07.005742,AAVE-USDT,287.47,287.5,9.244,5.83
2025-07-25T08:17:07.156358,ALCH-USDT,0.13731,0.13756,402.61,259.93
2025-07-25T08:17:07.158654,A-USDT,0.5597,0.5599,834.3,1802.8
2025-07-25T08:17:07.159364,AI-USDT,0.131,0.1312,33670.0,1973.0
2025-07-25T08:17:07.164479,AGT-USDT,0.005553,0.005576,71959.0,95878.0
2025-07-25T08:17:07.166880,AIXBT-USDT,0.1399,0.1401,111002.89,77829.96
2025-07-25T08:17:07.166920,ANIME-USDT,0.01863,0.01865,163716.02,1114.32
2025-07-25T08:17:07.166952,ACE-USDT,0.561,0.563,8661.7,8885.9
2025-07-25T08:17:07.167215,1INCH-USDT,0.2735,0.2739,664.44,6372.09
2025-07-25T08:17:07.172456,ALGO-USDT,0.258,0.2581,1197.6,7797.53
2025-07-25T08:17:07.175099,AEVO-USDT,0.1045,0.1046,126787.02,4024.16
2025-07-25T08:17:07.176176,ACT-USDT,0.0442,0.0443,166231.29,181008.24
2025-07-25T08:17:07.177937,AERO-USDT,0.8763,0.8772,150.31,49.42
2025-07-25T08:17:07.185118,AI16Z-USDT,0.1465,0.1469,1535.12,2547.72
2025-07-25T08:17:07.188484,ADA-USDT,0.7993,0.7994,27945.8,40454.5
2025-07-25T08:17:07.433929,AI16Z-USDT,0.1465,0.1466,1535.12,497.82
2025-07-25T08:17:07.507861,AAVE-USDT,287.47,287.5,9.244,5.83
2025-07-25T08:17:07.656887,ALCH-USDT,0.13731,0.13756,402.61,259.93
2025-07-25T08:17:07.663958,AI-USDT,0.131,0.1312,33670.0,1973.0
2025-07-25T08:17:07.664010,AIXBT-USDT,0.1399,0.1401,111002.89,77829.96
2025-07-25T08:17:07.671345,ANIME-USDT,0.01863,0.01865,163716.02,1114.32
2025-07-25T08:17:07.671707,ACE-USDT,0.561,0.563,8661.7,8885.9
2025-07-25T08:17:07.673702,ALGO-USDT,0.258,0.2581,1197.6,7797.53
2025-07-25T08:17:07.678160,AI16Z-USDT,0.1465,0.1469,1535.12,2547.72
2025-07-25T08:17:07.678201,AEVO-USDT,0.1045,0.1046,126787.02,4024.16
2025-07-25T08:17:07.678229,ACT-USDT,0.0442,0.0443,166231.29,181008.24
2025-07-25T08:17:07.684852,AERO-USDT,0.8763,0.8772,51.24,49.42
2025-07-25T08:17:07.685327,ADA-USDT,0.7993,0.7994,27945.8,40454.5
2025-07-25T08:17:08.009690,AAVE-USDT,287.47,287.5,9.244,5.83
2025-07-25T08:17:08.156556,ALCH-USDT,0.13731,0.13756,402.61,259.93
2025-07-25T08:17:08.161598,AI-USDT,0.1312,0.1313,13836.0,1973.0
2025-07-25T08:17:08.164975,AIXBT-USDT,0.1399,0.1401,111002.89,77829.96
2025-07-25T08:17:08.165026,AGT-USDT,0.005553,0.005576,71959.0,95878.0
2025-07-25T08:17:08.170577,ACE-USDT,0.561,0.563,8661.7,8885.9
2025-07-25T08:17:08.176559,ALGO-USDT,0.258,0.2581,1197.6,7797.53
2025-07-25T08:17:08.178288,ACT-USDT,0.0442,0.0443,166231.29,181008.24
2025-07-25T08:17:08.182488,AERO-USDT,0.8763,0.8772,51.24,49.42
2025-07-25T08:17:08.319503,AAVE-USDT,287.47,287.49,9.244,0.125
2025-07-25T08:17:08.416247,AAVE-USDT,287.47,287.5,9.244,5.83
2025-07-25T08:17:08.964088,A-USDT,0.5598,0.5599,10.0,1802.8
2025-07-25T08:17:09.514870,AERGO-USDT,0.1308,0.1309,10853.62,270.81
2025-07-25T08:17:09.877257,AAVE-USDT,287.56,287.6,0.071,12.514
2025-07-25T08:17:10.181958,AAVE-USDT,287.5,287.6,12.391,12.514
2025-07-25T08:17:10.200989,AERGO-USDT,0.1308,0.131,10853.62,12220.34
2025-07-25T08:17:10.202994,A-USDT,0.5597,0.5599,834.3,1802.8
2025-07-25T08:17:10.203033,AI-USDT,0.1312,0.1313,13836.0,1973.0
2025-07-25T08:17:10.209741,AIXBT-USDT,0.1399,0.1401,111002.89,77829.96
2025-07-25T08:17:10.209776,ANIME-USDT,0.01863,0.01865,163716.02,1114.32
2025-07-25T08:17:10.211070,1INCH-USDT,0.2735,0.2739,664.44,6372.09
2025-07-25T08:17:10.217651,ACE-USDT,0.561,0.563,8661.7,8885.9
2025-07-25T08:17:10.226369,ALGO-USDT,0.258,0.2581,1197.6,7797.53
2025-07-25T08:17:10.226911,AI16Z-USDT,0.1465,0.1469,1535.12,2547.72
2025-07-25T08:17:10.226955,AEVO-USDT,0.1045,0.1046,126787.02,4024.16
2025-07-25T08:17:10.233679,AERO-USDT,0.8761,0.8769,177.36,49.84
2025-07-25T08:17:10.244778,AERGO-USDT,0.1307,0.1308,7542.37,4076.75
2025-07-25T08:17:10.244840,ADA-USDT,0.7997,0.8,54159.6,54109.3
2025-07-25T08:17:10.246224,A-USDT,0.5598,0.5601,1086.0,724.3
2025-07-25T08:17:10.280931,AGT-USDT,0.005553,0.005576,71959.0,95878.0
2025-07-25T08:17:10.280968,ALCH-USDT,0.13733,0.13754,269.6,261.31
2025-07-25T08:17:10.296134,ACT-USDT,0.0442,0.0443,166231.29,181008.24
2025-07-25T08:17:10.592398,AAVE-USDT,287.54,287.61,9.156,3.62
2025-07-25T08:17:10.661986,ALCH-USDT,0.13733,0.13754,269.6,261.31
2025-07-25T08:17:10.662024,AI-USDT,0.1312,0.1313,13836.0,1973.0
2025-07-25T08:17:10.664233,ANIME-USDT,0.01863,0.01865,163716.02,1114.32
2025-07-25T08:17:10.665225,1INCH-USDT,0.2735,0.2739,664.44,6372.09
2025-07-25T08:17:10.669317,ACE-USDT,0.561,0.563,8661.7,8885.9
2025-07-25T08:17:10.673420,AI16Z-USDT,0.1465,0.1469,1535.12,2547.72
2025-07-25T08:17:12.401104,AERGO-USDT,0.1309,0.131,122.97,10424.33
2025-07-25T08:17:12.401149,ALCH-USDT,0.13733,0.13754,269.6,261.31
2025-07-25T08:17:12.401180,AERGO-USDT,0.1307,0.1308,7564.61,4019.22
2025-07-25T08:17:12.401204,AI-USDT,0.1312,0.1313,13836.0,1973.0
2025-07-25T08:17:12.401234,AGT-USDT,0.005564,0.005576,24379.0,83038.0
2025-07-25T08:17:12.401267,AIXBT-USDT,0.1399,0.1401,111002.89,77829.96
2025-07-25T08:17:12.401299,ANIME-USDT,0.01863,0.01865,163716.02,1114.32
2025-07-25T08:17:12.401329,1INCH-USDT,0.2735,0.2739,664.44,6372.09
2025-07-25T08:17:12.401363,ACE-USDT,0.561,0.563,8661.7,8885.9
2025-07-25T08:17:12.401398,ACE-USDT,0.561,0.563,8661.7,8885.9
2025-07-25T08:17:12.401427,AI16Z-USDT,0.1465,0.1469,1535.12,2547.72
2025-07-25T08:17:12.401458,ALGO-USDT,0.258,0.2581,5269.2,28991.93
2025-07-25T08:17:12.401484,AEVO-USDT,0.1045,0.1046,126787.02,4024.16
2025-07-25T08:17:12.401509,ACT-USDT,0.0442,0.0443,166231.29,181008.24
2025-07-25T08:17:12.401534,AERO-USDT,0.8761,0.8769,177.36,49.84
2025-07-25T08:17:12.401565,ADA-USDT,0.7997,0.8,54342.0,39588.0
2025-07-25T08:17:12.401591,ADA-USDT,0.7999,0.8001,27778.9,37913.6
2025-07-25T08:17:12.401616,A-USDT,0.5598,0.5599,1086.0,29.4
2025-07-25T08:17:12.403136,AI16Z-USDT,0.1467,0.1469,104.97,2547.72
2025-07-25T08:17:12.403170,AAVE-USDT,287.5,287.54,0.252,13.788
2025-07-25T08:17:12.403192,ADA-USDT,0.7997,0.8,54159.6,54109.3
2025-07-25T08:17:12.403213,ACT-USDT,0.0442,0.0443,166231.29,181008.24
2025-07-25T08:17:12.493144,ALCH-USDT,0.13733,0.13744,269.6,6.05
2025-07-25T08:17:12.544502,ADA-USDT,0.7999,0.8,27778.9,440.4
2025-07-25T08:17:12.564896,AAVE-USDT,287.5,287.54,0.252,13.788
2025-07-25T08:17:12.655935,ALCH-USDT,0.13733,0.13754,269.6,261.31
2025-07-25T08:17:12.658846,A-USDT,0.5598,0.5601,1086.0,724.3
2025-07-25T08:17:12.659105,AI-USDT,0.1312,0.1313,19049.0,1973.0
2025-07-25T08:17:12.663086,AGT-USDT,0.005564,0.005576,24379.0,83038.0
2025-07-25T08:17:12.663135,AIXBT-USDT,0.1399,0.1401,111002.89,77829.96
2025-07-25T08:17:12.663519,ANIME-USDT,0.01863,0.01865,163716.02,1114.32
2025-07-25T08:17:12.665374,1INCH-USDT,0.2735,0.2739,664.44,6372.09
2025-07-25T08:17:12.667924,ACE-USDT,0.561,0.563,8661.7,8885.9
2025-07-25T08:17:12.674121,AI16Z-USDT,0.1465,0.1469,1535.12,2547.72
2025-07-25T08:17:12.674346,ACT-USDT,0.0442,0.0443,166231.29,181008.24
2025-07-25T08:17:12.685322,ADA-USDT,0.7999,0.8001,27778.9,37913.6
2025-07-25T08:17:12.936769,ADA-USDT,0.7999,0.8,27778.9,6473.8
2025-07-25T08:17:12.959757,A-USDT,0.5599,0.5601,14.0,724.3
2025-07-25T08:17:13.024696,AIXBT-USDT,0.1399,0.14,111002.89,2654.43
2025-07-25T08:17:13.067653,AAVE-USDT,287.5,287.54,0.252,13.788
2025-07-25T08:17:13.158358,ALCH-USDT,0.13733,0.13754,269.6,261.31
2025-07-25T08:17:13.158703,A-USDT,0.5598,0.5601,1086.0,724.3
2025-07-25T08:17:13.160849,AI-USDT,0.1312,0.1313,19049.0,1973.0
2025-07-25T08:17:13.163233,AGT-USDT,0.005564,0.005581,24379.0,83038.0
2025-07-25T08:17:13.165393,ANIME-USDT,0.01863,0.01865,135873.38,35233.8
2025-07-25T08:17:13.165577,AIXBT-USDT,0.1399,0.1401,111002.89,77829.96
2025-07-25T08:17:13.166391,1INCH-USDT,0.2735,0.2739,664.44,6372.09
2025-07-25T08:17:13.168950,ACE-USDT,0.561,0.563,8661.7,8885.9
2025-07-25T08:17:13.175116,ALGO-USDT,0.258,0.2581,5269.2,28991.93
2025-07-25T08:17:13.177495,AEVO-USDT,0.1045,0.1046,126787.02,4024.16
2025-07-25T08:17:13.177533,ACT-USDT,0.0442,0.0443,166231.29,181008.24
2025-07-25T08:17:13.179285,AERO-USDT,0.8759,0.8769,51.9,146.45
2025-07-25T08:17:13.193907,ADA-USDT,0.7999,0.8001,27778.9,37913.6
2025-07-25T08:17:13.574247,AAVE-USDT,287.5,287.54,0.252,13.788
2025-07-25T08:17:13.657775,ALCH-USDT,0.13733,0.13754,269.6,261.31
2025-07-25T08:17:13.660871,AI-USDT,0.1312,0.1313,19049.0,1973.0
2025-07-25T08:17:13.664547,AGT-USDT,0.005564,0.005581,24379.0,83038.0
2025-07-25T08:17:13.664592,AIXBT-USDT,0.1403,0.1404,17206.21,130390.56
2025-07-25T08:17:13.666156,ANIME-USDT,0.01863,0.01865,135873.38,35233.8
2025-07-25T08:17:13.666401,1INCH-USDT,0.2735,0.2739,664.44,6372.09
2025-07-25T08:17:13.668126,ACE-USDT,0.561,0.563,8661.7,8885.9
2025-07-25T08:17:13.676188,ALGO-USDT,0.258,0.2581,5269.2,28991.93
2025-07-25T08:17:13.678457,AEVO-USDT,0.1045,0.1046,126787.02,4024.16
2025-07-25T08:17:13.681899,AERO-USDT,0.8759,0.8769,51.9,146.45
2025-07-25T08:17:13.689648,ACT-USDT,0.0442,0.0443,166231.29,181008.24
2025-07-25T08:17:13.689685,ADA-USDT,0.8001,0.8002,22586.2,4829.0
2025-07-25T08:17:13.939606,AAVE-USDT,287.51,287.54,0.063,13.788
2025-07-25T08:17:13.975084,AAVE-USDT,287.5,287.54,0.252,13.788
2025-07-25T08:17:14.074363,AAVE-USDT,287.49,287.5,0.21,0.152
2025-07-25T08:17:14.156143,ALCH-USDT,0.13733,0.13754,269.6,261.31
2025-07-25T08:17:14.163557,AI-USDT,0.1312,0.1313,19049.0,1973.0
2025-07-25T08:17:14.163821,AGT-USDT,0.005564,0.005581,24379.0,83038.0
2025-07-25T08:17:14.167091,AIXBT-USDT,0.1403,0.1404,17206.21,33899.76
2025-07-25T08:17:14.167129,ANIME-USDT,0.01863,0.01865,135873.38,35233.8
2025-07-25T08:17:14.171268,1INCH-USDT,0.2735,0.2739,664.44,6372.09
2025-07-25T08:17:14.171308,ACE-USDT,0.561,0.563,8661.7,8885.9
2025-07-25T08:17:14.176035,AI16Z-USDT,0.1468,0.147,3318.57,2923.33
2025-07-25T08:17:14.177488,ACT-USDT,0.0442,0.0443,166231.29,181008.24
2025-07-25T08:17:14.188992,AEVO-USDT,0.1045,0.1046,126787.02,4024.16
2025-07-25T08:17:14.189041,ADA-USDT,0.7993,0.7994,16514.0,32013.8
2025-07-25T08:17:14.462504,AERGO-USDT,0.1309,0.131,18.11,11404.21
2025-07-25T08:17:14.576959,AAVE-USDT,287.45,287.46,7.912,5.535
2025-07-25T08:17:14.655958,ALCH-USDT,0.13733,0.13754,269.6,261.31
2025-07-25T08:17:14.656971,AERGO-USDT,0.1308,0.131,9770.91,11404.21
2025-07-25T08:17:14.658420,A-USDT,0.5596,0.5598,1042.6,803.8
2025-07-25T08:17:14.661562,AI-USDT,0.131,0.1312,33835.0,1973.0
2025-07-25T08:17:14.663089,AGT-USDT,0.005564,0.005581,24379.0,83038.0
2025-07-25T08:17:14.663137,AIXBT-USDT,0.1401,0.1402,103081.69,18311.76
2025-07-25T08:17:14.667175,1INCH-USDT,0.2735,0.2739,664.44,6372.09
2025-07-25T08:17:14.667224,ACE-USDT,0.561,0.563,8661.7,8885.9
2025-07-25T08:17:14.667259,ANIME-USDT,0.01863,0.01865,135873.38,35233.8
2025-07-25T08:17:14.675209,ALGO-USDT,0.258,0.2581,5269.2,28991.93
2025-07-25T08:17:14.675246,AI16Z-USDT,0.1468,0.147,3318.57,3292.19
2025-07-25T08:17:14.675276,AEVO-USDT,0.1045,0.1046,126787.02,4024.16
2025-07-25T08:17:14.675303,ACT-USDT,0.0442,0.0443,166231.29,181008.24
2025-07-25T08:17:14.678553,AERO-USDT,0.8759,0.8769,51.9,146.45
2025-07-25T08:17:14.959527,A-USDT,0.5597,0.5598,17.3,803.8
2025-07-25T08:17:15.082057,AAVE-USDT,287.49,287.54,51.684,4.05
2025-07-25T08:17:15.158864,A-USDT,0.5596,0.5598,1042.6,803.8
2025-07-25T08:17:15.160605,AI-USDT,0.1311,0.1312,44875.0,1973.0
2025-07-25T08:17:15.164605,AIXBT-USDT,0.1401,0.1402,103081.69,18311.76
2025-07-25T08:17:15.165069,ANIME-USDT,0.01863,0.01865,135873.38,35233.8
2025-07-25T08:17:15.165825,1INCH-USDT,0.2735,0.2739,664.44,6372.09
2025-07-25T08:17:15.174800,ALGO-USDT,0.258,0.2581,5269.2,28991.93
2025-07-25T08:17:15.174844,AI16Z-USDT,0.1468,0.147,3318.57,3292.19
2025-07-25T08:17:15.175176,AEVO-USDT,0.1045,0.1046,126787.02,4024.16
2025-07-25T08:17:15.178634,AERO-USDT,0.8759,0.8769,51.9,146.45
2025-07-25T08:17:15.185493,ADA-USDT,0.7992,0.7993,9891.7,23478.0
2025-07-25T08:17:15.269100,ACT-USDT,0.0442,0.0443,166231.29,181008.24
2025-07-25T08:17:15.269138,AGT-USDT,0.005564,0.005581,24379.0,83038.0
2025-07-25T08:17:15.269167,ALCH-USDT,0.13733,0.13754,269.6,261.31
2025-07-25T08:17:15.584329,AAVE-USDT,287.51,287.56,52.988,17.214
2025-07-25T08:17:15.656585,ALCH-USDT,0.13733,0.13754,269.6,261.31
2025-07-25T08:17:15.662484,AI-USDT,0.131,0.1312,33835.0,1973.0
2025-07-25T08:17:15.662936,AGT-USDT,0.005564,0.005581,24379.0,83038.0
2025-07-25T08:17:15.664328,AIXBT-USDT,0.1401,0.1402,103081.69,18311.76
2025-07-25T08:17:15.664845,ANIME-USDT,0.01863,0.01865,135873.38,35233.8
2025-07-25T08:17:15.668312,1INCH-USDT,0.2735,0.2739,513.96,20507.61
2025-07-25T08:17:15.668771,ACE-USDT,0.561,0.563,8661.7,8885.9
2025-07-25T08:17:15.674034,ALGO-USDT,0.258,0.2581,5269.2,28991.93
2025-07-25T08:17:15.675409,AI16Z-USDT,0.1468,0.147,3318.57,2923.33
2025-07-25T08:17:15.675450,AEVO-USDT,0.1045,0.1046,126787.02,4024.16
2025-07-25T08:17:15.678062,ACT-USDT,0.0442,0.0443,166231.29,181008.24
2025-07-25T08:17:15.680135,AERO-USDT,0.8759,0.8769,51.9,146.45
2025-07-25T08:17:15.685983,ADA-USDT,0.799,0.7991,11591.4,32604.9
2025-07-25T08:17:15.921931,AAVE-USDT,287.51,287.54,52.988,0.088
2025-07-25T08:17:15.985925,AAVE-USDT,287.51,287.56,52.988,17.214
2025-07-25T08:17:16.088617,AAVE-USDT,287.56,287.62,55.518,5.451
2025-07-25T08:17:16.156390,ALCH-USDT,0.13733,0.13754,269.6,261.31
2025-07-25T08:17:16.163369,AGT-USDT,0.005564,0.005581,24379.0,83038.0
2025-07-25T08:17:16.164960,AIXBT-USDT,0.1401,0.1402,103081.69,18311.76
2025-07-25T08:17:16.165705,ANIME-USDT,0.01863,0.01865,135873.38,35233.8
2025-07-25T08:17:16.167546,ACE-USDT,0.561,0.563,8661.7,8885.9
2025-07-25T08:17:16.174441,ACT-USDT,0.0442,0.0443,166231.29,181008.24
2025-07-25T08:17:16.174616,AEVO-USDT,0.1045,0.1046,126787.02,4024.16
2025-07-25T08:17:16.188699,AERO-USDT,0.8759,0.8769,51.9,146.45
2025-07-25T08:17:16.590005,AAVE-USDT,287.56,287.62,55.518,5.451
2025-07-25T08:17:16.664877,ALCH-USDT,0.13733,0.13754,269.6,261.31
2025-07-25T08:17:16.664914,AI-USDT,0.131,0.1312,33835.0,1973.0
2025-07-25T08:17:16.666463,AIXBT-USDT,0.1401,0.1402,103081.69,18311.76
2025-07-25T08:17:16.666500,AGT-USDT,0.005564,0.005581,24379.0,83038.0
2025-07-25T08:17:16.668149,1INCH-USDT,0.2735,0.2739,513.96,20507.61
2025-07-25T08:17:16.668187,ACE-USDT,0.561,0.563,8661.7,8885.9
2025-07-25T08:17:16.680934,1INCH-USDT,0.2738,0.2739,127.08,20507.61
2025-07-25T08:17:16.680990,ALGO-USDT,0.258,0.2581,5269.2,28991.93
2025-07-25T08:17:16.681025,ACT-USDT,0.0442,0.0443,166231.29,181008.24
2025-07-25T08:17:16.681060,AEVO-USDT,0.1045,0.1046,126787.02,4024.16
2025-07-25T08:17:16.681091,AERO-USDT,0.8759,0.8769,51.9,146.45
2025-07-25T08:17:16.706111,ADA-USDT,0.799,0.7991,11591.4,32604.9
2025-07-25T08:17:17.008568,A-USDT,0.5596,0.5597,1042.6,14.8
2025-07-25T08:17:17.090769,AAVE-USDT,287.56,287.62,55.518,5.451
2025-07-25T08:17:17.160957,A-USDT,0.5596,0.5598,1042.6,803.8
2025-07-25T08:17:17.160999,AI-USDT,0.131,0.1312,33835.0,1973.0
2025-07-25T08:17:17.163590,AGT-USDT,0.005564,0.005581,24379.0,83038.0
2025-07-25T08:17:17.166403,AIXBT-USDT,0.1401,0.1402,103081.69,18311.76
2025-07-25T08:17:17.166450,ANIME-USDT,0.01863,0.01865,135873.38,35233.8
2025-07-25T08:17:17.166485,1INCH-USDT,0.2735,0.2739,513.96,20507.61
2025-07-25T08:17:17.173732,ALGO-USDT,0.2577,0.2578,39469.2,1196.33
2025-07-25T08:17:17.174593,AEVO-USDT,0.1045,0.1046,126787.02,4024.16
2025-07-25T08:17:17.177920,ACT-USDT,0.0442,0.0443,166231.29,181008.24
2025-07-25T08:17:17.182128,AERO-USDT,0.8761,0.8769,52.09,49.9
2025-07-25T08:17:17.185866,ADA-USDT,0.7986,0.7987,9929.8,60956.3
2025-07-25T08:17:17.295279,AAVE-USDT,287.56,287.58,55.518,0.795
2025-07-25T08:17:17.391629,AAVE-USDT,287.56,287.62,55.518,5.451
2025-07-25T08:17:17.592576,AAVE-USDT,287.56,287.62,55.518,5.451
2025-07-25T08:17:17.662265,ALCH-USDT,0.13731,0.13753,1352.9,261.77
2025-07-25T08:17:17.662311,AI-USDT,0.1312,0.1313,418.0,3737.0
2025-07-25T08:17:17.664084,AGT-USDT,0.005564,0.005581,24379.0,83038.0
2025-07-25T08:17:17.664995,ANIME-USDT,0.01863,0.01865,135873.38,35233.8
2025-07-25T08:17:17.665643,1INCH-USDT,0.2735,0.2739,513.96,20507.61
2025-07-25T08:17:17.669899,ACE-USDT,0.561,0.563,8661.7,8885.9
2025-07-25T08:17:17.679258,ALGO-USDT,0.2577,0.2578,39469.2,1196.33
2025-07-25T08:17:17.679300,AI16Z-USDT,0.1467,0.1468,3172.78,5370.5
2025-07-25T08:17:17.679328,AEVO-USDT,0.1045,0.1046,126787.02,4024.16
2025-07-25T08:17:17.679354,ACT-USDT,0.0442,0.0443,166231.29,181008.24
2025-07-25T08:17:17.679386,AERO-USDT,0.8761,0.8769,52.09,49.9
2025-07-25T08:17:17.684527,ADA-USDT,0.7984,0.7985,11906.4,47452.6
2025-07-25T08:17:17.890240,AAVE-USDT,287.59,287.62,0.073,5.451
2025-07-25T08:17:17.893842,AAVE-USDT,287.56,287.62,55.518,5.451
2025-07-25T08:17:18.156717,ALCH-USDT,0.13731,0.13753,1352.9,261.77
2025-07-25T08:17:18.157194,AERGO-USDT,0.1308,0.131,9770.91,11404.21
2025-07-25T08:17:18.161920,AI-USDT,0.1312,0.1313,418.0,3737.0
2025-07-25T08:17:18.168070,AGT-USDT,0.005564,0.005581,24379.0,83038.0
2025-07-25T08:17:18.168119,ANIME-USDT,0.01863,0.01865,135873.38,35233.8
2025-07-25T08:17:18.169554,1INCH-USDT,0.2735,0.2739,513.96,20507.61
2025-07-25T08:17:18.169950,ACE-USDT,0.561,0.563,8661.7,8885.9
2025-07-25T08:17:18.177861,AI16Z-USDT,0.1466,0.1468,3472.52,5370.5
2025-07-25T08:17:18.178321,ACT-USDT,0.0442,0.0443,166231.29,181008.24
2025-07-25T08:17:18.180282,AEVO-USDT,0.1045,0.1046,126787.02,4024.16
2025-07-25T08:17:18.189992,ADA-USDT,0.7984,0.7985,11906.4,47452.6
2025-07-25T08:17:18.336449,AERGO-USDT,0.1309,0.131,112.44,11404.21
2025-07-25T08:17:18.598526,AAVE-USDT,287.58,287.63,47.85,0.279
2025-07-25T08:17:18.630903,AAVE-USDT,287.58,287.61,47.85,0.044
2025-07-25T08:17:18.656367,ALCH-USDT,0.13731,0.13753,1352.9,261.77
2025-07-25T08:17:18.657538,AERGO-USDT,0.1308,0.131,9770.91,11404.21
2025-07-25T08:17:18.660201,AI-USDT,0.131,0.1312,23475.0,3737.0
2025-07-25T08:17:18.663764,AGT-USDT,0.005564,0.005581,24379.0,83038.0
2025-07-25T08:17:18.663843,AIXBT-USDT,0.1399,0.1401,124774.8,62112.0
2025-07-25T08:17:18.664125,ANIME-USDT,0.01863,0.01865,135873.38,35233.8
2025-07-25T08:17:18.672292,1INCH-USDT,0.2735,0.2739,513.96,20507.61
2025-07-25T08:17:18.672331,ACE-USDT,0.561,0.563,8661.7,8885.9
2025-07-25T08:17:18.672362,ALGO-USDT,0.2577,0.2578,39469.2,1196.33
2025-07-25T08:17:18.674394,AEVO-USDT,0.1045,0.1046,126787.02,4024.16
2025-07-25T08:17:18.674680,AI16Z-USDT,0.1466,0.1468,3472.52,5370.5
2025-07-25T08:17:18.684993,ACT-USDT,0.0442,0.0443,166231.29,181008.24
2025-07-25T08:17:18.685031,AERO-USDT,0.876,0.8768,52.1,49.9
2025-07-25T08:17:18.689950,ADA-USDT,0.7984,0.7985,11906.4,47452.6
2025-07-25T08:17:18.699867,AAVE-USDT,287.58,287.63,47.85,0.279
2025-07-25T08:17:18.952379,A-USDT,0.5596,0.5597,1042.6,14.8
2025-07-25T08:17:19.024102,AAVE-USDT,287.6,287.64,0.03,17.219
2025-07-25T08:17:19.101940,AAVE-USDT,287.58,287.64,47.85,17.219
2025-07-25T08:17:19.156143,ALCH-USDT,0.13731,0.13753,1352.9,261.77
2025-07-25T08:17:19.156450,AERGO-USDT,0.1307,0.1308,8806.41,2724.51
2025-07-25T08:17:19.160988,A-USDT,0.5596,0.5598,1042.6,803.8
2025-07-25T08:17:19.165747,AGT-USDT,0.005564,0.005581,24379.0,83038.0
2025-07-25T08:17:19.165811,AIXBT-USDT,0.1399,0.1401,124774.8,62112.0
2025-07-25T08:17:19.171679,ANIME-USDT,0.01863,0.01865,135873.38,35233.8
2025-07-25T08:17:19.171725,ACE-USDT,0.561,0.563,8661.7,8885.9
2025-07-25T08:17:19.178200,ALGO-USDT,0.2577,0.2578,39469.2,1196.33
2025-07-25T08:17:19.178294,AI16Z-USDT,0.1466,0.1468,3472.52,5370.5
2025-07-25T08:17:19.178385,AEVO-USDT,0.1045,0.1046,126787.02,4024.16
2025-07-25T08:17:19.179982,ACT-USDT,0.0442,0.0443,166231.29,181008.24
2025-07-25T08:17:19.180101,AERO-USDT,0.876,0.8768,52.1,49.9
2025-07-25T08:17:19.188161,ADA-USDT,0.7984,0.7985,11906.4,47452.6
2025-07-25T08:17:19.252522,AAVE-USDT,287.58,287.61,47.85,0.643
2025-07-25T08:17:19.269127,AIXBT-USDT,0.1399,0.14,124774.8,837.44
2025-07-25T08:17:19.305207,AAVE-USDT,287.58,287.64,47.85,17.219
2025-07-25T08:17:19.500325,AAVE-USDT,287.62,287.69,53.107,1.12
2025-07-25T08:17:19.663108,ALCH-USDT,0.13731,0.13753,1352.9,261.77
2025-07-25T08:17:19.663163,AGT-USDT,0.005564,0.005581,24379.0,83038.0
2025-07-25T08:17:19.663201,ANIME-USDT,0.01863,0.01865,135873.38,35233.8
2025-07-25T08:17:19.663483,AIXBT-USDT,0.1399,0.1401,124774.8,62112.0
2025-07-25T08:17:19.667911,ACE-USDT,0.561,0.563,8661.7,8885.9
2025-07-25T08:17:19.674994,ACT-USDT,0.0442,0.0443,166231.29,181008.24
2025-07-25T08:17:19.675033,AERO-USDT,0.876,0.8768,52.1,49.9
2025-07-25T08:17:19.675062,AEVO-USDT,0.1045,0.1046,73915.49,56088.44
2025-07-25T08:17:19.675374,ALGO-USDT,0.2577,0.2578,39469.2,1196.33
2025-07-25T08:17:19.680907,ADA-USDT,0.7983,0.7984,27723.5,19784.0
2025-07-25T08:17:20.037256,AAVE-USDT,287.68,287.77,45.696,11.087
2025-07-25T08:17:20.164884,AI-USDT,0.131,0.1312,23475.0,3737.0
2025-07-25T08:17:20.164919,AIXBT-USDT,0.1399,0.1401,124774.8,62112.0
2025-07-25T08:17:20.164950,1INCH-USDT,0.2735,0.2739,513.96,20507.61
2025-07-25T08:17:20.164989,ANIME-USDT,0.01863,0.01865,135873.38,35233.8
2025-07-25T08:17:20.170543,ACE-USDT,0.561,0.563,8661.7,8885.9
2025-07-25T08:17:20.175524,AEVO-USDT,0.1045,0.1046,73915.49,56088.44
2025-07-25T08:17:20.175577,AI16Z-USDT,0.1466,0.1468,3472.52,5370.5
2025-07-25T08:17:20.175614,AERO-USDT,0.876,0.8768,52.1,49.9
2025-07-25T08:17:20.182335,ADA-USDT,0.7984,0.7985,66632.9,21099.1
2025-07-25T08:17:20.283952,ACT-USDT,0.0442,0.0443,166231.29,181008.24
2025-07-25T08:17:20.283990,AGT-USDT,0.005564,0.005581,24379.0,83038.0
2025-07-25T08:17:20.284018,ALCH-USDT,0.13732,0.13753,1239.75,261.77
2025-07-25T08:17:20.285628,AIXBT-USDT,0.14,0.1401,206.29,62112.0
2025-07-25T08:17:20.494662,ALCH-USDT,0.13732,0.13743,1239.75,6.44
2025-07-25T08:17:20.548681,AAVE-USDT,287.68,287.7,45.696,5.534
2025-07-25T08:17:20.657188,ALCH-USDT,0.13732,0.13753,1239.75,261.77
2025-07-25T08:17:20.659769,AI-USDT,0.131,0.1312,23475.0,3737.0
2025-07-25T08:17:20.663847,AIXBT-USDT,0.1399,0.1401,124774.8,62112.0
2025-07-25T08:17:20.664184,AGT-USDT,0.005564,0.005581,24379.0,83038.0
2025-07-25T08:17:20.664230,1INCH-USDT,0.2735,0.2739,513.96,20507.61
2025-07-25T08:17:20.667616,ACE-USDT,0.561,0.563,8661.7,8885.9
2025-07-25T08:17:20.667655,ANIME-USDT,0.01863,0.01865,135873.38,35233.8
2025-07-25T08:17:20.679710,AI16Z-USDT,0.1466,0.1468,3472.52,5370.5
2025-07-25T08:17:20.679749,ACT-USDT,0.0442,0.0443,166231.29,181008.24
2025-07-25T08:17:20.679799,AEVO-USDT,0.1045,0.1046,104514.61,5659.81
2025-07-25T08:17:20.679833,AERO-USDT,0.876,0.8768,52.1,49.9
2025-07-25T08:17:20.679865,ALGO-USDT,0.2577,0.2578,39469.2,1196.33
2025-07-25T08:17:20.682968,ADA-USDT,0.7984,0.7985,66632.9,21099.1
2025-07-25T08:17:20.969904,A-USDT,0.5597,0.5598,10.0,803.8
2025-07-25T08:17:21.041079,AAVE-USDT,287.69,287.73,44.887,3.493
2025-07-25T08:17:21.170060,ALCH-USDT,0.13732,0.13753,1239.75,261.77
2025-07-25T08:17:21.170102,AI-USDT,0.131,0.1312,23475.0,3737.0
2025-07-25T08:17:21.170127,A-USDT,0.5596,0.5598,1042.6,803.8
2025-07-25T08:17:21.170149,AIXBT-USDT,0.1399,0.1401,124774.8,62112.0
2025-07-25T08:17:21.172132,ANIME-USDT,0.01863,0.01865,135873.38,35233.8
2025-07-25T08:17:21.172178,1INCH-USDT,0.2735,0.2739,513.96,20507.61
2025-07-25T08:17:21.172206,ACE-USDT,0.561,0.563,8661.7,8885.9
2025-07-25T08:17:21.178578,ALGO-USDT,0.2577,0.2578,39469.2,1196.33
2025-07-25T08:17:21.178625,AI16Z-USDT,0.1466,0.1468,3472.52,5370.5
2025-07-25T08:17:21.183531,AEVO-USDT,0.1045,0.1046,104514.61,5659.81
2025-07-25T08:17:21.188017,AERO-USDT,0.876,0.8768,52.1,49.9
2025-07-25T08:17:21.188058,ADA-USDT,0.7987,0.7989,46453.7,2088.2
2025-07-25T08:17:21.543396,AAVE-USDT,287.61,287.62,2.753,8.223
2025-07-25T08:17:21.657006,ALCH-USDT,0.13732,0.13753,1239.75,261.77
2025-07-25T08:17:21.657044,AERGO-USDT,0.1308,0.1309,6890.84,9091.29
2025-07-25T08:17:21.657890,A-USDT,0.5599,0.5602,1050.0,593.2
2025-07-25T08:17:21.660908,AI-USDT,0.131,0.1312,23475.0,3737.0
2025-07-25T08:17:21.661982,AIXBT-USDT,0.1399,0.1401,124774.8,62112.0
2025-07-25T08:17:21.663198,1INCH-USDT,0.2735,0.2739,513.96,20507.61
2025-07-25T08:17:21.666319,ANIME-USDT,0.01863,0.01865,135873.38,35233.8
2025-07-25T08:17:21.668895,ACE-USDT,0.561,0.563,8661.7,8885.9
2025-07-25T08:17:21.669623,ALGO-USDT,0.2577,0.2578,9351.6,1517.93
2025-07-25T08:17:21.670830,AI16Z-USDT,0.1466,0.1468,3472.52,5370.5
2025-07-25T08:17:21.678391,AEVO-USDT,0.1045,0.1046,104514.61,5659.81
2025-07-25T08:17:21.678433,ACT-USDT,0.0442,0.0443,166231.29,181008.24
2025-07-25T08:17:21.678463,AERO-USDT,0.876,0.8768,52.1,49.9
2025-07-25T08:17:22.044912,AAVE-USDT,287.6,287.62,2.754,8.223
2025-07-25T08:17:22.159342,ALCH-USDT,0.13732,0.13753,1239.75,261.77
2025-07-25T08:17:22.165282,AGT-USDT,0.005564,0.005581,24379.0,83038.0
2025-07-25T08:17:22.165345,AIXBT-USDT,0.1399,0.1401,124774.8,62112.0
2025-07-25T08:17:22.165629,ANIME-USDT,0.01863,0.01865,135873.38,35233.8
2025-07-25T08:17:22.170574,ACE-USDT,0.561,0.563,8661.7,8885.9
2025-07-25T08:17:22.174706,AEVO-USDT,0.1045,0.1046,38553.99,54216.23
2025-07-25T08:17:22.177452,ACT-USDT,0.0442,0.0443,166231.29,181008.24
2025-07-25T08:17:22.180106,AI16Z-USDT,0.1466,0.1468,3472.52,5370.5
2025-07-25T08:17:22.180153,AERO-USDT,0.876,0.8768,134.66,49.9
2025-07-25T08:17:22.187071,ADA-USDT,0.7989,0.799,37078.6,339.1
2025-07-25T08:17:22.547347,AAVE-USDT,287.66,287.7,6.982,12.834
2025-07-25T08:17:22.658137,ALCH-USDT,0.13732,0.13753,1239.75,261.77
2025-07-25T08:17:22.658653,AI-USDT,0.131,0.1312,3355.0,10463.0
2025-07-25T08:17:22.664009,AGT-USDT,0.005563,0.005586,82690.0,12377.0
2025-07-25T08:17:22.664324,AIXBT-USDT,0.1399,0.1401,124774.8,62112.0
2025-07-25T08:17:22.664352,ANIME-USDT,0.01863,0.01865,135873.38,35233.8
2025-07-25T08:17:22.670441,ALGO-USDT,0.2577,0.2578,9351.6,1517.93
2025-07-25T08:17:22.673145,AEVO-USDT,0.1045,0.1046,38553.99,54216.23
2025-07-25T08:17:22.674759,AI16Z-USDT,0.1466,0.1468,3472.52,5370.5
2025-07-25T08:17:22.675402,ACT-USDT,0.0442,0.0443,166231.29,181008.24
2025-07-25T08:17:22.679616,AERO-USDT,0.8759,0.8767,127.74,263.9
2025-07-25T08:17:22.682344,ADA-USDT,0.7989,0.799,37078.6,339.1
2025-07-25T08:17:23.018158,A-USDT,0.5599,0.56,1050.0,15.4
2025-07-25T08:17:23.049272,AAVE-USDT,287.66,287.7,6.982,12.834
2025-07-25T08:17:23.159354,A-USDT,0.5599,0.5602,1050.0,593.2
2025-07-25T08:17:23.161517,AI-USDT,0.131,0.1312,3355.0,10463.0
2025-07-25T08:17:23.165013,AGT-USDT,0.005563,0.005591,82690.0,14389.0
2025-07-25T08:17:23.165059,AIXBT-USDT,0.1399,0.1401,124774.8,62112.0
2025-07-25T08:17:23.165095,1INCH-USDT,0.2735,0.2739,513.96,20507.61
2025-07-25T08:17:23.166673,ANIME-USDT,0.01862,0.01864,223914.86,24300.0
2025-07-25T08:17:23.166721,ACE-USDT,0.561,0.563,4047.2,7102.9
2025-07-25T08:17:23.172144,ALGO-USDT,0.2577,0.2578,9351.6,1517.93
2025-07-25T08:17:23.173373,AI16Z-USDT,0.1466,0.1468,3472.52,5370.5
2025-07-25T08:17:23.173411,AEVO-USDT,0.1045,0.1046,57437.02,60034.31
2025-07-25T08:17:23.175089,ACT-USDT,0.0442,0.0443,166231.29,181008.24
2025-07-25T08:17:23.178184,AERO-USDT,0.8759,0.8767,127.74,263.9
2025-07-25T08:17:23.185591,ADA-USDT,0.7987,0.7988,11480.1,54390.0
2025-07-25T08:17:23.212016,AIXBT-USDT,0.1399,0.14,124774.8,124.99
2025-07-25T08:17:23.551024,AAVE-USDT,287.63,287.66,3.637,6.224
2025-07-25T08:17:23.658600,ALCH-USDT,0.13732,0.13753,1239.75,261.77
2025-07-25T08:17:23.662447,AI-USDT,0.131,0.1312,3355.0,10463.0
2025-07-25T08:17:23.665560,AGT-USDT,0.005574,0.005595,144146.0,17048.0
2025-07-25T08:17:23.665599,AIXBT-USDT,0.1399,0.1401,124774.8,62112.0
2025-07-25T08:17:23.665627,ANIME-USDT,0.01862,0.01864,223914.86,24300.0
2025-07-25T08:17:23.665652,1INCH-USDT,0.2735,0.2739,513.96,20507.61
2025-07-25T08:17:23.670742,ACE-USDT,0.561,0.563,4047.2,7102.9
2025-07-25T08:17:23.671494,AI16Z-USDT,0.1466,0.1468,3472.52,5370.5
2025-07-25T08:17:23.671531,AEVO-USDT,0.1045,0.1046,57437.02,60034.31
2025-07-25T08:17:23.672987,ACT-USDT,0.0442,0.0443,166231.29,181008.24
2025-07-25T08:17:24.060804,AAVE-USDT,287.63,287.66,3.637,6.224
2025-07-25T08:17:24.157263,ALCH-USDT,0.13732,0.13753,1239.75,261.77
2025-07-25T08:17:24.160608,AI-USDT,0.131,0.1312,3355.0,10463.0
2025-07-25T08:17:24.164942,AIXBT-USDT,0.1399,0.1401,124774.8,62112.0
2025-07-25T08:17:24.165034,ANIME-USDT,0.01862,0.01864,223914.86,24300.0
2025-07-25T08:17:24.165066,1INCH-USDT,0.2735,0.2739,513.96,20507.61
2025-07-25T08:17:24.165377,ACE-USDT,0.561,0.563,4047.2,7102.9
2025-07-25T08:17:24.173177,AEVO-USDT,0.1045,0.1046,57437.02,60034.31
2025-07-25T08:17:24.176763,ACT-USDT,0.0442,0.0443,166231.29,181008.24
2025-07-25T08:17:24.178613,AERO-USDT,0.8759,0.8767,127.74,263.9
2025-07-25T08:17:24.182663,ADA-USDT,0.7988,0.799,49335.8,18483.4
2025-07-25T08:17:24.262423,AAVE-USDT,287.65,287.66,1.337,6.224
2025-07-25T08:17:24.355958,AAVE-USDT,287.63,287.66,3.637,6.224
2025-07-25T08:17:24.554920,AAVE-USDT,287.63,287.66,3.637,6.224
2025-07-25T08:17:24.656357,ALCH-USDT,0.13732,0.13753,1239.75,261.77
2025-07-25T08:17:24.659953,AI-USDT,0.131,0.1312,3355.0,10463.0
2025-07-25T08:17:24.662585,AIXBT-USDT,0.1399,0.1401,124774.8,62112.0
2025-07-25T08:17:24.663417,1INCH-USDT,0.2735,0.2739,513.96,20507.61
2025-07-25T08:17:24.663607,ANIME-USDT,0.01862,0.01864,223914.86,24300.0
2025-07-25T08:17:24.664640,ACE-USDT,0.56,0.561,19294.9,1681.4
2025-07-25T08:17:24.671100,ALGO-USDT,0.2577,0.2578,9351.6,1517.93
2025-07-25T08:17:24.671453,AI16Z-USDT,0.1468,0.1469,634.51,2551.7
2025-07-25T08:17:24.673288,ACT-USDT,0.0442,0.0443,166231.29,181008.24
2025-07-25T08:17:24.675996,AERO-USDT,0.8759,0.8767,127.74,263.9
2025-07-25T08:17:24.680546,AEVO-USDT,0.1045,0.1046,57437.02,60034.31
2025-07-25T08:17:24.963408,A-USDT,0.56,0.5602,22.9,593.2
2025-07-25T08:17:25.212246,AAVE-USDT,287.61,287.62,2.096,13.677
2025-07-25T08:17:25.212282,AERGO-USDT,0.1307,0.1309,13820.85,3840.6
2025-07-25T08:17:25.212302,A-USDT,0.5599,0.5602,1050.0,593.2
2025-07-25T08:17:25.212319,AI-USDT,0.131,0.1312,3355.0,10463.0
2025-07-25T08:17:25.212336,AIXBT-USDT,0.1399,0.1401,99130.93,80389.8
2025-07-25T08:17:25.212353,ANIME-USDT,0.01862,0.01864,223914.86,24300.0
2025-07-25T08:17:25.213021,1INCH-USDT,0.2735,0.2739,513.96,20507.61
2025-07-25T08:17:25.213081,ACE-USDT,0.56,0.561,2281.6,1681.4
2025-07-25T08:17:25.213107,ALGO-USDT,0.2577,0.2578,9351.6,1517.93
2025-07-25T08:17:25.213130,AERO-USDT,0.8759,0.8767,127.74,263.9
2025-07-25T08:17:25.278937,ACT-USDT,0.0442,0.0443,166231.29,215330.64
2025-07-25T08:17:25.278978,AGT-USDT,0.005574,0.005595,144146.0,17048.0
2025-07-25T08:17:25.279008,ALCH-USDT,0.13732,0.13753,1239.75,261.77
2025-07-25T08:17:25.559968,AAVE-USDT,287.61,287.62,4.942,13.677
2025-07-25T08:17:25.656924,ALCH-USDT,0.13732,0.13753,1239.75,261.77
