timestamp,symbol,bid,ask,bid_vol,ask_vol
2025-07-25T08:16:27.458651,1INCH-USDT,0.2728,0.2729,4460328.0,4460328.0
2025-07-25T08:16:28.793643,ALCH-USDT,0.13761,0.13762,546258.0,546258.0
2025-07-25T08:16:28.810740,A-USDT,0.5586,0.5588,1728288.0,1728288.0
2025-07-25T08:16:28.863702,AEVO-USDT,0.1043,0.1044,8817054.0,8817054.0
2025-07-25T08:16:28.866966,ALGO-USDT,0.2576,0.2577,35441262.0,35441262.0
2025-07-25T08:16:28.869062,ACT-USDT,0.04399,0.04401,2668924.0,2668924.0
2025-07-25T08:16:28.900379,AERGO-USDT,0.13068,0.13069,840196.0,840196.0
2025-07-25T08:16:28.951922,AGT-USDT,0.0056,0.00561,1016530.0,1016530.0
2025-07-25T08:16:28.963075,AI16Z-USDT,0.1464,0.1465,37401252.0,37401252.0
2025-07-25T08:16:28.963560,AERO-USDT,0.8759,0.876,529756.0,529756.0
2025-07-25T08:16:28.969973,AI-USDT,0.1308,0.1309,6775040.0,6775040.0
2025-07-25T08:16:28.970020,AAVE-USDT,286.99,287.0,5056176.0,5056176.0
2025-07-25T08:16:28.980596,ACE-USDT,0.5611,0.5612,9349012.0,9349012.0
2025-07-25T08:16:28.983976,ALT-USDT,0.03346,0.03347,1743904.0,1743904.0
2025-07-25T08:16:28.985832,AGLD-USDT,0.768,0.7681,6741660.0,6741660.0
2025-07-25T08:16:28.992625,1INCH-USDT,0.2729,0.273,4460328.0,4460328.0
2025-07-25T08:16:29.027380,ACH-USDT,0.021612,0.021615,109335134.0,109335134.0
2025-07-25T08:16:29.033744,AIN-USDT,0.15326,0.15328,304728.0,304728.0
2025-07-25T08:16:29.033799,ADA-USDT,0.7974,0.7975,58104838.0,58104838.0
2025-07-25T08:16:29.042716,ANIME-USDT,0.0186,0.01861,25166640.0,25166640.0
2025-07-25T08:16:29.049453,AIXBT-USDT,0.13943,0.13944,1732902.0,1732902.0
2025-07-25T08:16:31.164705,ALCH-USDT,0.13761,0.13762,546258.0,546258.0
2025-07-25T08:16:31.188443,A-USDT,0.5586,0.5588,1728288.0,1728288.0
2025-07-25T08:16:31.248512,AEVO-USDT,0.1044,0.1045,8817054.0,8817054.0
2025-07-25T08:16:31.253029,ALGO-USDT,0.2576,0.2577,35441262.0,35441262.0
2025-07-25T08:16:31.259909,ACT-USDT,0.04402,0.04403,2668924.0,2668924.0
2025-07-25T08:16:31.289223,AERGO-USDT,0.13068,0.13069,840196.0,840196.0
2025-07-25T08:16:31.348658,AGT-USDT,0.0056,0.00561,1016530.0,1016530.0
2025-07-25T08:16:31.363094,AI16Z-USDT,0.1464,0.1465,37408082.0,37408082.0
2025-07-25T08:16:31.363132,AERO-USDT,0.8764,0.8765,529756.0,529756.0
2025-07-25T08:16:31.371103,AI-USDT,0.1309,0.131,6775040.0,6775040.0
2025-07-25T08:16:31.371142,AAVE-USDT,287.05,287.06,5056176.0,5056176.0
2025-07-25T08:16:31.386019,ACE-USDT,0.561,0.5612,9357930.0,9357930.0
2025-07-25T08:16:31.386061,ALT-USDT,0.03346,0.03347,1743904.0,1743904.0
2025-07-25T08:16:31.387111,AGLD-USDT,0.7684,0.7685,6741660.0,6741660.0
2025-07-25T08:16:31.392486,1INCH-USDT,0.2729,0.273,4460328.0,4460328.0
2025-07-25T08:16:31.432990,ACH-USDT,0.021625,0.021626,109335134.0,109335134.0
2025-07-25T08:16:31.436197,AIN-USDT,0.15326,0.15328,304728.0,304728.0
2025-07-25T08:16:31.436930,ADA-USDT,0.7977,0.7978,58108514.0,58108514.0
2025-07-25T08:16:31.449926,ANIME-USDT,0.0186,0.01861,25166640.0,25166640.0
2025-07-25T08:16:31.457341,AIXBT-USDT,0.13952,0.13953,1732902.0,1732902.0
2025-07-25T08:16:33.580900,ALCH-USDT,0.13763,0.13764,546258.0,546258.0
2025-07-25T08:16:33.602638,A-USDT,0.5587,0.5589,1728288.0,1728288.0
2025-07-25T08:16:33.661881,AEVO-USDT,0.1044,0.1045,8817054.0,8817054.0
2025-07-25T08:16:33.666427,ALGO-USDT,0.2576,0.2577,35441262.0,35441262.0
2025-07-25T08:16:33.668667,ACT-USDT,0.04404,0.04406,2668924.0,2668924.0
2025-07-25T08:16:33.708919,AERGO-USDT,0.13068,0.13069,840196.0,840196.0
2025-07-25T08:16:33.755735,AGT-USDT,0.0056,0.00561,1016530.0,1016530.0
2025-07-25T08:16:33.763716,AI16Z-USDT,0.1464,0.1466,37408082.0,37408082.0
2025-07-25T08:16:33.764342,AERO-USDT,0.8764,0.8765,529756.0,529756.0
2025-07-25T08:16:33.769985,AI-USDT,0.1309,0.131,6775040.0,6775040.0
2025-07-25T08:16:33.771189,AAVE-USDT,287.05,287.06,5058030.0,5058030.0
2025-07-25T08:16:33.781726,ACE-USDT,0.561,0.5612,9357930.0,9357930.0
2025-07-25T08:16:33.784920,ALT-USDT,0.03344,0.03345,1743904.0,1743904.0
2025-07-25T08:16:33.787230,AGLD-USDT,0.7683,0.7685,6741660.0,6741660.0
2025-07-25T08:16:33.791530,1INCH-USDT,0.2729,0.273,4460328.0,4460328.0
2025-07-25T08:16:33.828839,ACH-USDT,0.021615,0.021627,109335134.0,109335134.0
2025-07-25T08:16:33.831493,AIN-USDT,0.15315,0.15322,304728.0,304728.0
2025-07-25T08:16:33.832218,ADA-USDT,0.7977,0.7978,58178514.0,58178514.0
2025-07-25T08:16:33.843436,ANIME-USDT,0.0186,0.01861,25166640.0,25166640.0
2025-07-25T08:16:33.850135,AIXBT-USDT,0.13952,0.13953,1732902.0,1732902.0
2025-07-25T08:16:35.977264,ALCH-USDT,0.13763,0.13764,546258.0,546258.0
2025-07-25T08:16:35.997969,A-USDT,0.5587,0.5589,1728288.0,1728288.0
2025-07-25T08:16:36.051162,AEVO-USDT,0.1043,0.1044,8817054.0,8817054.0
2025-07-25T08:16:36.054470,ALGO-USDT,0.2574,0.2576,35441262.0,35441262.0
2025-07-25T08:16:36.061113,ACT-USDT,0.04402,0.04403,2668924.0,2668924.0
2025-07-25T08:16:36.098757,AERGO-USDT,0.1306,0.13061,840196.0,840196.0
2025-07-25T08:16:36.165169,AGT-USDT,0.0056,0.00561,1016530.0,1016530.0
2025-07-25T08:16:36.177923,AI16Z-USDT,0.1463,0.1464,37408082.0,37408082.0
2025-07-25T08:16:36.178096,AERO-USDT,0.8764,0.8765,529756.0,529756.0
2025-07-25T08:16:36.183034,AI-USDT,0.1308,0.1309,6775040.0,6775040.0
2025-07-25T08:16:36.184757,AAVE-USDT,286.93,286.95,5076816.0,5076816.0
2025-07-25T08:16:36.194620,ACE-USDT,0.5607,0.5608,9357930.0,9357930.0
2025-07-25T08:16:36.198083,ALT-USDT,0.03344,0.03345,1743904.0,1743904.0
2025-07-25T08:16:36.201935,AGLD-USDT,0.7683,0.7685,6741660.0,6741660.0
2025-07-25T08:16:36.207699,1INCH-USDT,0.273,0.2731,4460328.0,4460328.0
2025-07-25T08:16:36.247162,ACH-USDT,0.021612,0.021621,109335134.0,109335134.0
2025-07-25T08:16:36.247832,AIN-USDT,0.15315,0.15322,304728.0,304728.0
2025-07-25T08:16:36.248498,ADA-USDT,0.7972,0.7973,58178514.0,58178514.0
2025-07-25T08:16:36.259542,ANIME-USDT,0.0186,0.01861,25166640.0,25166640.0
2025-07-25T08:16:36.266972,AIXBT-USDT,0.13938,0.13939,1732902.0,1732902.0
2025-07-25T08:16:38.382818,ALCH-USDT,0.13763,0.13764,546258.0,546258.0
2025-07-25T08:16:38.396230,A-USDT,0.5587,0.5589,1728288.0,1728288.0
2025-07-25T08:16:38.450390,AEVO-USDT,0.1044,0.1045,8817054.0,8817054.0
2025-07-25T08:16:38.455231,ALGO-USDT,0.2576,0.2577,35441262.0,35441262.0
2025-07-25T08:16:38.455283,ACT-USDT,0.04404,0.04406,2668924.0,2668924.0
2025-07-25T08:16:38.484889,AERGO-USDT,0.13067,0.13068,840196.0,840196.0
2025-07-25T08:16:38.539561,AGT-USDT,0.0056,0.00561,1016530.0,1016530.0
2025-07-25T08:16:38.546609,AI16Z-USDT,0.1465,0.1466,37421800.0,37421800.0
2025-07-25T08:16:38.547098,AERO-USDT,0.8761,0.8762,529756.0,529756.0
2025-07-25T08:16:38.552677,AI-USDT,0.1308,0.1309,6775040.0,6775040.0
2025-07-25T08:16:38.553446,AAVE-USDT,287.05,287.06,5076816.0,5076816.0
2025-07-25T08:16:38.563753,ACE-USDT,0.5611,0.5612,9357930.0,9357930.0
2025-07-25T08:16:38.568979,ALT-USDT,0.03346,0.03347,1743904.0,1743904.0
2025-07-25T08:16:38.569519,AGLD-USDT,0.7683,0.7685,6741660.0,6741660.0
2025-07-25T08:16:38.577507,1INCH-USDT,0.273,0.2731,4460328.0,4460328.0
2025-07-25T08:16:38.626145,ACH-USDT,0.021616,0.021626,109335134.0,109335134.0
2025-07-25T08:16:38.626186,AIN-USDT,0.15315,0.15322,304728.0,304728.0
2025-07-25T08:16:38.626215,ADA-USDT,0.7977,0.7978,58178514.0,58178514.0
2025-07-25T08:16:38.626241,ANIME-USDT,0.0186,0.01861,25166640.0,25166640.0
2025-07-25T08:16:38.632896,AIXBT-USDT,0.13955,0.13956,1732902.0,1732902.0
2025-07-25T08:16:40.738081,ALCH-USDT,0.13763,0.13764,546258.0,546258.0
2025-07-25T08:16:40.753392,A-USDT,0.5589,0.559,1728288.0,1728288.0
2025-07-25T08:16:40.810464,AEVO-USDT,0.1044,0.1045,8817054.0,8817054.0
2025-07-25T08:16:40.811776,ALGO-USDT,0.2576,0.2577,35441262.0,35441262.0
2025-07-25T08:16:40.815635,ACT-USDT,0.04407,0.04408,2668924.0,2668924.0
2025-07-25T08:16:40.844564,AERGO-USDT,0.13067,0.13068,840196.0,840196.0
2025-07-25T08:16:40.898221,AGT-USDT,0.0056,0.00561,1016530.0,1016530.0
2025-07-25T08:16:40.912023,AI16Z-USDT,0.1465,0.1466,37504654.0,37504654.0
2025-07-25T08:16:40.912073,AERO-USDT,0.8761,0.8762,529756.0,529756.0
2025-07-25T08:16:40.914512,AI-USDT,0.1309,0.131,6775040.0,6775040.0
2025-07-25T08:16:40.915596,AAVE-USDT,287.17,287.18,5076816.0,5076816.0
2025-07-25T08:16:40.926302,ACE-USDT,0.5611,0.5612,9357930.0,9357930.0
2025-07-25T08:16:40.929482,ALT-USDT,0.03346,0.03347,1743904.0,1743904.0
2025-07-25T08:16:40.934361,AGLD-USDT,0.7687,0.7689,6741660.0,6741660.0
2025-07-25T08:16:40.940063,1INCH-USDT,0.2732,0.2733,4460328.0,4460328.0
2025-07-25T08:16:40.975248,ACH-USDT,0.021628,0.02163,109335134.0,109335134.0
2025-07-25T08:16:40.980875,AIN-USDT,0.15323,0.1533,304728.0,304728.0
2025-07-25T08:16:40.980924,ADA-USDT,0.7981,0.7982,58182338.0,58182338.0
2025-07-25T08:16:40.988657,ANIME-USDT,0.0186,0.01861,25166640.0,25166640.0
2025-07-25T08:16:40.997349,AIXBT-USDT,0.13963,0.13964,1732910.0,1732910.0
2025-07-25T08:16:43.119975,ALCH-USDT,0.13763,0.13764,546258.0,546258.0
2025-07-25T08:16:43.137578,A-USDT,0.5589,0.559,1728288.0,1728288.0
2025-07-25T08:16:43.200059,AEVO-USDT,0.1044,0.1045,8817054.0,8817054.0
2025-07-25T08:16:43.200111,ALGO-USDT,0.2576,0.2577,35441262.0,35441262.0
2025-07-25T08:16:43.200153,ACT-USDT,0.0441,0.04411,2668924.0,2668924.0
2025-07-25T08:16:43.235594,AERGO-USDT,0.13072,0.13073,840196.0,840196.0
2025-07-25T08:16:43.288805,AGT-USDT,0.0056,0.00561,1016530.0,1016530.0
2025-07-25T08:16:43.299128,AI16Z-USDT,0.1465,0.1466,37504654.0,37504654.0
2025-07-25T08:16:43.299175,AERO-USDT,0.8764,0.8765,529756.0,529756.0
2025-07-25T08:16:43.304046,AI-USDT,0.1309,0.131,6775040.0,6775040.0
2025-07-25T08:16:43.305036,AAVE-USDT,287.1,287.11,5076816.0,5076816.0
2025-07-25T08:16:43.315889,ACE-USDT,0.5609,0.561,9357930.0,9357930.0
2025-07-25T08:16:43.319437,ALT-USDT,0.03346,0.03347,1743904.0,1743904.0
2025-07-25T08:16:43.321884,AGLD-USDT,0.7687,0.7689,6741660.0,6741660.0
2025-07-25T08:16:43.326578,1INCH-USDT,0.2732,0.2733,4460328.0,4460328.0
2025-07-25T08:16:43.366415,ACH-USDT,0.021628,0.02163,109335134.0,109335134.0
2025-07-25T08:16:43.371393,AIN-USDT,0.15323,0.1533,304728.0,304728.0
2025-07-25T08:16:43.371446,ADA-USDT,0.7982,0.7983,58182338.0,58182338.0
2025-07-25T08:16:43.381327,ANIME-USDT,0.01859,0.0186,25166640.0,25166640.0
2025-07-25T08:16:43.390076,AIXBT-USDT,0.13963,0.13964,1732910.0,1732910.0
2025-07-25T08:16:45.512044,ALCH-USDT,0.13762,0.13763,546258.0,546258.0
2025-07-25T08:16:45.528151,A-USDT,0.5589,0.559,1728288.0,1728288.0
2025-07-25T08:16:45.584585,AEVO-USDT,0.1044,0.1045,8817054.0,8817054.0
2025-07-25T08:16:45.586286,ALGO-USDT,0.2576,0.2577,35441262.0,35441262.0
2025-07-25T08:16:45.591361,ACT-USDT,0.0441,0.04411,2668924.0,2668924.0
2025-07-25T08:16:45.639056,AERGO-USDT,0.13072,0.13073,840196.0,840196.0
2025-07-25T08:16:45.671720,AGT-USDT,0.00559,0.00561,1016530.0,1016530.0
2025-07-25T08:16:45.684143,AI16Z-USDT,0.1465,0.1466,37504654.0,37504654.0
2025-07-25T08:16:45.684191,AERO-USDT,0.8764,0.8765,529756.0,529756.0
2025-07-25T08:16:45.688330,AI-USDT,0.1309,0.131,6775040.0,6775040.0
2025-07-25T08:16:45.690105,AAVE-USDT,287.1,287.11,5076816.0,5076816.0
2025-07-25T08:16:45.699255,ACE-USDT,0.5609,0.561,9357930.0,9357930.0
2025-07-25T08:16:45.703870,ALT-USDT,0.03346,0.03347,1743904.0,1743904.0
2025-07-25T08:16:45.705122,AGLD-USDT,0.7686,0.769,6742160.0,6742160.0
2025-07-25T08:16:45.709023,1INCH-USDT,0.2731,0.2732,4460328.0,4460328.0
2025-07-25T08:16:45.746227,ACH-USDT,0.021626,0.02163,109335134.0,109335134.0
2025-07-25T08:16:45.748806,AIN-USDT,0.15321,0.15325,304728.0,304728.0
2025-07-25T08:16:45.754147,ADA-USDT,0.7984,0.7985,58195524.0,58195524.0
2025-07-25T08:16:45.760397,ANIME-USDT,0.0186,0.01861,25166640.0,25166640.0
2025-07-25T08:16:45.767650,AIXBT-USDT,0.13963,0.13964,1732910.0,1732910.0
2025-07-25T08:16:47.872573,ALCH-USDT,0.13762,0.13763,546258.0,546258.0
2025-07-25T08:16:47.897201,A-USDT,0.5589,0.559,1728288.0,1728288.0
2025-07-25T08:16:47.952290,AEVO-USDT,0.1044,0.1045,8817054.0,8817054.0
2025-07-25T08:16:47.954983,ALGO-USDT,0.2576,0.2577,35441262.0,35441262.0
2025-07-25T08:16:47.960739,ACT-USDT,0.0441,0.04411,2668924.0,2668924.0
2025-07-25T08:16:48.003466,AERGO-USDT,0.13072,0.13073,840196.0,840196.0
2025-07-25T08:16:48.041602,AGT-USDT,0.00559,0.00561,1016530.0,1016530.0
2025-07-25T08:16:48.051715,AI16Z-USDT,0.1466,0.1467,37505890.0,37505890.0
2025-07-25T08:16:48.053197,AERO-USDT,0.8764,0.8765,529756.0,529756.0
2025-07-25T08:16:48.057376,AI-USDT,0.1309,0.131,6775040.0,6775040.0
2025-07-25T08:16:48.059675,AAVE-USDT,287.1,287.11,5076816.0,5076816.0
2025-07-25T08:16:48.070881,ACE-USDT,0.5609,0.561,9357930.0,9357930.0
2025-07-25T08:16:48.074715,ALT-USDT,0.03346,0.03347,1743904.0,1743904.0
2025-07-25T08:16:48.077104,AGLD-USDT,0.7686,0.769,6742160.0,6742160.0
2025-07-25T08:16:48.082263,1INCH-USDT,0.2731,0.2732,4460328.0,4460328.0
2025-07-25T08:16:48.123540,ACH-USDT,0.021626,0.02163,109335134.0,109335134.0
2025-07-25T08:16:48.125399,AIN-USDT,0.15321,0.15325,304728.0,304728.0
2025-07-25T08:16:48.126287,ADA-USDT,0.7985,0.7986,58323688.0,58323688.0
2025-07-25T08:16:48.136738,ANIME-USDT,0.0186,0.01861,25166640.0,25166640.0
2025-07-25T08:16:48.143815,AIXBT-USDT,0.13963,0.13964,1732910.0,1732910.0
2025-07-25T08:16:50.247574,ALCH-USDT,0.13762,0.13763,546258.0,546258.0
2025-07-25T08:16:50.263715,A-USDT,0.5592,0.5593,1728288.0,1728288.0
2025-07-25T08:16:50.336202,AEVO-USDT,0.1044,0.1045,8817054.0,8817054.0
2025-07-25T08:16:50.336251,ALGO-USDT,0.2577,0.2578,35441262.0,35441262.0
2025-07-25T08:16:50.336281,ACT-USDT,0.04411,0.04412,2668924.0,2668924.0
2025-07-25T08:16:50.361518,AERGO-USDT,0.13073,0.13074,840196.0,840196.0
2025-07-25T08:16:50.417038,AGT-USDT,0.00559,0.0056,1016530.0,1016530.0
2025-07-25T08:16:50.429729,AI16Z-USDT,0.1466,0.1467,37505890.0,37505890.0
2025-07-25T08:16:50.429767,AERO-USDT,0.8764,0.8766,529756.0,529756.0
2025-07-25T08:16:50.435666,AI-USDT,0.1309,0.131,6775040.0,6775040.0
2025-07-25T08:16:50.436334,AAVE-USDT,287.12,287.13,5076816.0,5076816.0
2025-07-25T08:16:50.445570,ACE-USDT,0.561,0.5611,9357930.0,9357930.0
2025-07-25T08:16:50.450513,ALT-USDT,0.03347,0.03348,1743904.0,1743904.0
2025-07-25T08:16:50.453379,AGLD-USDT,0.7691,0.7693,6742160.0,6742160.0
2025-07-25T08:16:50.455769,1INCH-USDT,0.2731,0.2732,4460328.0,4460328.0
2025-07-25T08:16:50.492964,ACH-USDT,0.021637,0.021639,109335134.0,109335134.0
2025-07-25T08:16:50.496919,AIN-USDT,0.15321,0.15325,304728.0,304728.0
2025-07-25T08:16:50.496955,ADA-USDT,0.7987,0.7988,58334846.0,58334846.0
2025-07-25T08:16:50.508493,ANIME-USDT,0.0186,0.01861,25166640.0,25166640.0
2025-07-25T08:16:50.513949,AIXBT-USDT,0.1397,0.13971,1732910.0,1732910.0
2025-07-25T08:16:52.623717,ALCH-USDT,0.13765,0.13766,546258.0,546258.0
2025-07-25T08:16:52.639406,A-USDT,0.5592,0.5593,1728288.0,1728288.0
2025-07-25T08:16:52.692765,AEVO-USDT,0.1045,0.1046,8817054.0,8817054.0
2025-07-25T08:16:52.697612,ALGO-USDT,0.2578,0.258,35441262.0,35441262.0
2025-07-25T08:16:52.701478,ACT-USDT,0.04411,0.04412,2668924.0,2668924.0
2025-07-25T08:16:52.736668,AERGO-USDT,0.13073,0.13074,840196.0,840196.0
2025-07-25T08:16:52.783034,AGT-USDT,0.00559,0.0056,1016530.0,1016530.0
2025-07-25T08:16:52.790486,AI16Z-USDT,0.1468,0.1469,37505890.0,37505890.0
2025-07-25T08:16:52.790948,AERO-USDT,0.8764,0.8766,529756.0,529756.0
2025-07-25T08:16:52.796323,AI-USDT,0.1309,0.131,6775040.0,6775040.0
2025-07-25T08:16:52.798598,AAVE-USDT,287.3,287.31,5076820.0,5076820.0
2025-07-25T08:16:52.810215,ACE-USDT,0.5613,0.5614,9357930.0,9357930.0
2025-07-25T08:16:52.813485,ALT-USDT,0.03349,0.0335,1745830.0,1745830.0
2025-07-25T08:16:52.817042,AGLD-USDT,0.7691,0.7693,6742160.0,6742160.0
2025-07-25T08:16:52.820915,1INCH-USDT,0.2733,0.2734,4460328.0,4460328.0
2025-07-25T08:16:52.858266,ACH-USDT,0.021642,0.021644,109335134.0,109335134.0
2025-07-25T08:16:52.862573,AIN-USDT,0.15335,0.15339,304728.0,304728.0
2025-07-25T08:16:52.862614,ADA-USDT,0.7993,0.7994,58339656.0,58339656.0
2025-07-25T08:16:52.875811,ANIME-USDT,0.0186,0.01861,25166640.0,25166640.0
2025-07-25T08:16:52.881125,AIXBT-USDT,0.13978,0.13979,1732918.0,1732918.0
2025-07-25T08:16:55.036017,ALCH-USDT,0.13765,0.13766,546258.0,546258.0
2025-07-25T08:16:55.054522,A-USDT,0.5592,0.5593,1728288.0,1728288.0
2025-07-25T08:16:55.113044,AEVO-USDT,0.1045,0.1046,8817054.0,8817054.0
2025-07-25T08:16:55.114908,ALGO-USDT,0.258,0.2581,35441262.0,35441262.0
2025-07-25T08:16:55.118889,ACT-USDT,0.04413,0.04415,2668924.0,2668924.0
2025-07-25T08:16:55.152963,AERGO-USDT,0.13073,0.13074,840196.0,840196.0
2025-07-25T08:16:55.200959,AGT-USDT,0.00559,0.0056,1016530.0,1016530.0
2025-07-25T08:16:55.215555,AI16Z-USDT,0.1468,0.1469,37505890.0,37505890.0
2025-07-25T08:16:55.215594,AERO-USDT,0.8768,0.877,529756.0,529756.0
2025-07-25T08:16:55.219754,AI-USDT,0.1309,0.1311,6775040.0,6775040.0
2025-07-25T08:16:55.219829,AAVE-USDT,287.3,287.31,5076820.0,5076820.0
2025-07-25T08:16:55.230022,ACE-USDT,0.5616,0.5617,9357930.0,9357930.0
2025-07-25T08:16:55.234596,ALT-USDT,0.03349,0.0335,1745830.0,1745830.0
2025-07-25T08:16:55.237321,AGLD-USDT,0.7694,0.7698,6742160.0,6742160.0
2025-07-25T08:16:55.240272,1INCH-USDT,0.2733,0.2734,4460328.0,4460328.0
2025-07-25T08:16:55.277871,ACH-USDT,0.021647,0.021648,109335134.0,109335134.0
2025-07-25T08:16:55.281414,AIN-USDT,0.15333,0.15342,304728.0,304728.0
2025-07-25T08:16:55.281450,ADA-USDT,0.7993,0.7994,58056714.0,58056714.0
2025-07-25T08:16:55.292464,ANIME-USDT,0.0186,0.01861,25166640.0,25166640.0
2025-07-25T08:16:55.299615,AIXBT-USDT,0.13985,0.13986,1733150.0,1733150.0
2025-07-25T08:16:57.416470,ALCH-USDT,0.13765,0.13766,546258.0,546258.0
2025-07-25T08:16:57.437874,A-USDT,0.5594,0.5595,1728288.0,1728288.0
2025-07-25T08:16:57.494439,AEVO-USDT,0.1045,0.1046,8817054.0,8817054.0
2025-07-25T08:16:57.496719,ALGO-USDT,0.258,0.2581,35441262.0,35441262.0
2025-07-25T08:16:57.501156,ACT-USDT,0.04413,0.04415,2668924.0,2668924.0
2025-07-25T08:16:57.533940,AERGO-USDT,0.13079,0.1308,840196.0,840196.0
2025-07-25T08:16:57.592393,AGT-USDT,0.00559,0.0056,1016530.0,1016530.0
2025-07-25T08:16:57.607266,AI16Z-USDT,0.1468,0.1469,37505890.0,37505890.0
2025-07-25T08:16:57.607315,AERO-USDT,0.8768,0.877,529756.0,529756.0
2025-07-25T08:16:57.611671,AI-USDT,0.1309,0.1311,6775040.0,6775040.0
2025-07-25T08:16:57.657489,AAVE-USDT,287.3,287.31,5076820.0,5076820.0
2025-07-25T08:16:57.659689,ACE-USDT,0.5616,0.5617,9357930.0,9357930.0
2025-07-25T08:16:57.680346,ALT-USDT,0.0335,0.03351,1745830.0,1745830.0
2025-07-25T08:16:57.680478,AGLD-USDT,0.7694,0.7698,6742160.0,6742160.0
2025-07-25T08:16:57.680563,1INCH-USDT,0.2734,0.2735,4460328.0,4460328.0
2025-07-25T08:16:57.680649,ACH-USDT,0.021647,0.021648,109335134.0,109335134.0
2025-07-25T08:16:57.722267,AIN-USDT,0.15343,0.15348,304728.0,304728.0
2025-07-25T08:16:57.722444,ADA-USDT,0.7994,0.7995,58069798.0,58069798.0
2025-07-25T08:16:57.722554,ANIME-USDT,0.0186,0.01861,25166640.0,25166640.0
2025-07-25T08:16:57.722604,AIXBT-USDT,0.13977,0.13978,1733150.0,1733150.0
2025-07-25T08:16:59.810245,ALCH-USDT,0.13773,0.13774,546258.0,546258.0
2025-07-25T08:16:59.829383,A-USDT,0.5594,0.5595,1728288.0,1728288.0
2025-07-25T08:16:59.888195,AEVO-USDT,0.1045,0.1046,8817054.0,8817054.0
2025-07-25T08:16:59.890934,ALGO-USDT,0.258,0.2581,35441262.0,35441262.0
2025-07-25T08:16:59.894989,ACT-USDT,0.04416,0.04417,2668924.0,2668924.0
2025-07-25T08:16:59.925924,AERGO-USDT,0.13086,0.13087,840196.0,840196.0
2025-07-25T08:16:59.989007,AGT-USDT,0.00559,0.0056,1016530.0,1016530.0
2025-07-25T08:17:00.000975,AI16Z-USDT,0.1469,0.147,37505890.0,37505890.0
2025-07-25T08:17:00.003058,AERO-USDT,0.8768,0.877,529756.0,529756.0
2025-07-25T08:17:00.008026,AI-USDT,0.131,0.1312,6775040.0,6775040.0
2025-07-25T08:17:00.009864,AAVE-USDT,287.39,287.44,5080508.0,5080508.0
2025-07-25T08:17:00.038995,ACE-USDT,0.5616,0.5617,9357930.0,9357930.0
2025-07-25T08:17:00.040149,ALT-USDT,0.03352,0.03353,1745830.0,1745830.0
2025-07-25T08:17:00.040285,AGLD-USDT,0.7697,0.7698,6742160.0,6742160.0
2025-07-25T08:17:00.040399,1INCH-USDT,0.2736,0.2737,4460328.0,4460328.0
2025-07-25T08:17:00.075540,ACH-USDT,0.021651,0.021653,109335134.0,109335134.0
2025-07-25T08:17:00.078628,AIN-USDT,0.15343,0.15348,304728.0,304728.0
2025-07-25T08:17:00.079224,ADA-USDT,0.7996,0.7997,58856076.0,58856076.0
2025-07-25T08:17:00.092414,ANIME-USDT,0.0186,0.01861,25166640.0,25166640.0
2025-07-25T08:17:00.099608,AIXBT-USDT,0.13986,0.13987,1733150.0,1733150.0
2025-07-25T08:17:02.228965,ALCH-USDT,0.13773,0.13774,546258.0,546258.0
2025-07-25T08:17:02.245999,A-USDT,0.5595,0.5597,1728288.0,1728288.0
2025-07-25T08:17:02.298569,AEVO-USDT,0.1045,0.1046,8817054.0,8817054.0
2025-07-25T08:17:02.301625,ALGO-USDT,0.2581,0.2582,35441262.0,35441262.0
2025-07-25T08:17:02.306835,ACT-USDT,0.04416,0.04417,2675812.0,2675812.0
2025-07-25T08:17:02.334010,AERGO-USDT,0.13086,0.13087,840196.0,840196.0
2025-07-25T08:17:02.386368,AGT-USDT,0.00559,0.0056,1016530.0,1016530.0
2025-07-25T08:17:02.400440,AI16Z-USDT,0.1468,0.1469,37505890.0,37505890.0
2025-07-25T08:17:02.400476,AERO-USDT,0.877,0.8771,529756.0,529756.0
2025-07-25T08:17:02.402531,AI-USDT,0.131,0.1312,6775040.0,6775040.0
2025-07-25T08:17:02.404315,AAVE-USDT,287.33,287.35,5080508.0,5080508.0
2025-07-25T08:17:02.416863,ACE-USDT,0.5617,0.5618,9357930.0,9357930.0
2025-07-25T08:17:02.417929,ALT-USDT,0.03352,0.03353,1745830.0,1745830.0
2025-07-25T08:17:02.423157,AGLD-USDT,0.7697,0.7698,6742160.0,6742160.0
2025-07-25T08:17:02.431168,1INCH-USDT,0.2736,0.2737,4460328.0,4460328.0
2025-07-25T08:17:02.462970,ACH-USDT,0.021651,0.021653,109335134.0,109335134.0
2025-07-25T08:17:02.465671,AIN-USDT,0.15335,0.1534,304728.0,304728.0
2025-07-25T08:17:02.466380,ADA-USDT,0.7996,0.7997,58911120.0,58911120.0
2025-07-25T08:17:02.479752,ANIME-USDT,0.0186,0.01861,25166640.0,25166640.0
2025-07-25T08:17:02.484621,AIXBT-USDT,0.13986,0.13987,1733150.0,1733150.0
2025-07-25T08:17:04.585404,ALCH-USDT,0.13773,0.13774,546258.0,546258.0
2025-07-25T08:17:04.603233,A-USDT,0.5595,0.5597,1728288.0,1728288.0
2025-07-25T08:17:04.671944,AEVO-USDT,0.1045,0.1046,8817054.0,8817054.0
2025-07-25T08:17:04.671991,ALGO-USDT,0.2581,0.2582,35441262.0,35441262.0
2025-07-25T08:17:04.672275,ACT-USDT,0.04416,0.04417,2675812.0,2675812.0
2025-07-25T08:17:04.707296,AERGO-USDT,0.13088,0.13089,840196.0,840196.0
2025-07-25T08:17:04.763145,AGT-USDT,0.00558,0.00559,1016530.0,1016530.0
2025-07-25T08:17:04.770285,AI16Z-USDT,0.1469,0.147,37505890.0,37505890.0
2025-07-25T08:17:04.771245,AERO-USDT,0.877,0.8771,529756.0,529756.0
2025-07-25T08:17:04.777555,AI-USDT,0.131,0.1312,6775040.0,6775040.0
2025-07-25T08:17:04.777876,AAVE-USDT,287.33,287.35,5102502.0,5102502.0
2025-07-25T08:17:04.790158,ACE-USDT,0.5617,0.5618,9357930.0,9357930.0
2025-07-25T08:17:04.794282,ALT-USDT,0.03352,0.03353,1745830.0,1745830.0
2025-07-25T08:17:04.796343,AGLD-USDT,0.7697,0.7698,6742160.0,6742160.0
2025-07-25T08:17:04.799976,1INCH-USDT,0.2736,0.2737,4460328.0,4460328.0
2025-07-25T08:17:04.851998,ACH-USDT,0.021651,0.021654,109335134.0,109335134.0
2025-07-25T08:17:04.852041,AIN-USDT,0.15335,0.1534,304728.0,304728.0
2025-07-25T08:17:04.852067,ADA-USDT,0.7994,0.7995,60559156.0,60559156.0
2025-07-25T08:17:04.854991,ANIME-USDT,0.0186,0.01861,25166640.0,25166640.0
2025-07-25T08:17:04.866398,AIXBT-USDT,0.13994,0.13995,1733150.0,1733150.0
2025-07-25T08:17:06.974655,ALCH-USDT,0.1377,0.13771,546258.0,546258.0
2025-07-25T08:17:06.987132,A-USDT,0.5595,0.5597,1728288.0,1728288.0
2025-07-25T08:17:07.042585,AEVO-USDT,0.1045,0.1046,8817054.0,8817054.0
2025-07-25T08:17:07.046995,ALGO-USDT,0.258,0.2581,35441262.0,35441262.0
2025-07-25T08:17:07.047048,ACT-USDT,0.04416,0.04418,2675812.0,2675812.0
2025-07-25T08:17:07.088187,AERGO-USDT,0.13088,0.13089,840196.0,840196.0
2025-07-25T08:17:07.130166,AGT-USDT,0.00558,0.00559,1016530.0,1016530.0
2025-07-25T08:17:07.140985,AI16Z-USDT,0.1468,0.1469,37505890.0,37505890.0
2025-07-25T08:17:07.141030,AERO-USDT,0.8768,0.877,529756.0,529756.0
2025-07-25T08:17:07.145880,AI-USDT,0.131,0.1312,6775040.0,6775040.0
2025-07-25T08:17:07.148520,AAVE-USDT,287.36,287.37,5102502.0,5102502.0
2025-07-25T08:17:07.177471,ACE-USDT,0.5617,0.5618,9357930.0,9357930.0
2025-07-25T08:17:07.177524,ALT-USDT,0.03351,0.03352,1745830.0,1745830.0
2025-07-25T08:17:07.177556,AGLD-USDT,0.7697,0.7699,6742160.0,6742160.0
2025-07-25T08:17:07.177584,1INCH-USDT,0.2735,0.2736,4460328.0,4460328.0
2025-07-25T08:17:07.208194,ACH-USDT,0.021651,0.021654,109335134.0,109335134.0
2025-07-25T08:17:07.208233,AIN-USDT,0.15334,0.15342,304728.0,304728.0
2025-07-25T08:17:07.208260,ADA-USDT,0.7992,0.7993,60559156.0,60559156.0
2025-07-25T08:17:07.224219,ANIME-USDT,0.0186,0.01861,25166640.0,25166640.0
2025-07-25T08:17:07.225526,AIXBT-USDT,0.13994,0.13995,1733160.0,1733160.0
2025-07-25T08:17:09.345282,ALCH-USDT,0.1377,0.13771,546258.0,546258.0
2025-07-25T08:17:09.356848,A-USDT,0.5595,0.5596,1728288.0,1728288.0
2025-07-25T08:17:09.421888,AEVO-USDT,0.1045,0.1046,8817054.0,8817054.0
2025-07-25T08:17:09.424070,ALGO-USDT,0.258,0.2581,35441262.0,35441262.0
2025-07-25T08:17:09.425479,ACT-USDT,0.04416,0.04418,2675812.0,2675812.0
2025-07-25T08:17:09.457388,AERGO-USDT,0.13089,0.1309,840196.0,840196.0
2025-07-25T08:17:09.514115,AGT-USDT,0.00558,0.00559,1016530.0,1016530.0
2025-07-25T08:17:09.526116,AI16Z-USDT,0.1469,0.147,37505890.0,37505890.0
2025-07-25T08:17:09.526156,AERO-USDT,0.8768,0.877,529756.0,529756.0
2025-07-25T08:17:09.546356,AI-USDT,0.1311,0.1312,6775040.0,6775040.0
2025-07-25T08:17:09.546393,AAVE-USDT,287.36,287.37,5102502.0,5102502.0
2025-07-25T08:17:09.546423,ACE-USDT,0.5619,0.562,9357930.0,9357930.0
2025-07-25T08:17:09.554078,ALT-USDT,0.0335,0.03351,1745830.0,1745830.0
2025-07-25T08:17:09.554116,AGLD-USDT,0.7697,0.7699,6742160.0,6742160.0
2025-07-25T08:17:09.557558,1INCH-USDT,0.2735,0.2736,4460328.0,4460328.0
2025-07-25T08:17:09.598420,ACH-USDT,0.02165,0.021654,109335134.0,109335134.0
2025-07-25T08:17:09.598461,AIN-USDT,0.15334,0.15342,304728.0,304728.0
2025-07-25T08:17:09.598483,ADA-USDT,0.7993,0.7994,60565080.0,60565080.0
2025-07-25T08:17:09.607448,ANIME-USDT,0.0186,0.01861,25166640.0,25166640.0
2025-07-25T08:17:09.616288,AIXBT-USDT,0.13991,0.13992,1733160.0,1733160.0
2025-07-25T08:17:11.720198,ALCH-USDT,0.13767,0.13768,546258.0,546258.0
2025-07-25T08:17:11.739453,A-USDT,0.5595,0.5596,1728288.0,1728288.0
2025-07-25T08:17:11.798291,AEVO-USDT,0.1045,0.1046,8817054.0,8817054.0
2025-07-25T08:17:11.800839,ALGO-USDT,0.258,0.2581,35441262.0,35441262.0
2025-07-25T08:17:11.807171,ACT-USDT,0.04415,0.04416,2675812.0,2675812.0
2025-07-25T08:17:11.836072,AERGO-USDT,0.13089,0.1309,840196.0,840196.0
2025-07-25T08:17:11.892528,AGT-USDT,0.00558,0.0056,1016530.0,1016530.0
2025-07-25T08:17:11.902359,AI16Z-USDT,0.147,0.1471,37505890.0,37505890.0
2025-07-25T08:17:11.902408,AERO-USDT,0.8768,0.877,529756.0,529756.0
2025-07-25T08:17:11.907281,AI-USDT,0.1311,0.1312,6775040.0,6775040.0
2025-07-25T08:17:11.907320,AAVE-USDT,287.36,287.37,5102502.0,5102502.0
2025-07-25T08:17:11.920476,ACE-USDT,0.5619,0.562,9357930.0,9357930.0
2025-07-25T08:17:11.920522,ALT-USDT,0.0335,0.03351,1745830.0,1745830.0
2025-07-25T08:17:11.922654,AGLD-USDT,0.7697,0.7699,6742160.0,6742160.0
2025-07-25T08:17:11.935905,1INCH-USDT,0.2735,0.2736,4460328.0,4460328.0
2025-07-25T08:17:11.967570,ACH-USDT,0.021656,0.021657,109335134.0,109335134.0
2025-07-25T08:17:11.970123,AIN-USDT,0.15338,0.1534,304728.0,304728.0
2025-07-25T08:17:11.970162,ADA-USDT,0.7996,0.7997,60568950.0,60568950.0
2025-07-25T08:17:11.980857,ANIME-USDT,0.0186,0.01861,25166640.0,25166640.0
2025-07-25T08:17:11.988166,AIXBT-USDT,0.13991,0.13992,1733160.0,1733160.0
2025-07-25T08:17:14.100444,ALCH-USDT,0.13767,0.13768,546258.0,546258.0
2025-07-25T08:17:14.122827,A-USDT,0.5595,0.5598,1728288.0,1728288.0
2025-07-25T08:17:14.194632,AEVO-USDT,0.1045,0.1046,8817054.0,8817054.0
2025-07-25T08:17:14.197730,ALGO-USDT,0.2578,0.258,35441262.0,35441262.0
2025-07-25T08:17:14.200353,ACT-USDT,0.04415,0.04416,2675812.0,2675812.0
2025-07-25T08:17:14.237545,AERGO-USDT,0.13089,0.1309,840196.0,840196.0
2025-07-25T08:17:14.301545,AGT-USDT,0.00558,0.0056,1016530.0,1016530.0
2025-07-25T08:17:14.312078,AI16Z-USDT,0.1469,0.147,37505890.0,37505890.0
2025-07-25T08:17:14.314564,AERO-USDT,0.8767,0.8768,529756.0,529756.0
2025-07-25T08:17:14.320156,AI-USDT,0.1311,0.1312,6775040.0,6775040.0
2025-07-25T08:17:14.320194,AAVE-USDT,287.36,287.37,5102502.0,5102502.0
2025-07-25T08:17:14.330953,ACE-USDT,0.5618,0.5619,9357930.0,9357930.0
2025-07-25T08:17:14.335107,ALT-USDT,0.0335,0.03351,1745830.0,1745830.0
2025-07-25T08:17:14.336203,AGLD-USDT,0.7697,0.7699,6742160.0,6742160.0
2025-07-25T08:17:14.341226,1INCH-USDT,0.2735,0.2736,4460328.0,4460328.0
2025-07-25T08:17:14.378976,ACH-USDT,0.021647,0.021656,109335134.0,109335134.0
2025-07-25T08:17:14.382512,AIN-USDT,0.15338,0.1534,304728.0,304728.0
2025-07-25T08:17:14.383536,ADA-USDT,0.7996,0.7997,60570200.0,60570200.0
2025-07-25T08:17:14.396668,ANIME-USDT,0.0186,0.01861,25166640.0,25166640.0
2025-07-25T08:17:14.400677,AIXBT-USDT,0.13991,0.13992,1733160.0,1733160.0
2025-07-25T08:17:16.504914,ALCH-USDT,0.13767,0.13768,546258.0,546258.0
2025-07-25T08:17:16.519613,A-USDT,0.5595,0.5598,1728288.0,1728288.0
2025-07-25T08:17:16.572805,AEVO-USDT,0.1045,0.1046,8817054.0,8817054.0
2025-07-25T08:17:16.575305,ALGO-USDT,0.2578,0.258,35441422.0,35441422.0
2025-07-25T08:17:16.578563,ACT-USDT,0.04415,0.04416,2675812.0,2675812.0
2025-07-25T08:17:16.607738,AERGO-USDT,0.13089,0.1309,840196.0,840196.0
2025-07-25T08:17:16.657167,AGT-USDT,0.00558,0.0056,1016530.0,1016530.0
2025-07-25T08:17:16.665285,AI16Z-USDT,0.1468,0.1469,37505890.0,37505890.0
2025-07-25T08:17:16.665812,AERO-USDT,0.8767,0.8768,529756.0,529756.0
2025-07-25T08:17:16.673194,AI-USDT,0.131,0.1312,6775040.0,6775040.0
2025-07-25T08:17:16.673241,AAVE-USDT,287.42,287.43,5102502.0,5102502.0
2025-07-25T08:17:16.682427,ACE-USDT,0.5618,0.5619,9357930.0,9357930.0
2025-07-25T08:17:16.686844,ALT-USDT,0.0335,0.03351,1745830.0,1745830.0
2025-07-25T08:17:16.689236,AGLD-USDT,0.7697,0.7699,6742160.0,6742160.0
2025-07-25T08:17:16.691850,1INCH-USDT,0.2735,0.2736,4461788.0,4461788.0
2025-07-25T08:17:16.733007,ACH-USDT,0.02165,0.02166,109335134.0,109335134.0
2025-07-25T08:17:16.733048,AIN-USDT,0.15338,0.1534,304728.0,304728.0
2025-07-25T08:17:16.734064,ADA-USDT,0.7986,0.7987,60578956.0,60578956.0
2025-07-25T08:17:16.745631,ANIME-USDT,0.0186,0.01861,25166640.0,25166640.0
2025-07-25T08:17:16.752865,AIXBT-USDT,0.14009,0.14012,1733160.0,1733160.0
2025-07-25T08:17:18.889507,ALCH-USDT,0.13768,0.13769,546258.0,546258.0
2025-07-25T08:17:18.902221,A-USDT,0.5595,0.5598,1728288.0,1728288.0
2025-07-25T08:17:18.957714,AEVO-USDT,0.1044,0.1045,8817054.0,8817054.0
2025-07-25T08:17:18.962598,ALGO-USDT,0.2577,0.2578,35441422.0,35441422.0
2025-07-25T08:17:18.963916,ACT-USDT,0.04414,0.04415,2675812.0,2675812.0
2025-07-25T08:17:18.997492,AERGO-USDT,0.13081,0.13082,840196.0,840196.0
2025-07-25T08:17:19.058375,AGT-USDT,0.00558,0.0056,1016530.0,1016530.0
2025-07-25T08:17:19.059777,AI16Z-USDT,0.1467,0.1468,37505890.0,37505890.0
2025-07-25T08:17:19.060633,AERO-USDT,0.8765,0.8767,529756.0,529756.0
2025-07-25T08:17:19.077122,AI-USDT,0.131,0.1312,6775040.0,6775040.0
2025-07-25T08:17:19.077163,AAVE-USDT,287.42,287.43,5110234.0,5110234.0
2025-07-25T08:17:19.078261,ACE-USDT,0.5615,0.5616,9357930.0,9357930.0
2025-07-25T08:17:19.082904,ALT-USDT,0.0335,0.03351,1745830.0,1745830.0
2025-07-25T08:17:19.087468,AGLD-USDT,0.7694,0.7696,6742160.0,6742160.0
2025-07-25T08:17:19.093903,1INCH-USDT,0.2734,0.2735,4461788.0,4461788.0
2025-07-25T08:17:19.131563,ACH-USDT,0.02165,0.02166,109335134.0,109335134.0
2025-07-25T08:17:19.131609,AIN-USDT,0.15333,0.15334,304728.0,304728.0
2025-07-25T08:17:19.134088,ADA-USDT,0.7981,0.7982,60578960.0,60578960.0
2025-07-25T08:17:19.146219,ANIME-USDT,0.0186,0.01861,25166640.0,25166640.0
2025-07-25T08:17:19.152319,AIXBT-USDT,0.13992,0.13993,1733160.0,1733160.0
2025-07-25T08:17:21.276863,ALCH-USDT,0.13768,0.13769,546258.0,546258.0
2025-07-25T08:17:21.293998,A-USDT,0.5598,0.56,1728288.0,1728288.0
2025-07-25T08:17:21.350060,AEVO-USDT,0.1044,0.1045,8817054.0,8817054.0
2025-07-25T08:17:21.353110,ALGO-USDT,0.2577,0.2578,35441422.0,35441422.0
2025-07-25T08:17:21.355952,ACT-USDT,0.04414,0.04415,2675812.0,2675812.0
2025-07-25T08:17:21.392396,AERGO-USDT,0.13081,0.13082,840196.0,840196.0
2025-07-25T08:17:21.453024,AGT-USDT,0.00558,0.0056,1016530.0,1016530.0
2025-07-25T08:17:21.465686,AI16Z-USDT,0.1468,0.1469,37505890.0,37505890.0
2025-07-25T08:17:21.465723,AERO-USDT,0.8765,0.8767,529756.0,529756.0
2025-07-25T08:17:21.470920,AI-USDT,0.131,0.1311,6775040.0,6775040.0
2025-07-25T08:17:21.517414,AAVE-USDT,287.54,287.55,5110234.0,5110234.0
2025-07-25T08:17:21.517457,ACE-USDT,0.5615,0.5616,9357930.0,9357930.0
2025-07-25T08:17:21.530089,ALT-USDT,0.03348,0.03349,1745830.0,1745830.0
2025-07-25T08:17:21.530127,AGLD-USDT,0.7688,0.7694,6742160.0,6742160.0
2025-07-25T08:17:21.530497,1INCH-USDT,0.2734,0.2735,4461788.0,4461788.0
2025-07-25T08:17:21.535189,ACH-USDT,0.021651,0.021656,109335134.0,109335134.0
2025-07-25T08:17:21.580961,AIN-USDT,0.15333,0.15334,304728.0,304728.0
2025-07-25T08:17:21.581009,ADA-USDT,0.7986,0.7987,60578960.0,60578960.0
2025-07-25T08:17:21.581044,ANIME-USDT,0.0186,0.01861,25166640.0,25166640.0
2025-07-25T08:17:21.581074,AIXBT-USDT,0.13992,0.13993,1733160.0,1733160.0
2025-07-25T08:17:23.669684,ALCH-USDT,0.13766,0.13767,546258.0,546258.0
2025-07-25T08:17:23.690468,A-USDT,0.5598,0.56,1728288.0,1728288.0
2025-07-25T08:17:23.748457,AEVO-USDT,0.1044,0.1045,8817054.0,8817054.0
2025-07-25T08:17:23.750666,ALGO-USDT,0.2577,0.2578,35441422.0,35441422.0
2025-07-25T08:17:23.764663,ACT-USDT,0.04412,0.04414,2675812.0,2675812.0
2025-07-25T08:17:23.786769,AERGO-USDT,0.13081,0.13082,840196.0,840196.0
2025-07-25T08:17:23.833943,AGT-USDT,0.0056,0.00561,1016530.0,1016530.0
2025-07-25T08:17:23.859147,AI16Z-USDT,0.1467,0.1468,37505890.0,37505890.0
2025-07-25T08:17:23.859190,AERO-USDT,0.8765,0.8768,529984.0,529984.0
2025-07-25T08:17:23.859216,AI-USDT,0.131,0.1311,6775040.0,6775040.0
2025-07-25T08:17:23.859238,AAVE-USDT,287.48,287.49,5110234.0,5110234.0
2025-07-25T08:17:23.861722,ACE-USDT,0.5614,0.5615,9357930.0,9357930.0
2025-07-25T08:17:23.865363,ALT-USDT,0.03348,0.03349,1745830.0,1745830.0
2025-07-25T08:17:23.867703,AGLD-USDT,0.7688,0.7694,6742160.0,6742160.0
2025-07-25T08:17:23.883583,1INCH-USDT,0.2733,0.2734,4463564.0,4463564.0
2025-07-25T08:17:23.911666,ACH-USDT,0.021645,0.021648,109335134.0,109335134.0
2025-07-25T08:17:23.916832,AIN-USDT,0.1533,0.15331,304728.0,304728.0
2025-07-25T08:17:23.916875,ADA-USDT,0.7987,0.7988,57964032.0,57964032.0
2025-07-25T08:17:23.927282,ANIME-USDT,0.0186,0.01861,25166640.0,25166640.0
2025-07-25T08:17:23.933734,AIXBT-USDT,0.13985,0.13986,1733170.0,1733170.0
2025-07-25T08:17:26.044814,ALCH-USDT,0.13766,0.13767,546258.0,546258.0
2025-07-25T08:17:26.061201,A-USDT,0.5598,0.56,1728288.0,1728288.0
2025-07-25T08:17:26.114025,AEVO-USDT,0.1044,0.1045,8817054.0,8817054.0
2025-07-25T08:17:26.116635,ALGO-USDT,0.2576,0.2577,35441422.0,35441422.0
2025-07-25T08:17:26.119755,ACT-USDT,0.0441,0.04411,2675812.0,2675812.0
2025-07-25T08:17:26.151180,AERGO-USDT,0.13081,0.13082,840196.0,840196.0
2025-07-25T08:17:26.201169,AGT-USDT,0.0056,0.00561,1016530.0,1016530.0
2025-07-25T08:17:26.212860,AI16Z-USDT,0.1467,0.1468,37505890.0,37505890.0
2025-07-25T08:17:26.213375,AERO-USDT,0.8764,0.8765,529984.0,529984.0
2025-07-25T08:17:26.219673,AI-USDT,0.1309,0.131,6775040.0,6775040.0
2025-07-25T08:17:26.219722,AAVE-USDT,287.48,287.49,5110234.0,5110234.0
2025-07-25T08:17:26.229459,ACE-USDT,0.5614,0.5615,9357930.0,9357930.0
2025-07-25T08:17:26.232774,ALT-USDT,0.03346,0.03347,1745830.0,1745830.0
2025-07-25T08:17:26.235132,AGLD-USDT,0.7688,0.7694,6742160.0,6742160.0
2025-07-25T08:17:26.239570,1INCH-USDT,0.2733,0.2734,4463564.0,4463564.0
2025-07-25T08:17:26.275627,ACH-USDT,0.021645,0.021648,109335134.0,109335134.0
2025-07-25T08:17:26.278398,AIN-USDT,0.1533,0.15331,304728.0,304728.0
2025-07-25T08:17:26.279448,ADA-USDT,0.7986,0.7987,57990204.0,57990204.0
2025-07-25T08:17:26.289438,ANIME-USDT,0.0186,0.01861,25166640.0,25166640.0
2025-07-25T08:17:26.295858,AIXBT-USDT,0.13985,0.13986,1733170.0,1733170.0
2025-07-25T08:17:28.400168,ALCH-USDT,0.13766,0.13767,546258.0,546258.0
2025-07-25T08:17:28.440585,A-USDT,0.5596,0.5597,1728288.0,1728288.0
2025-07-25T08:17:28.481175,AEVO-USDT,0.1044,0.1045,8817054.0,8817054.0
2025-07-25T08:17:28.484210,ALGO-USDT,0.2576,0.2577,35441422.0,35441422.0
2025-07-25T08:17:28.501826,ACT-USDT,0.0441,0.04411,2675812.0,2675812.0
2025-07-25T08:17:28.532473,AERGO-USDT,0.13081,0.13082,840196.0,840196.0
2025-07-25T08:17:28.600052,AGT-USDT,0.0056,0.00561,1016530.0,1016530.0
2025-07-25T08:17:28.600096,AI16Z-USDT,0.1467,0.1468,37505890.0,37505890.0
2025-07-25T08:17:28.600117,AERO-USDT,0.8764,0.8765,529984.0,529984.0
2025-07-25T08:17:28.600137,AI-USDT,0.1309,0.131,6775040.0,6775040.0
2025-07-25T08:17:28.611429,AAVE-USDT,287.44,287.45,5110234.0,5110234.0
2025-07-25T08:17:28.611486,ACE-USDT,0.5614,0.5615,9357930.0,9357930.0
2025-07-25T08:17:28.614241,ALT-USDT,0.03346,0.03347,1745830.0,1745830.0
2025-07-25T08:17:28.622363,AGLD-USDT,0.7688,0.769,6742160.0,6742160.0
2025-07-25T08:17:28.622401,1INCH-USDT,0.2733,0.2734,4463564.0,4463564.0
2025-07-25T08:17:28.661276,ACH-USDT,0.021645,0.021648,109335134.0,109335134.0
2025-07-25T08:17:28.662608,AIN-USDT,0.1533,0.15331,304728.0,304728.0
2025-07-25T08:17:28.663154,ADA-USDT,0.7984,0.7985,57990204.0,57990204.0
2025-07-25T08:17:28.675954,ANIME-USDT,0.0186,0.01861,25166640.0,25166640.0
2025-07-25T08:17:28.684021,AIXBT-USDT,0.13985,0.13986,1733170.0,1733170.0
2025-07-25T08:17:30.792643,ALCH-USDT,0.13766,0.13767,546258.0,546258.0
2025-07-25T08:17:30.818505,A-USDT,0.5598,0.56,1728288.0,1728288.0
2025-07-25T08:17:30.881052,AEVO-USDT,0.1045,0.1046,8817054.0,8817054.0
2025-07-25T08:17:30.881093,ALGO-USDT,0.2577,0.2579,35448064.0,35448064.0
2025-07-25T08:17:30.881118,ACT-USDT,0.04413,0.04414,2675812.0,2675812.0
2025-07-25T08:17:30.916867,AERGO-USDT,0.13083,0.13084,840196.0,840196.0
2025-07-25T08:17:30.955442,AGT-USDT,0.0056,0.00561,1016530.0,1016530.0
2025-07-25T08:17:30.968960,AI16Z-USDT,0.1468,0.1469,37505890.0,37505890.0
2025-07-25T08:17:30.968997,AERO-USDT,0.8768,0.877,529984.0,529984.0
2025-07-25T08:17:30.979811,AI-USDT,0.131,0.1312,6775040.0,6775040.0
2025-07-25T08:17:30.979849,AAVE-USDT,287.57,287.58,5110234.0,5110234.0
2025-07-25T08:17:30.987584,ACE-USDT,0.5618,0.5619,9357930.0,9357930.0
2025-07-25T08:17:30.987624,ALT-USDT,0.03348,0.03349,1745830.0,1745830.0
2025-07-25T08:17:30.989727,AGLD-USDT,0.7688,0.769,6742160.0,6742160.0
2025-07-25T08:17:30.993839,1INCH-USDT,0.2733,0.2734,4463564.0,4463564.0
2025-07-25T08:17:31.032339,ACH-USDT,0.021654,0.021655,109335134.0,109335134.0
2025-07-25T08:17:31.035563,AIN-USDT,0.15338,0.15339,304728.0,304728.0
2025-07-25T08:17:31.035623,ADA-USDT,0.7986,0.7987,57993580.0,57993580.0
2025-07-25T08:17:31.044389,ANIME-USDT,0.0186,0.01861,25166640.0,25166640.0
2025-07-25T08:17:31.055557,AIXBT-USDT,0.1399,0.13991,1733170.0,1733170.0
2025-07-25T08:17:33.170384,ALCH-USDT,0.13766,0.13767,546258.0,546258.0
2025-07-25T08:17:33.187494,A-USDT,0.5598,0.56,1728288.0,1728288.0
2025-07-25T08:17:33.246020,AEVO-USDT,0.1045,0.1046,8817054.0,8817054.0
2025-07-25T08:17:33.246057,ALGO-USDT,0.2577,0.2579,35448064.0,35448064.0
2025-07-25T08:17:33.249235,ACT-USDT,0.04413,0.04414,2675812.0,2675812.0
2025-07-25T08:17:33.304986,AERGO-USDT,0.13083,0.13084,840196.0,840196.0
2025-07-25T08:17:33.341008,AGT-USDT,0.0056,0.00561,1016530.0,1016530.0
2025-07-25T08:17:33.353052,AI16Z-USDT,0.147,0.1471,37505890.0,37505890.0
2025-07-25T08:17:33.353108,AERO-USDT,0.8768,0.877,529984.0,529984.0
2025-07-25T08:17:33.354918,AI-USDT,0.131,0.1312,6775040.0,6775040.0
2025-07-25T08:17:33.358218,AAVE-USDT,287.57,287.58,5110234.0,5110234.0
2025-07-25T08:17:33.368491,ACE-USDT,0.5615,0.5616,9357930.0,9357930.0
2025-07-25T08:17:33.371777,ALT-USDT,0.03348,0.03349,1745830.0,1745830.0
2025-07-25T08:17:33.373183,AGLD-USDT,0.7692,0.7694,6742160.0,6742160.0
2025-07-25T08:17:33.376605,1INCH-USDT,0.2733,0.2734,4463564.0,4463564.0
2025-07-25T08:17:33.414831,ACH-USDT,0.021654,0.021655,109335134.0,109335134.0
2025-07-25T08:17:33.421263,AIN-USDT,0.15338,0.15339,304728.0,304728.0
2025-07-25T08:17:33.421333,ADA-USDT,0.7985,0.7986,57993618.0,57993618.0
2025-07-25T08:17:33.430345,ANIME-USDT,0.0186,0.01861,25166640.0,25166640.0
2025-07-25T08:17:33.439429,AIXBT-USDT,0.13999,0.14,1733170.0,1733170.0
2025-07-25T08:17:35.556754,ALCH-USDT,0.13765,0.13766,546258.0,546258.0
2025-07-25T08:17:35.569082,A-USDT,0.5599,0.56,1728288.0,1728288.0
2025-07-25T08:17:35.623382,AEVO-USDT,0.1045,0.1046,8817054.0,8817054.0
2025-07-25T08:17:35.624268,ALGO-USDT,0.2578,0.2579,35448064.0,35448064.0
2025-07-25T08:17:35.627586,ACT-USDT,0.04413,0.04415,2675812.0,2675812.0
2025-07-25T08:17:35.658087,AERGO-USDT,0.1309,0.13091,840196.0,840196.0
2025-07-25T08:17:35.710843,AGT-USDT,0.0056,0.00561,1016530.0,1016530.0
2025-07-25T08:17:35.721359,AI16Z-USDT,0.147,0.1471,37505890.0,37505890.0
2025-07-25T08:17:35.721413,AERO-USDT,0.8769,0.8771,529984.0,529984.0
2025-07-25T08:17:35.725965,AI-USDT,0.131,0.1312,6775040.0,6775040.0
2025-07-25T08:17:35.729826,AAVE-USDT,287.63,287.64,5110238.0,5110238.0
2025-07-25T08:17:35.737855,ACE-USDT,0.5615,0.5616,9357930.0,9357930.0
2025-07-25T08:17:35.742680,ALT-USDT,0.03348,0.03349,1745830.0,1745830.0
2025-07-25T08:17:35.742975,AGLD-USDT,0.7694,0.7697,6742160.0,6742160.0
2025-07-25T08:17:35.747620,1INCH-USDT,0.2734,0.2735,4463564.0,4463564.0
2025-07-25T08:17:35.802631,ACH-USDT,0.02165,0.021658,109335134.0,109335134.0
2025-07-25T08:17:35.802671,AIN-USDT,0.1533,0.15333,304728.0,304728.0
2025-07-25T08:17:35.802700,ADA-USDT,0.7984,0.7985,58003866.0,58003866.0
2025-07-25T08:17:35.804217,ANIME-USDT,0.0186,0.01861,25166640.0,25166640.0
2025-07-25T08:17:35.817937,AIXBT-USDT,0.13999,0.14,1733180.0,1733180.0
2025-07-25T08:17:37.933231,ALCH-USDT,0.13765,0.13766,546258.0,546258.0
2025-07-25T08:17:37.951464,A-USDT,0.5599,0.56,1728288.0,1728288.0
2025-07-25T08:17:38.013153,AEVO-USDT,0.1045,0.1046,8817054.0,8817054.0
2025-07-25T08:17:38.016350,ALGO-USDT,0.2578,0.2579,35448064.0,35448064.0
2025-07-25T08:17:38.019048,ACT-USDT,0.04413,0.04415,2675812.0,2675812.0
2025-07-25T08:17:38.051964,AERGO-USDT,0.1309,0.13091,840196.0,840196.0
2025-07-25T08:17:38.113715,AGT-USDT,0.0056,0.00561,1016530.0,1016530.0
2025-07-25T08:17:38.125200,AI16Z-USDT,0.147,0.1471,37505892.0,37505892.0
2025-07-25T08:17:38.125363,AERO-USDT,0.8769,0.8771,529984.0,529984.0
2025-07-25T08:17:38.130909,AI-USDT,0.131,0.1312,6775040.0,6775040.0
2025-07-25T08:17:38.130963,AAVE-USDT,287.63,287.64,5110238.0,5110238.0
2025-07-25T08:17:38.139805,ACE-USDT,0.5617,0.5618,9357930.0,9357930.0
2025-07-25T08:17:38.143721,ALT-USDT,0.03348,0.03349,1745830.0,1745830.0
2025-07-25T08:17:38.145965,AGLD-USDT,0.7694,0.7697,6742160.0,6742160.0
2025-07-25T08:17:38.149910,1INCH-USDT,0.2734,0.2735,4463564.0,4463564.0
2025-07-25T08:17:38.186273,ACH-USDT,0.02165,0.021658,109335134.0,109335134.0
2025-07-25T08:17:38.189359,AIN-USDT,0.15319,0.15328,304728.0,304728.0
2025-07-25T08:17:38.190562,ADA-USDT,0.7984,0.7985,58010216.0,58010216.0
2025-07-25T08:17:38.199530,ANIME-USDT,0.0186,0.01861,25166640.0,25166640.0
2025-07-25T08:17:38.209474,AIXBT-USDT,0.14001,0.14002,1733180.0,1733180.0
2025-07-25T08:17:40.312875,ALCH-USDT,0.13765,0.13766,546258.0,546258.0
2025-07-25T08:17:40.338223,A-USDT,0.5599,0.56,1728288.0,1728288.0
2025-07-25T08:17:40.404836,AEVO-USDT,0.1045,0.1046,8817054.0,8817054.0
2025-07-25T08:17:40.404898,ALGO-USDT,0.2578,0.2579,35448064.0,35448064.0
2025-07-25T08:17:40.405677,ACT-USDT,0.04413,0.04415,2675812.0,2675812.0
2025-07-25T08:17:40.438805,AERGO-USDT,0.1309,0.13091,840196.0,840196.0
2025-07-25T08:17:40.491267,AGT-USDT,0.00561,0.00562,1016530.0,1016530.0
2025-07-25T08:17:40.502027,AI16Z-USDT,0.147,0.1471,37505892.0,37505892.0
2025-07-25T08:17:40.502585,AERO-USDT,0.8769,0.8771,529984.0,529984.0
2025-07-25T08:17:40.507611,AI-USDT,0.131,0.1312,6775040.0,6775040.0
2025-07-25T08:17:40.510279,AAVE-USDT,287.69,287.7,5110252.0,5110252.0
2025-07-25T08:17:40.519437,ACE-USDT,0.5617,0.5618,9357930.0,9357930.0
2025-07-25T08:17:40.524098,ALT-USDT,0.0335,0.03351,1745830.0,1745830.0
2025-07-25T08:17:40.525304,AGLD-USDT,0.7694,0.7697,6742160.0,6742160.0
2025-07-25T08:17:40.530073,1INCH-USDT,0.2734,0.2735,4463564.0,4463564.0
2025-07-25T08:17:40.569323,ACH-USDT,0.02165,0.021658,109335134.0,109335134.0
2025-07-25T08:17:40.572459,AIN-USDT,0.15319,0.15328,304728.0,304728.0
2025-07-25T08:17:40.573709,ADA-USDT,0.7984,0.7985,58010216.0,58010216.0
2025-07-25T08:17:40.586974,ANIME-USDT,0.0186,0.01861,25166640.0,25166640.0
2025-07-25T08:17:40.591866,AIXBT-USDT,0.14001,0.14002,1733180.0,1733180.0
2025-07-25T08:17:42.697212,ALCH-USDT,0.13766,0.13767,546258.0,546258.0
2025-07-25T08:17:42.718473,A-USDT,0.5601,0.5603,1728288.0,1728288.0
2025-07-25T08:17:42.784848,AEVO-USDT,0.1046,0.1047,8817054.0,8817054.0
2025-07-25T08:17:42.784889,ALGO-USDT,0.258,0.2582,35448064.0,35448064.0
2025-07-25T08:17:42.786595,ACT-USDT,0.04418,0.04419,2675812.0,2675812.0
2025-07-25T08:17:42.817717,AERGO-USDT,0.13093,0.13094,840196.0,840196.0
2025-07-25T08:17:42.870442,AGT-USDT,0.00561,0.00562,1016530.0,1016530.0
2025-07-25T08:17:42.890400,AI16Z-USDT,0.1471,0.1472,37505892.0,37505892.0
2025-07-25T08:17:42.890446,AERO-USDT,0.8776,0.8777,529984.0,529984.0
2025-07-25T08:17:42.890480,AI-USDT,0.1311,0.1312,6775040.0,6775040.0
2025-07-25T08:17:42.934933,AAVE-USDT,287.8,287.84,5110252.0,5110252.0
2025-07-25T08:17:42.934972,ACE-USDT,0.5623,0.5624,9357930.0,9357930.0
2025-07-25T08:17:42.946217,ALT-USDT,0.03352,0.03353,1745830.0,1745830.0
2025-07-25T08:17:42.946266,AGLD-USDT,0.7699,0.77,6742160.0,6742160.0
2025-07-25T08:17:42.946298,1INCH-USDT,0.2737,0.2738,4463564.0,4463564.0
2025-07-25T08:17:42.952155,ACH-USDT,0.021673,0.021674,109335134.0,109335134.0
2025-07-25T08:17:42.954602,AIN-USDT,0.15326,0.1533,304728.0,304728.0
2025-07-25T08:17:43.001011,ADA-USDT,0.799,0.7991,58010216.0,58010216.0
2025-07-25T08:17:43.001050,ANIME-USDT,0.0186,0.01861,25166640.0,25166640.0
2025-07-25T08:17:43.001102,AIXBT-USDT,0.14011,0.14012,1733180.0,1733180.0
2025-07-25T08:17:45.128707,ALCH-USDT,0.13766,0.13767,546258.0,546258.0
2025-07-25T08:17:45.147340,A-USDT,0.5601,0.5603,1728288.0,1728288.0
2025-07-25T08:17:45.206040,AEVO-USDT,0.1046,0.1047,8817054.0,8817054.0
2025-07-25T08:17:45.208198,ALGO-USDT,0.258,0.2582,35448064.0,35448064.0
2025-07-25T08:17:45.213758,ACT-USDT,0.04418,0.04419,2675812.0,2675812.0
2025-07-25T08:17:45.242309,AERGO-USDT,0.13093,0.13094,840196.0,840196.0
2025-07-25T08:17:45.295239,AGT-USDT,0.00561,0.00563,1016530.0,1016530.0
2025-07-25T08:17:45.304679,AI16Z-USDT,0.1471,0.1472,37505892.0,37505892.0
2025-07-25T08:17:45.305284,AERO-USDT,0.8776,0.8777,529984.0,529984.0
2025-07-25T08:17:45.309958,AI-USDT,0.1312,0.1313,6775040.0,6775040.0
2025-07-25T08:17:45.311601,AAVE-USDT,287.8,287.84,5110252.0,5110252.0
2025-07-25T08:17:45.322558,ACE-USDT,0.5623,0.5624,9357930.0,9357930.0
2025-07-25T08:17:45.326093,ALT-USDT,0.0335,0.03351,1745830.0,1745830.0
2025-07-25T08:17:45.328440,AGLD-USDT,0.7699,0.77,6742160.0,6742160.0
2025-07-25T08:17:45.332619,1INCH-USDT,0.2737,0.2738,4463564.0,4463564.0
2025-07-25T08:17:45.369484,ACH-USDT,0.021673,0.021674,109335134.0,109335134.0
2025-07-25T08:17:45.371919,AIN-USDT,0.15326,0.1533,304728.0,304728.0
2025-07-25T08:17:45.372764,ADA-USDT,0.7989,0.799,58010216.0,58010216.0
2025-07-25T08:17:45.384515,ANIME-USDT,0.0186,0.01861,25166640.0,25166640.0
2025-07-25T08:17:45.392589,AIXBT-USDT,0.14011,0.14012,1733180.0,1733180.0
2025-07-25T08:17:47.510293,ALCH-USDT,0.13769,0.1377,546258.0,546258.0
2025-07-25T08:17:47.522557,A-USDT,0.5603,0.5604,1728288.0,1728288.0
2025-07-25T08:17:47.577607,AEVO-USDT,0.1045,0.1046,8817054.0,8817054.0
2025-07-25T08:17:47.581184,ALGO-USDT,0.258,0.2582,35448064.0,35448064.0
2025-07-25T08:17:47.589760,ACT-USDT,0.04416,0.04418,2675812.0,2675812.0
2025-07-25T08:17:47.615276,AERGO-USDT,0.13095,0.13096,840196.0,840196.0
2025-07-25T08:17:47.674348,AGT-USDT,0.00561,0.00562,1016530.0,1016530.0
2025-07-25T08:17:47.683668,AI16Z-USDT,0.147,0.1471,37505894.0,37505894.0
2025-07-25T08:17:47.684080,AERO-USDT,0.8776,0.8777,529984.0,529984.0
2025-07-25T08:17:47.690066,AI-USDT,0.1312,0.1313,6775040.0,6775040.0
2025-07-25T08:17:47.690239,AAVE-USDT,287.79,287.84,5110252.0,5110252.0
2025-07-25T08:17:47.700634,ACE-USDT,0.5622,0.5623,9357930.0,9357930.0
2025-07-25T08:17:47.705148,ALT-USDT,0.0335,0.03351,1745830.0,1745830.0
2025-07-25T08:17:47.706505,AGLD-USDT,0.7699,0.77,6742160.0,6742160.0
2025-07-25T08:17:47.710935,1INCH-USDT,0.2736,0.2737,4463564.0,4463564.0
2025-07-25T08:17:47.749859,ACH-USDT,0.021667,0.02167,109335134.0,109335134.0
2025-07-25T08:17:47.752351,AIN-USDT,0.15326,0.1533,304728.0,304728.0
2025-07-25T08:17:47.754057,ADA-USDT,0.7991,0.7992,58013416.0,58013416.0
2025-07-25T08:17:47.764990,ANIME-USDT,0.0186,0.01861,25166640.0,25166640.0
2025-07-25T08:17:47.771851,AIXBT-USDT,0.14008,0.14009,1733180.0,1733180.0
2025-07-25T08:17:49.886087,ALCH-USDT,0.13769,0.1377,546258.0,546258.0
2025-07-25T08:17:49.902422,A-USDT,0.5603,0.5604,1728288.0,1728288.0
2025-07-25T08:17:49.966415,AEVO-USDT,0.1046,0.1047,8817054.0,8817054.0
2025-07-25T08:17:49.969956,ALGO-USDT,0.2581,0.2582,35448064.0,35448064.0
2025-07-25T08:17:49.973720,ACT-USDT,0.04422,0.04423,2675812.0,2675812.0
2025-07-25T08:17:50.008599,AERGO-USDT,0.13095,0.13096,840196.0,840196.0
2025-07-25T08:17:50.067501,AGT-USDT,0.00562,0.00563,1016530.0,1016530.0
2025-07-25T08:17:50.077198,AI16Z-USDT,0.147,0.1471,37505894.0,37505894.0
2025-07-25T08:17:50.077575,AERO-USDT,0.8776,0.8777,529984.0,529984.0
2025-07-25T08:17:50.091651,AI-USDT,0.1311,0.1313,6775040.0,6775040.0
2025-07-25T08:17:50.091696,AAVE-USDT,287.81,287.82,5110252.0,5110252.0
2025-07-25T08:17:50.097121,ACE-USDT,0.5622,0.5623,9357930.0,9357930.0
2025-07-25T08:17:50.100058,ALT-USDT,0.0335,0.03351,1745830.0,1745830.0
2025-07-25T08:17:50.103185,AGLD-USDT,0.7699,0.77,6742160.0,6742160.0
2025-07-25T08:17:50.108006,1INCH-USDT,0.2736,0.2737,4463564.0,4463564.0
2025-07-25T08:17:50.148116,ACH-USDT,0.021667,0.02167,109335134.0,109335134.0
2025-07-25T08:17:50.150860,AIN-USDT,0.15339,0.15342,304728.0,304728.0
2025-07-25T08:17:50.151301,ADA-USDT,0.7991,0.7992,58013416.0,58013416.0
2025-07-25T08:17:50.166722,ANIME-USDT,0.0186,0.01861,25166640.0,25166640.0
2025-07-25T08:17:50.170421,AIXBT-USDT,0.14008,0.14009,1733180.0,1733180.0
2025-07-25T08:17:52.267734,ALCH-USDT,0.13769,0.1377,546258.0,546258.0
2025-07-25T08:17:52.289706,A-USDT,0.5603,0.5604,1728288.0,1728288.0
2025-07-25T08:17:52.352043,AEVO-USDT,0.1045,0.1046,8817054.0,8817054.0
2025-07-25T08:17:52.354721,ALGO-USDT,0.2581,0.2582,35448064.0,35448064.0
2025-07-25T08:17:52.358150,ACT-USDT,0.04422,0.04423,2675812.0,2675812.0
2025-07-25T08:17:52.394192,AERGO-USDT,0.13095,0.13096,840196.0,840196.0
2025-07-25T08:17:52.463530,AGT-USDT,0.00562,0.00563,1016530.0,1016530.0
2025-07-25T08:17:52.478293,AI16Z-USDT,0.147,0.1471,37505894.0,37505894.0
2025-07-25T08:17:52.478578,AERO-USDT,0.8776,0.8777,529984.0,529984.0
2025-07-25T08:17:52.486254,AI-USDT,0.1311,0.1313,6775040.0,6775040.0
2025-07-25T08:17:52.486302,AAVE-USDT,287.75,287.76,5110252.0,5110252.0
2025-07-25T08:17:52.497615,ACE-USDT,0.5622,0.5623,9357930.0,9357930.0
2025-07-25T08:17:52.502140,ALT-USDT,0.0335,0.03351,1745830.0,1745830.0
2025-07-25T08:17:52.503571,AGLD-USDT,0.7699,0.77,6742160.0,6742160.0
2025-07-25T08:17:52.513098,1INCH-USDT,0.2736,0.2737,4463564.0,4463564.0
2025-07-25T08:17:52.551566,ACH-USDT,0.021662,0.021665,109335134.0,109335134.0
2025-07-25T08:17:52.554504,AIN-USDT,0.15339,0.15342,304728.0,304728.0
2025-07-25T08:17:52.556776,ADA-USDT,0.7989,0.799,58013416.0,58013416.0
2025-07-25T08:17:52.567014,ANIME-USDT,0.0186,0.01861,25166640.0,25166640.0
2025-07-25T08:17:52.574842,AIXBT-USDT,0.14008,0.14009,1733180.0,1733180.0
2025-07-25T08:17:54.692145,ALCH-USDT,0.1377,0.13771,546258.0,546258.0
2025-07-25T08:17:54.708429,A-USDT,0.5602,0.5604,1728288.0,1728288.0
2025-07-25T08:17:54.762928,AEVO-USDT,0.1045,0.1046,8817054.0,8817054.0
2025-07-25T08:17:54.765690,ALGO-USDT,0.258,0.2581,35448064.0,35448064.0
2025-07-25T08:17:54.768923,ACT-USDT,0.04422,0.04423,2675812.0,2675812.0
2025-07-25T08:17:54.798367,AERGO-USDT,0.13089,0.1309,840196.0,840196.0
2025-07-25T08:17:54.857891,AGT-USDT,0.00562,0.00563,1019818.0,1019818.0
2025-07-25T08:17:54.868096,AI16Z-USDT,0.1471,0.1472,37519458.0,37519458.0
2025-07-25T08:17:54.868141,AERO-USDT,0.8775,0.8777,529984.0,529984.0
2025-07-25T08:17:54.875116,AI-USDT,0.1311,0.1313,6775040.0,6775040.0
2025-07-25T08:17:54.875644,AAVE-USDT,287.75,287.76,5110252.0,5110252.0
2025-07-25T08:17:54.887599,ACE-USDT,0.5621,0.5622,9357930.0,9357930.0
2025-07-25T08:17:54.890944,ALT-USDT,0.0335,0.03351,1745830.0,1745830.0
2025-07-25T08:17:54.893726,AGLD-USDT,0.7697,0.7699,6742160.0,6742160.0
2025-07-25T08:17:54.899601,1INCH-USDT,0.2736,0.2737,4463564.0,4463564.0
2025-07-25T08:17:54.937620,ACH-USDT,0.021662,0.021665,109335134.0,109335134.0
2025-07-25T08:17:54.944064,AIN-USDT,0.15344,0.15345,304728.0,304728.0
2025-07-25T08:17:54.944105,ADA-USDT,0.7991,0.7992,58099024.0,58099024.0
2025-07-25T08:17:54.952614,ANIME-USDT,0.0186,0.01861,25166640.0,25166640.0
2025-07-25T08:17:54.963603,AIXBT-USDT,0.14009,0.1401,1733180.0,1733180.0
2025-07-25T08:17:57.069954,ALCH-USDT,0.1377,0.13771,546258.0,546258.0
2025-07-25T08:17:57.086916,A-USDT,0.5602,0.5604,1728288.0,1728288.0
2025-07-25T08:17:57.140496,AEVO-USDT,0.1046,0.1047,8817054.0,8817054.0
2025-07-25T08:17:57.142141,ALGO-USDT,0.258,0.2581,35448064.0,35448064.0
2025-07-25T08:17:57.145033,ACT-USDT,0.0442,0.04421,2675812.0,2675812.0
2025-07-25T08:17:57.176389,AERGO-USDT,0.13089,0.1309,840196.0,840196.0
2025-07-25T08:17:57.235440,AGT-USDT,0.00562,0.00563,1019818.0,1019818.0
2025-07-25T08:17:57.240181,AI16Z-USDT,0.1471,0.1472,37519458.0,37519458.0
2025-07-25T08:17:57.240383,AERO-USDT,0.8775,0.8777,529984.0,529984.0
2025-07-25T08:17:57.246285,AI-USDT,0.1311,0.1312,6775040.0,6775040.0
2025-07-25T08:17:57.246326,AAVE-USDT,287.74,287.75,5110252.0,5110252.0
2025-07-25T08:17:57.258998,ACE-USDT,0.5621,0.5622,9357930.0,9357930.0
2025-07-25T08:17:57.260740,ALT-USDT,0.0335,0.03351,1745830.0,1745830.0
2025-07-25T08:17:57.263162,AGLD-USDT,0.7697,0.7699,6742160.0,6742160.0
2025-07-25T08:17:57.265923,1INCH-USDT,0.2736,0.2737,4463564.0,4463564.0
2025-07-25T08:17:57.303394,ACH-USDT,0.021665,0.021669,109335134.0,109335134.0
2025-07-25T08:17:57.306035,AIN-USDT,0.15344,0.15345,304728.0,304728.0
2025-07-25T08:17:57.306083,ADA-USDT,0.7989,0.799,58099024.0,58099024.0
2025-07-25T08:17:57.316144,ANIME-USDT,0.0186,0.01861,25166640.0,25166640.0
2025-07-25T08:17:57.323300,AIXBT-USDT,0.14009,0.1401,1733190.0,1733190.0
2025-07-25T08:17:59.420638,ALCH-USDT,0.13771,0.13772,546258.0,546258.0
2025-07-25T08:17:59.439118,A-USDT,0.5602,0.5603,1728288.0,1728288.0
2025-07-25T08:17:59.491321,AEVO-USDT,0.1046,0.1047,8817054.0,8817054.0
2025-07-25T08:17:59.498577,ALGO-USDT,0.258,0.2581,35448064.0,35448064.0
2025-07-25T08:17:59.498640,ACT-USDT,0.0442,0.04421,2675812.0,2675812.0
2025-07-25T08:17:59.528570,AERGO-USDT,0.13091,0.13092,840196.0,840196.0
2025-07-25T08:17:59.580869,AGT-USDT,0.00562,0.00564,1019818.0,1019818.0
2025-07-25T08:17:59.590245,AI16Z-USDT,0.147,0.1471,37519458.0,37519458.0
2025-07-25T08:17:59.590581,AERO-USDT,0.8776,0.8778,529984.0,529984.0
2025-07-25T08:17:59.596233,AI-USDT,0.1311,0.1312,6775040.0,6775040.0
2025-07-25T08:17:59.597722,AAVE-USDT,287.74,287.75,5110252.0,5110252.0
2025-07-25T08:17:59.607125,ACE-USDT,0.5622,0.5623,9357930.0,9357930.0
2025-07-25T08:17:59.611922,ALT-USDT,0.0335,0.03351,1745830.0,1745830.0
2025-07-25T08:17:59.613161,AGLD-USDT,0.77,0.7702,6742160.0,6742160.0
2025-07-25T08:17:59.620978,1INCH-USDT,0.2736,0.2737,4463564.0,4463564.0
2025-07-25T08:17:59.657392,ACH-USDT,0.021665,0.021671,109335134.0,109335134.0
2025-07-25T08:17:59.657697,AIN-USDT,0.15344,0.15345,304728.0,304728.0
2025-07-25T08:17:59.660932,ADA-USDT,0.7989,0.799,58099024.0,58099024.0
2025-07-25T08:17:59.670515,ANIME-USDT,0.0186,0.01861,25166640.0,25166640.0
2025-07-25T08:17:59.679925,AIXBT-USDT,0.14014,0.14016,1733190.0,1733190.0
2025-07-25T08:18:01.792049,ALCH-USDT,0.13771,0.13772,546258.0,546258.0
2025-07-25T08:18:01.812896,A-USDT,0.5602,0.5603,1728288.0,1728288.0
2025-07-25T08:18:01.877387,AEVO-USDT,0.1046,0.1047,8817054.0,8817054.0
2025-07-25T08:18:01.880550,ALGO-USDT,0.2579,0.258,35448064.0,35448064.0
2025-07-25T08:18:01.888499,ACT-USDT,0.04417,0.04419,2675812.0,2675812.0
2025-07-25T08:18:01.921397,AERGO-USDT,0.13091,0.13092,840196.0,840196.0
2025-07-25T08:18:01.983864,AGT-USDT,0.00562,0.00563,1019818.0,1019818.0
2025-07-25T08:18:02.001986,AI16Z-USDT,0.1471,0.1472,37519458.0,37519458.0
2025-07-25T08:18:02.002034,AERO-USDT,0.8776,0.8778,529984.0,529984.0
2025-07-25T08:18:02.002537,AI-USDT,0.1311,0.1312,6775040.0,6775040.0
2025-07-25T08:18:02.047696,AAVE-USDT,287.75,287.76,5110252.0,5110252.0
2025-07-25T08:18:02.049214,ACE-USDT,0.5622,0.5623,9363264.0,9363264.0
2025-07-25T08:18:02.062373,ALT-USDT,0.0335,0.03351,1745830.0,1745830.0
2025-07-25T08:18:02.062848,AGLD-USDT,0.7696,0.7698,6742160.0,6742160.0
2025-07-25T08:18:02.062875,1INCH-USDT,0.2736,0.2737,4463564.0,4463564.0
2025-07-25T08:18:02.111254,ACH-USDT,0.021665,0.021671,109335134.0,109335134.0
2025-07-25T08:18:02.114832,AIN-USDT,0.15346,0.15349,307092.0,307092.0
2025-07-25T08:18:02.115084,ADA-USDT,0.7988,0.7989,58099024.0,58099024.0
2025-07-25T08:18:02.129768,ANIME-USDT,0.0186,0.01861,25166640.0,25166640.0
2025-07-25T08:18:02.134883,AIXBT-USDT,0.14014,0.14016,1733190.0,1733190.0
2025-07-25T08:18:04.252385,ALCH-USDT,0.13771,0.13772,546258.0,546258.0
2025-07-25T08:18:04.274714,A-USDT,0.5602,0.5603,1728288.0,1728288.0
2025-07-25T08:18:04.330763,AEVO-USDT,0.1046,0.1047,8817054.0,8817054.0
2025-07-25T08:18:04.335638,ALGO-USDT,0.2581,0.2582,35448064.0,35448064.0
2025-07-25T08:18:04.337847,ACT-USDT,0.04422,0.04424,2675812.0,2675812.0
2025-07-25T08:18:04.373161,AERGO-USDT,0.13091,0.13092,840196.0,840196.0
2025-07-25T08:18:04.429052,AGT-USDT,0.00561,0.00562,1019818.0,1019818.0
2025-07-25T08:18:04.446478,AI16Z-USDT,0.1471,0.1472,37519458.0,37519458.0
2025-07-25T08:18:04.446519,AERO-USDT,0.8776,0.8778,529984.0,529984.0
2025-07-25T08:18:04.451918,AI-USDT,0.1311,0.1312,6775040.0,6775040.0
2025-07-25T08:18:04.451975,AAVE-USDT,287.87,287.88,5114252.0,5114252.0
2025-07-25T08:18:04.463126,ACE-USDT,0.563,0.5631,9363264.0,9363264.0
2025-07-25T08:18:04.463665,ALT-USDT,0.0335,0.03351,1745830.0,1745830.0
2025-07-25T08:18:04.464283,AGLD-USDT,0.7696,0.7698,6742160.0,6742160.0
2025-07-25T08:18:04.468485,1INCH-USDT,0.2736,0.2737,4463564.0,4463564.0
2025-07-25T08:18:04.506186,ACH-USDT,0.021669,0.021676,109335134.0,109335134.0
2025-07-25T08:18:04.508607,AIN-USDT,0.15346,0.15349,307092.0,307092.0
2025-07-25T08:18:04.509475,ADA-USDT,0.7988,0.7989,58099024.0,58099024.0
2025-07-25T08:18:04.520835,ANIME-USDT,0.0186,0.01861,25166640.0,25166640.0
2025-07-25T08:18:04.528512,AIXBT-USDT,0.14022,0.14023,1733190.0,1733190.0
2025-07-25T08:18:06.632404,ALCH-USDT,0.1377,0.13771,546258.0,546258.0
2025-07-25T08:18:06.657348,A-USDT,0.5602,0.5603,1728288.0,1728288.0
2025-07-25T08:18:06.706095,AEVO-USDT,0.1046,0.1047,8817054.0,8817054.0
2025-07-25T08:18:06.709978,ALGO-USDT,0.2581,0.2582,35448064.0,35448064.0
2025-07-25T08:18:06.711496,ACT-USDT,0.04422,0.04424,2675812.0,2675812.0
2025-07-25T08:18:06.740993,AERGO-USDT,0.13092,0.13093,840196.0,840196.0
2025-07-25T08:18:06.797347,AGT-USDT,0.00561,0.00562,1019818.0,1019818.0
2025-07-25T08:18:06.807686,AI16Z-USDT,0.1471,0.1472,37519458.0,37519458.0
2025-07-25T08:18:06.808266,AERO-USDT,0.8777,0.8778,529984.0,529984.0
2025-07-25T08:18:06.813819,AI-USDT,0.1311,0.1312,6775040.0,6775040.0
2025-07-25T08:18:06.815059,AAVE-USDT,287.87,287.88,5114252.0,5114252.0
2025-07-25T08:18:06.828091,ACE-USDT,0.563,0.5631,9363264.0,9363264.0
2025-07-25T08:18:06.830375,ALT-USDT,0.03352,0.03353,1745830.0,1745830.0
2025-07-25T08:18:06.832050,AGLD-USDT,0.7699,0.77,6742160.0,6742160.0
2025-07-25T08:18:06.836161,1INCH-USDT,0.2737,0.2738,4463564.0,4463564.0
2025-07-25T08:18:06.876034,ACH-USDT,0.021669,0.021676,109335134.0,109335134.0
2025-07-25T08:18:06.876825,AIN-USDT,0.15352,0.15354,307092.0,307092.0
2025-07-25T08:18:06.877619,ADA-USDT,0.7988,0.7989,58139066.0,58139066.0
2025-07-25T08:18:06.889297,ANIME-USDT,0.0186,0.01861,25166640.0,25166640.0
2025-07-25T08:18:06.895354,AIXBT-USDT,0.14022,0.14023,1733190.0,1733190.0
2025-07-25T08:18:09.007698,ALCH-USDT,0.1377,0.13771,546258.0,546258.0
2025-07-25T08:18:09.028466,A-USDT,0.5602,0.5603,1728288.0,1728288.0
2025-07-25T08:18:09.091694,AEVO-USDT,0.1046,0.1047,8817054.0,8817054.0
2025-07-25T08:18:09.098834,ALGO-USDT,0.2581,0.2582,35448064.0,35448064.0
2025-07-25T08:18:09.099911,ACT-USDT,0.04423,0.04424,2675812.0,2675812.0
2025-07-25T08:18:09.130450,AERGO-USDT,0.13092,0.13093,840196.0,840196.0
2025-07-25T08:18:09.186661,AGT-USDT,0.00561,0.00562,1019818.0,1019818.0
2025-07-25T08:18:09.192528,AI16Z-USDT,0.1471,0.1472,37526250.0,37526250.0
2025-07-25T08:18:09.193296,AERO-USDT,0.8777,0.8778,529984.0,529984.0
2025-07-25T08:18:09.200299,AI-USDT,0.1312,0.1313,6775040.0,6775040.0
2025-07-25T08:18:09.200472,AAVE-USDT,288.01,288.07,5114394.0,5114394.0
2025-07-25T08:18:09.210525,ACE-USDT,0.5639,0.564,9363264.0,9363264.0
2025-07-25T08:18:09.211540,ALT-USDT,0.03352,0.03353,1745830.0,1745830.0
2025-07-25T08:18:09.213818,AGLD-USDT,0.7699,0.77,6742160.0,6742160.0
2025-07-25T08:18:09.219471,1INCH-USDT,0.2737,0.2738,4463564.0,4463564.0
2025-07-25T08:18:09.253763,ACH-USDT,0.021674,0.021678,109335134.0,109335134.0
2025-07-25T08:18:09.261651,AIN-USDT,0.15352,0.15354,307092.0,307092.0
2025-07-25T08:18:09.261703,ADA-USDT,0.7988,0.7989,58139066.0,58139066.0
2025-07-25T08:18:09.268084,ANIME-USDT,0.0186,0.01861,25166640.0,25166640.0
2025-07-25T08:18:09.274637,AIXBT-USDT,0.1403,0.14031,1733190.0,1733190.0
2025-07-25T08:18:11.395065,ALCH-USDT,0.1377,0.13771,546258.0,546258.0
2025-07-25T08:18:11.416186,A-USDT,0.5602,0.5603,1728288.0,1728288.0
2025-07-25T08:18:11.478072,AEVO-USDT,0.1046,0.1047,8817054.0,8817054.0
2025-07-25T08:18:11.483109,ALGO-USDT,0.2581,0.2582,35448064.0,35448064.0
2025-07-25T08:18:11.484984,ACT-USDT,0.04423,0.04424,2675812.0,2675812.0
2025-07-25T08:18:11.521921,AERGO-USDT,0.13092,0.13093,840196.0,840196.0
2025-07-25T08:18:11.578826,AGT-USDT,0.0056,0.00562,1019818.0,1019818.0
2025-07-25T08:18:11.591756,AI16Z-USDT,0.1472,0.1473,37526250.0,37526250.0
2025-07-25T08:18:11.592533,AERO-USDT,0.8777,0.8779,529984.0,529984.0
2025-07-25T08:18:11.598536,AI-USDT,0.1312,0.1313,6775040.0,6775040.0
2025-07-25T08:18:11.599888,AAVE-USDT,287.95,287.99,5114394.0,5114394.0
2025-07-25T08:18:11.612643,ACE-USDT,0.5639,0.564,9363264.0,9363264.0
2025-07-25T08:18:11.619075,ALT-USDT,0.03352,0.03353,1745830.0,1745830.0
2025-07-25T08:18:11.620116,AGLD-USDT,0.7699,0.77,6742160.0,6742160.0
2025-07-25T08:18:11.623230,1INCH-USDT,0.2737,0.2738,4463564.0,4463564.0
2025-07-25T08:18:11.664387,ACH-USDT,0.021674,0.021678,109335134.0,109335134.0
2025-07-25T08:18:11.669565,AIN-USDT,0.15352,0.15354,307092.0,307092.0
2025-07-25T08:18:11.669694,ADA-USDT,0.7986,0.7987,58139066.0,58139066.0
2025-07-25T08:18:11.680859,ANIME-USDT,0.0186,0.01861,25166640.0,25166640.0
2025-07-25T08:18:11.689113,AIXBT-USDT,0.1403,0.14031,1733190.0,1733190.0
2025-07-25T08:18:13.816686,ALCH-USDT,0.1377,0.13771,546258.0,546258.0
2025-07-25T08:18:13.831044,A-USDT,0.5602,0.5603,1728288.0,1728288.0
2025-07-25T08:18:13.884271,AEVO-USDT,0.1046,0.1047,8817054.0,8817054.0
2025-07-25T08:18:13.888155,ALGO-USDT,0.2581,0.2582,35448064.0,35448064.0
2025-07-25T08:18:13.888807,ACT-USDT,0.04423,0.04424,2675812.0,2675812.0
2025-07-25T08:18:13.919334,AERGO-USDT,0.13092,0.13093,840196.0,840196.0
2025-07-25T08:18:13.969825,AGT-USDT,0.0056,0.00562,1019818.0,1019818.0
2025-07-25T08:18:13.983991,AI16Z-USDT,0.1472,0.1473,37526250.0,37526250.0
2025-07-25T08:18:13.985939,AERO-USDT,0.8777,0.8779,529984.0,529984.0
2025-07-25T08:18:13.992046,AI-USDT,0.1311,0.1312,6775040.0,6775040.0
2025-07-25T08:18:14.040314,AAVE-USDT,287.95,287.99,5114394.0,5114394.0
2025-07-25T08:18:14.040380,ACE-USDT,0.5636,0.5637,9363264.0,9363264.0
2025-07-25T08:18:14.052467,ALT-USDT,0.03352,0.03353,1745830.0,1745830.0
2025-07-25T08:18:14.052524,AGLD-USDT,0.7699,0.77,6742160.0,6742160.0
2025-07-25T08:18:14.052579,1INCH-USDT,0.2737,0.2738,4463564.0,4463564.0
2025-07-25T08:18:14.054535,ACH-USDT,0.02167,0.021673,109335134.0,109335134.0
2025-07-25T08:18:14.054562,AIN-USDT,0.15348,0.15352,307092.0,307092.0
2025-07-25T08:18:14.054585,ADA-USDT,0.7986,0.7987,58172010.0,58172010.0
2025-07-25T08:18:14.108308,ANIME-USDT,0.0186,0.01861,25166640.0,25166640.0
2025-07-25T08:18:14.108354,AIXBT-USDT,0.14038,0.14039,1733190.0,1733190.0
