timestamp,symbol,bid,ask,bid_vol,ask_vol
2025-07-25T08:16:26.684831,1INCH-USDT,0.2729,0.2731,718.636746,188.707258
2025-07-25T08:16:26.684871,A-USDT,0.5588,0.5591,509.56,203.66
2025-07-25T08:16:26.684901,AAVE-USDT,287.12,287.16,0.89,0.3
2025-07-25T08:16:26.684925,ACH-USDT,0.0216,0.02162,327.01,462.52
2025-07-25T08:16:26.684943,ACE-USDT,0.5611,0.5614,27.6466,338.9896
2025-07-25T08:16:26.684960,ACT-USDT,0.044,0.04404,2708.771,13515.521
2025-07-25T08:16:26.684980,ADA-USDT,0.7975,0.7977,8515.3418,970.1826
2025-07-25T08:16:26.684999,AIXBT-USDT,0.13955,0.13961,1023.338,2490.0
2025-07-25T08:16:26.685021,AGLD-USDT,0.7684,0.7692,11.003968,10.696612
2025-07-25T08:16:26.685054,AEVO-USDT,0.10442,0.10449,179.0,63.0536
2025-07-25T08:16:26.685100,ALGO-USDT,0.2575,0.2577,3849.594493,4056.065064
2025-07-25T08:16:26.685132,ANIME-USDT,0.01863,0.01864,2778.46,7678.08
2025-07-25T08:16:26.685834,ADA-USDT,0.7976,0.7977,1029.2262,672.9272
2025-07-25T08:16:26.685870,AAVE-USDT,287.13,287.16,0.81,0.3
2025-07-25T08:16:26.685897,ACE-USDT,0.5608,0.5614,77.6466,338.9896
2025-07-25T08:16:26.694558,ACT-USDT,0.044,0.04404,3526.956,13515.521
2025-07-25T08:16:26.754587,ALGO-USDT,0.2575,0.2577,8035.194663,4056.065064
2025-07-25T08:16:26.754666,ADA-USDT,0.7976,0.7977,129.2262,1502.7446
2025-07-25T08:16:26.812396,ACT-USDT,0.044,0.04404,2708.771,13515.521
2025-07-25T08:16:26.868863,ADA-USDT,0.7975,0.7977,8593.5192,1581.2922
2025-07-25T08:16:26.880965,ALGO-USDT,0.2575,0.2577,7535.194663,4056.065064
2025-07-25T08:16:26.890488,AAVE-USDT,287.12,287.16,0.08,1.11
2025-07-25T08:16:26.988854,AAVE-USDT,287.12,287.16,0.89,0.3
2025-07-25T08:16:26.992040,ADA-USDT,0.7975,0.7977,5216.5837,1581.2922
2025-07-25T08:16:27.237282,ADA-USDT,0.7975,0.7977,5597.5837,1581.2922
2025-07-25T08:16:27.244292,AAVE-USDT,287.15,287.16,0.34294,0.3
2025-07-25T08:16:27.245083,AGLD-USDT,0.7684,0.769,11.003968,455.0
2025-07-25T08:16:27.362328,AAVE-USDT,287.12,287.16,0.08,1.11
2025-07-25T08:16:27.374866,ADA-USDT,0.7975,0.7977,4970.7118,1581.2922
2025-07-25T08:16:27.476443,A-USDT,0.5588,0.5591,509.56,125.36
2025-07-25T08:16:27.487923,AAVE-USDT,287.12,287.16,0.08,0.3
2025-07-25T08:16:27.489770,1INCH-USDT,0.2729,0.2731,718.636746,26.707258
2025-07-25T08:16:27.491908,ALGO-USDT,0.2576,0.2577,3685.60017,2285.096236
2025-07-25T08:16:27.494880,ADA-USDT,0.7976,0.7977,900.0,681.2922
2025-07-25T08:16:27.555174,AEVO-USDT,0.10443,0.10449,441.0,63.0536
2025-07-25T08:16:27.555211,ACT-USDT,0.044,0.04404,3526.956,13515.521
2025-07-25T08:16:27.555235,ANIME-USDT,0.01863,0.01864,16408.32,7678.08
2025-07-25T08:16:27.587160,ALGO-USDT,0.2576,0.2577,3685.60017,1055.096236
2025-07-25T08:16:27.590876,AAVE-USDT,287.13,287.16,0.895291,0.3
2025-07-25T08:16:27.653958,ADA-USDT,0.7976,0.7977,1332.5911,78.5476
2025-07-25T08:16:27.748196,AAVE-USDT,287.15,287.16,0.34294,0.3
2025-07-25T08:16:27.750730,ADA-USDT,0.7976,0.7978,3202.421,1042.6402
2025-07-25T08:16:27.885027,AAVE-USDT,287.14,287.16,0.34294,0.3
2025-07-25T08:16:27.903956,ADA-USDT,0.7976,0.7977,1909.431,602.7446
2025-07-25T08:16:27.998903,ACT-USDT,0.044,0.04404,2708.771,13515.521
2025-07-25T08:16:27.998950,ADA-USDT,0.7975,0.7976,12252.0364,904.1169
2025-07-25T08:16:28.149934,ADA-USDT,0.7975,0.7976,8496.9647,904.1169
2025-07-25T08:16:28.200733,ANIME-USDT,0.01863,0.01864,2778.46,7678.08
2025-07-25T08:16:28.263778,ADA-USDT,0.7975,0.7976,8875.9647,904.1169
2025-07-25T08:16:28.470922,AAVE-USDT,287.15,287.16,0.81,0.3
2025-07-25T08:16:28.591629,AAVE-USDT,287.15,287.16,0.34294,0.3
2025-07-25T08:16:28.598260,ADA-USDT,0.7975,0.7977,8875.9647,1607.4866
2025-07-25T08:16:28.756012,ADA-USDT,0.7975,0.7977,12550.859,1607.4866
2025-07-25T08:16:28.874086,ADA-USDT,0.7976,0.7977,1332.4068,104.742
2025-07-25T08:16:28.994433,ADA-USDT,0.7975,0.7976,12550.8647,306.5818
2025-07-25T08:16:29.093596,AAVE-USDT,287.15,287.16,1.15294,0.3
2025-07-25T08:16:29.094150,ADA-USDT,0.7976,0.7977,4322.4353,602.7446
2025-07-25T08:16:29.097229,ANIME-USDT,0.01863,0.01864,16408.32,4900.36
2025-07-25T08:16:29.154172,ACE-USDT,0.5608,0.5614,79.1641,338.9896
2025-07-25T08:16:29.157682,A-USDT,0.5589,0.5591,121.5,125.36
2025-07-25T08:16:29.204192,AAVE-USDT,287.15,287.16,0.34294,0.3
2025-07-25T08:16:29.204239,ACT-USDT,0.044,0.04404,3526.956,13515.521
2025-07-25T08:16:29.204266,ANIME-USDT,0.01863,0.01864,16408.32,1210.36
2025-07-25T08:16:29.207403,ADA-USDT,0.7976,0.7978,6703.7437,1027.6402
2025-07-25T08:16:29.300603,1INCH-USDT,0.273,0.2731,162.0,26.707258
2025-07-25T08:16:29.301848,A-USDT,0.5589,0.5592,246.86,700.0
2025-07-25T08:16:29.304917,ADA-USDT,0.7977,0.7978,900.0,24.6465
2025-07-25T08:16:29.332720,AAVE-USDT,287.15,287.16,0.34294,0.3
2025-07-25T08:16:29.395013,AEVO-USDT,0.10448,0.10457,179.0,544.5516
2025-07-25T08:16:29.401889,ADA-USDT,0.7977,0.7978,10904.8885,24.6465
2025-07-25T08:16:29.405637,A-USDT,0.559,0.5593,125.36,860.69
2025-07-25T08:16:29.406878,AIXBT-USDT,0.13959,0.13966,1023.338,1376.403
2025-07-25T08:16:29.448602,AAVE-USDT,287.15,287.16,1.15294,0.3
2025-07-25T08:16:29.460230,AGLD-USDT,0.7686,0.7694,11.078905,67.0
2025-07-25T08:16:29.502628,AEVO-USDT,0.10448,0.10457,620.0,544.5516
2025-07-25T08:16:29.549754,AGLD-USDT,0.7688,0.7695,11.074583,11.074583
2025-07-25T08:16:29.560056,ACE-USDT,0.5608,0.5614,80.6816,338.9896
2025-07-25T08:16:29.560093,AIXBT-USDT,0.13962,0.13972,1023.338,2520.0
2025-07-25T08:16:29.628935,ADA-USDT,0.7977,0.7978,11339.8885,24.6465
2025-07-25T08:16:29.656575,AEVO-USDT,0.10448,0.10457,683.1022,544.5516
2025-07-25T08:16:29.686510,A-USDT,0.5589,0.5592,481.14,385.49
2025-07-25T08:16:29.686546,AIXBT-USDT,0.13963,0.13978,1023.338,2864.816
2025-07-25T08:16:29.725468,ADA-USDT,0.7977,0.7978,11339.8885,10.0
2025-07-25T08:16:29.763169,ANIME-USDT,0.01863,0.01864,26408.32,1210.36
2025-07-25T08:16:29.798511,AIXBT-USDT,0.13964,0.13977,1023.338,2553.617
2025-07-25T08:16:29.868114,ADA-USDT,0.7978,0.7979,5078.4945,10.8279
2025-07-25T08:16:29.899480,ALGO-USDT,0.2576,0.2577,3685.60017,776.096236
2025-07-25T08:16:29.911292,AIXBT-USDT,0.13965,0.13976,1023.338,33.617
2025-07-25T08:16:29.911337,ACH-USDT,0.0216,0.02162,3907.01,462.52
2025-07-25T08:16:29.911730,1INCH-USDT,0.273,0.2732,990.171868,184.413299
2025-07-25T08:16:29.963543,AAVE-USDT,287.21,287.22,0.25713,0.025
2025-07-25T08:16:29.990022,ACT-USDT,0.04402,0.04407,1300.0,5336.158
2025-07-25T08:16:30.003681,ADA-USDT,0.7978,0.7979,7536.8064,10.8279
2025-07-25T08:16:30.007077,AEVO-USDT,0.10449,0.10457,441.0,581.7002
2025-07-25T08:16:30.050435,ACH-USDT,0.0216,0.02162,31452.01,462.52
2025-07-25T08:16:30.053222,A-USDT,0.559,0.5593,246.86,1709.69
2025-07-25T08:16:30.057219,1INCH-USDT,0.273,0.2732,1510.171868,22.413299
2025-07-25T08:16:30.058775,ACE-USDT,0.5608,0.5614,112.618,338.9896
2025-07-25T08:16:30.058988,AIXBT-USDT,0.13966,0.13976,1023.338,33.617
2025-07-25T08:16:30.087518,AAVE-USDT,287.21,287.22,0.25713,0.01
2025-07-25T08:16:30.097599,ACT-USDT,0.04403,0.04407,1300.0,1521.252
2025-07-25T08:16:30.098261,ADA-USDT,0.7979,0.798,1783.9768,115.0749
2025-07-25T08:16:30.105519,AEVO-USDT,0.10449,0.10457,441.0,103.5516
2025-07-25T08:16:30.152602,AIXBT-USDT,0.13967,0.13972,1023.338,1375.864
2025-07-25T08:16:30.153917,A-USDT,0.5592,0.5593,121.5,357.68
2025-07-25T08:16:30.189044,AAVE-USDT,287.21,287.22,0.34294,0.01
2025-07-25T08:16:30.217154,AEVO-USDT,0.1045,0.10457,179.0,103.5516
2025-07-25T08:16:30.220927,ADA-USDT,0.7979,0.798,1355.2188,102.7354
2025-07-25T08:16:30.263228,A-USDT,0.5592,0.5593,121.5,972.68
2025-07-25T08:16:30.294685,AAVE-USDT,287.21,287.22,1.35294,0.01
2025-07-25T08:16:30.345032,ADA-USDT,0.7979,0.798,1200.8226,705.48
2025-07-25T08:16:30.355694,ACT-USDT,0.04406,0.04411,3003.612,9076.469
2025-07-25T08:16:30.355734,ANIME-USDT,0.01863,0.01864,102120.55,10.36
2025-07-25T08:16:30.387116,AGLD-USDT,0.7689,0.7697,11.018063,11.018063
2025-07-25T08:16:30.496201,AGLD-USDT,0.7689,0.7696,11.018063,11.018063
2025-07-25T08:16:30.503393,A-USDT,0.5591,0.5593,439.08,972.68
2025-07-25T08:16:30.553887,1INCH-USDT,0.2731,0.2732,162.0,22.413299
2025-07-25T08:16:30.559046,AAVE-USDT,287.21,287.28,1.35294,0.025
2025-07-25T08:16:30.572639,ADA-USDT,0.7979,0.798,1970.2103,31.662
2025-07-25T08:16:30.587179,AEVO-USDT,0.1045,0.10457,620.0,103.5516
2025-07-25T08:16:30.596717,AGLD-USDT,0.7689,0.7697,11.018063,11.018063
2025-07-25T08:16:30.661510,AIXBT-USDT,0.13968,0.13972,1023.338,1375.864
2025-07-25T08:16:30.661548,ACE-USDT,0.561,0.5614,31.8969,338.9896
2025-07-25T08:16:30.661579,A-USDT,0.5591,0.5593,439.08,615.0
2025-07-25T08:16:30.689531,ADA-USDT,0.7979,0.798,7670.8434,31.662
2025-07-25T08:16:30.694308,AAVE-USDT,287.27,287.28,0.51441,0.025
2025-07-25T08:16:30.698232,AEVO-USDT,0.10451,0.10457,441.0,103.5516
2025-07-25T08:16:30.724067,ALGO-USDT,0.2576,0.2577,3685.60017,1055.096236
2025-07-25T08:16:30.761853,ACH-USDT,0.02161,0.02163,9706.52,462.42
2025-07-25T08:16:30.792606,ADA-USDT,0.7979,0.798,5116.9615,109.0535
2025-07-25T08:16:30.793252,AAVE-USDT,287.23,287.28,0.098681,0.835
2025-07-25T08:16:30.800771,ACE-USDT,0.561,0.5614,33.4144,338.9896
2025-07-25T08:16:30.801295,AEVO-USDT,0.10452,0.10457,179.0,103.5516
2025-07-25T08:16:30.897334,ADA-USDT,0.7979,0.798,7679.9387,31.662
2025-07-25T08:16:30.912987,ACE-USDT,0.561,0.5614,33.4144,338.9896
2025-07-25T08:16:31.005630,ADA-USDT,0.7979,0.798,8055.8873,31.662
2025-07-25T08:16:31.020431,1INCH-USDT,0.273,0.2732,1509.527774,184.413299
2025-07-25T08:16:31.086481,AAVE-USDT,287.22,287.28,0.01,0.835
2025-07-25T08:16:31.107019,AGLD-USDT,0.7689,0.7696,11.018063,11.015914
2025-07-25T08:16:31.107067,AEVO-USDT,0.10451,0.10457,179.0,103.5516
2025-07-25T08:16:31.110706,ADA-USDT,0.7979,0.798,300.8226,1676.4738
2025-07-25T08:16:31.111372,AIXBT-USDT,0.13963,0.13972,1023.338,1375.864
2025-07-25T08:16:31.114137,ACT-USDT,0.04406,0.04411,3003.612,11076.469
2025-07-25T08:16:31.155831,ACE-USDT,0.561,0.5614,31.8969,338.9896
2025-07-25T08:16:31.192458,AAVE-USDT,287.22,287.27,0.01,1.11
2025-07-25T08:16:31.249614,ADA-USDT,0.7979,0.798,1576.7793,776.4738
2025-07-25T08:16:31.291501,AAVE-USDT,287.22,287.27,0.82,1.11
2025-07-25T08:16:31.354536,AGLD-USDT,0.7691,0.7698,11.018063,50.0
2025-07-25T08:16:31.364409,AIXBT-USDT,0.13964,0.13972,1023.338,1375.864
2025-07-25T08:16:31.375760,ADA-USDT,0.7979,0.798,4999.2324,31.662
2025-07-25T08:16:31.432516,AAVE-USDT,287.22,287.27,0.01,1.11
2025-07-25T08:16:31.443596,1INCH-USDT,0.273,0.2732,1290.171868,184.413299
2025-07-25T08:16:31.480943,AGLD-USDT,0.7691,0.7697,11.018063,11.018063
2025-07-25T08:16:31.487849,ALGO-USDT,0.2576,0.2577,3685.60017,279.0
2025-07-25T08:16:31.495576,ADA-USDT,0.7979,0.798,9874.1267,31.662
2025-07-25T08:16:31.551383,AAVE-USDT,287.23,287.27,0.265102,1.11
2025-07-25T08:16:31.590663,AGLD-USDT,0.7691,0.7698,11.018063,50.0
2025-07-25T08:16:31.603072,AIXBT-USDT,0.13965,0.13972,1023.338,1375.864
2025-07-25T08:16:31.688502,ACE-USDT,0.561,0.5614,33.4144,338.9896
2025-07-25T08:16:31.694943,AAVE-USDT,287.23,287.26,0.17142,0.3
2025-07-25T08:16:31.696818,ALGO-USDT,0.2576,0.2577,4185.60017,279.0
2025-07-25T08:16:31.748455,AIXBT-USDT,0.13966,0.13972,1023.338,1375.864
2025-07-25T08:16:31.791210,1INCH-USDT,0.273,0.2732,1510.171868,184.413299
2025-07-25T08:16:31.844334,AGLD-USDT,0.7692,0.7698,11.015199,50.0
2025-07-25T08:16:31.845009,ALGO-USDT,0.2576,0.2577,3685.60017,279.0
2025-07-25T08:16:31.847305,AAVE-USDT,287.22,287.26,0.01,1.11
2025-07-25T08:16:31.864119,ADA-USDT,0.7979,0.798,10199.8655,31.662
2025-07-25T08:16:31.894480,ACE-USDT,0.561,0.5614,31.8969,338.9896
2025-07-25T08:16:31.957073,AAVE-USDT,287.22,287.23,0.01,1.287176
2025-07-25T08:16:31.957309,AGLD-USDT,0.7691,0.7698,11.018063,50.0
2025-07-25T08:16:31.961942,AIXBT-USDT,0.13962,0.13972,310.0,1375.864
2025-07-25T08:16:31.967265,A-USDT,0.5591,0.5593,313.74,615.0
2025-07-25T08:16:31.971725,ADA-USDT,0.7979,0.798,6292.9182,21.662
2025-07-25T08:16:31.972891,ALGO-USDT,0.2575,0.2577,8811.592178,817.79756
2025-07-25T08:16:32.004897,1INCH-USDT,0.273,0.2732,1210.171868,484.413299
2025-07-25T08:16:32.006180,AEVO-USDT,0.1045,0.10457,241.568,103.5516
2025-07-25T08:16:32.006980,ACT-USDT,0.04405,0.0441,3131.068,9273.0
2025-07-25T08:16:32.016576,ACE-USDT,0.5609,0.5614,50.0,338.9896
2025-07-25T08:16:32.055578,AGLD-USDT,0.7691,0.7697,11.018063,61.014483
2025-07-25T08:16:32.097879,ADA-USDT,0.7979,0.798,3674.8943,21.662
2025-07-25T08:16:32.100242,AIXBT-USDT,0.1396,0.13977,310.0,2520.0
2025-07-25T08:16:32.157259,ACT-USDT,0.04405,0.0441,3003.612,9273.0
2025-07-25T08:16:32.158894,AEVO-USDT,0.10449,0.10457,241.568,544.5516
2025-07-25T08:16:32.198807,A-USDT,0.5591,0.5593,313.74,795.0
2025-07-25T08:16:32.199973,ADA-USDT,0.7979,0.798,3816.9615,21.662
2025-07-25T08:16:32.204526,AIXBT-USDT,0.13961,0.13976,1023.338,33.617
2025-07-25T08:16:32.251119,AAVE-USDT,287.22,287.23,0.01,2.849656
2025-07-25T08:16:32.353711,AIXBT-USDT,0.13962,0.13976,1023.338,33.617
2025-07-25T08:16:32.353753,ADA-USDT,0.7979,0.798,818.8162,21.662
2025-07-25T08:16:32.397238,ACT-USDT,0.04405,0.0441,3003.612,7973.0
2025-07-25T08:16:32.474158,ADA-USDT,0.7978,0.7979,1235.0,1582.7027
2025-07-25T08:16:32.493862,AIXBT-USDT,0.13962,0.13976,1023.338,2713.425
2025-07-25T08:16:32.495275,A-USDT,0.559,0.5592,160.59,78.3
2025-07-25T08:16:32.576038,ADA-USDT,0.7977,0.7979,971.6958,4863.0886
2025-07-25T08:16:32.586707,AAVE-USDT,287.16,287.22,0.01,2.300041
2025-07-25T08:16:32.600114,ANIME-USDT,0.01863,0.01864,280.98,2788.82
2025-07-25T08:16:32.601674,AEVO-USDT,0.10449,0.10456,62.568,441.0
2025-07-25T08:16:32.603076,AIXBT-USDT,0.1396,0.13976,1023.338,2679.808
2025-07-25T08:16:32.603124,ACE-USDT,0.5608,0.5614,50.0,338.9896
2025-07-25T08:16:32.603905,1INCH-USDT,0.273,0.2732,828.171868,1390.628273
2025-07-25T08:16:32.604186,A-USDT,0.559,0.5592,35.23,203.68
2025-07-25T08:16:32.606459,ACH-USDT,0.02161,0.02163,325.77,462.42
2025-07-25T08:16:32.658459,ALGO-USDT,0.2575,0.2577,7535.194663,3034.61116
2025-07-25T08:16:32.680078,ADA-USDT,0.7977,0.7978,15.0,4858.774
2025-07-25T08:16:32.690920,AAVE-USDT,287.16,287.18,0.01,0.78124
2025-07-25T08:16:32.698765,A-USDT,0.5589,0.5591,355.78,78.3
2025-07-25T08:16:32.700045,AEVO-USDT,0.10448,0.10455,63.1022,441.0
2025-07-25T08:16:32.700660,ACH-USDT,0.02161,0.02163,325.77,2062.42
2025-07-25T08:16:32.700717,1INCH-USDT,0.273,0.2731,36.623328,162.0
2025-07-25T08:16:32.701194,AIXBT-USDT,0.13956,0.1397,310.0,554.407
2025-07-25T08:16:32.709743,ACT-USDT,0.04405,0.0441,3003.612,10677.718
2025-07-25T08:16:32.709820,ANIME-USDT,0.01862,0.01864,33516.63,6478.82
2025-07-25T08:16:32.767540,ALGO-USDT,0.2575,0.2577,7535.194663,4789.89492
2025-07-25T08:16:32.767584,AGLD-USDT,0.7688,0.7695,11.074583,61.018063
2025-07-25T08:16:32.787314,ADA-USDT,0.7976,0.7977,414.0001,1895.2028
2025-07-25T08:16:32.792529,AAVE-USDT,287.16,287.18,0.01,1.08124
2025-07-25T08:16:32.803430,AEVO-USDT,0.10446,0.10454,63.1414,441.0
2025-07-25T08:16:32.814606,AIXBT-USDT,0.13957,0.13971,1023.338,33.617
2025-07-25T08:16:32.814901,ACE-USDT,0.5607,0.5613,56.3745,33.6243
2025-07-25T08:16:32.898302,AGLD-USDT,0.7688,0.7694,11.074583,61.018063
2025-07-25T08:16:32.898342,ADA-USDT,0.7976,0.7977,2699.8314,405.1669
2025-07-25T08:16:32.904090,ACT-USDT,0.04405,0.0441,3003.612,9273.0
2025-07-25T08:16:32.959553,AIXBT-USDT,0.13957,0.13963,1023.338,1948.478
2025-07-25T08:16:32.959601,ACE-USDT,0.5607,0.5613,27.6466,33.6243
2025-07-25T08:16:33.001275,ADA-USDT,0.7978,0.7979,142.1154,1574.2123
2025-07-25T08:16:33.001586,AAVE-USDT,287.13,287.18,0.34294,1.08124
2025-07-25T08:16:33.050706,AEVO-USDT,0.10446,0.10453,63.1414,441.0
2025-07-25T08:16:33.055707,ACT-USDT,0.04405,0.04409,1703.612,16036.947
2025-07-25T08:16:33.055744,ANIME-USDT,0.01862,0.01864,29826.63,6478.82
2025-07-25T08:16:33.096979,ACE-USDT,0.5607,0.5612,27.6466,34.0729
2025-07-25T08:16:33.107252,ADA-USDT,0.7977,0.7978,3674.8943,1881.5539
2025-07-25T08:16:33.112291,AAVE-USDT,287.1,287.18,0.01,1.378184
2025-07-25T08:16:33.163277,AEVO-USDT,0.10443,0.10452,179.0,504.2184
2025-07-25T08:16:33.175739,ACT-USDT,0.04404,0.04409,3003.612,16036.947
2025-07-25T08:16:33.175778,ANIME-USDT,0.01862,0.01864,4259.64,6478.82
2025-07-25T08:16:33.176260,ALGO-USDT,0.2574,0.2576,15404.706612,1317.79756
2025-07-25T08:16:33.197613,A-USDT,0.5589,0.559,355.78,78.3
2025-07-25T08:16:33.198669,1INCH-USDT,0.2729,0.2731,1209.541192,191.05607
2025-07-25T08:16:33.203295,ACE-USDT,0.5605,0.5611,50.0,34.0598
2025-07-25T08:16:33.203431,AIXBT-USDT,0.13955,0.13961,1023.338,1948.655
2025-07-25T08:16:33.217202,ADA-USDT,0.7976,0.7977,20.0,4857.6508
2025-07-25T08:16:33.266120,AAVE-USDT,287.1,287.14,0.01,1.17186
2025-07-25T08:16:33.298580,ACT-USDT,0.04404,0.04408,1703.612,16314.543
2025-07-25T08:16:33.298619,AEVO-USDT,0.10443,0.10451,179.0,542.3751
2025-07-25T08:16:33.314297,A-USDT,0.5587,0.559,626.2,203.06
2025-07-25T08:16:33.327027,ADA-USDT,0.7975,0.7977,1375.0212,4857.6508
2025-07-25T08:16:33.360978,ACE-USDT,0.5604,0.5611,66.0,34.0598
2025-07-25T08:16:33.366368,AAVE-USDT,287.1,287.11,0.01,2.263892
2025-07-25T08:16:33.399913,AGLD-USDT,0.7686,0.7692,11.078905,50.0
2025-07-25T08:16:33.401080,ALGO-USDT,0.2574,0.2576,14904.706612,1317.79756
2025-07-25T08:16:33.412142,ANIME-USDT,0.01862,0.01864,17889.5,6478.82
2025-07-25T08:16:33.412683,AEVO-USDT,0.10443,0.10451,179.0,688.635
2025-07-25T08:16:33.418949,A-USDT,0.5587,0.5589,626.2,78.3
2025-07-25T08:16:33.427366,ADA-USDT,0.7974,0.7975,1829.5277,2002.7446
2025-07-25T08:16:33.483353,ACE-USDT,0.5603,0.5607,100.2387,81.8494
2025-07-25T08:16:33.556063,ALGO-USDT,0.2574,0.2576,4757.813297,3034.61116
2025-07-25T08:16:33.557591,ANIME-USDT,0.01861,0.01863,107523.41,80621.39
2025-07-25T08:16:33.564051,AIXBT-USDT,0.13951,0.13961,310.0,1948.655
2025-07-25T08:16:33.590588,AEVO-USDT,0.10443,0.1045,179.0,441.0
2025-07-25T08:16:33.593160,1INCH-USDT,0.2729,0.2731,1047.541192,191.05607
2025-07-25T08:16:33.648953,ADA-USDT,0.7974,0.7975,35.0,5370.255
2025-07-25T08:16:33.677445,AIXBT-USDT,0.13946,0.13965,310.0,2866.561
2025-07-25T08:16:33.681536,AGLD-USDT,0.7685,0.7691,11.078905,141.778075
2025-07-25T08:16:33.682007,ANIME-USDT,0.01861,0.01863,120301.87,134885.04
2025-07-25T08:16:33.684028,ALGO-USDT,0.2573,0.2575,4008.995002,817.79756
2025-07-25T08:16:33.688527,AAVE-USDT,287.04,287.11,0.01,6.695493
2025-07-25T08:16:33.702637,ACE-USDT,0.5603,0.5607,34.2387,81.8494
2025-07-25T08:16:33.753830,ADA-USDT,0.7974,0.7975,1062.0976,602.7446
2025-07-25T08:16:33.786669,A-USDT,0.5586,0.5589,668.28,203.08
2025-07-25T08:16:33.787922,ALGO-USDT,0.2573,0.2575,4785.995779,817.79756
2025-07-25T08:16:33.787983,AAVE-USDT,287.04,287.09,0.01,1.264276
2025-07-25T08:16:33.788630,AIXBT-USDT,0.13947,0.13964,1023.338,33.617
2025-07-25T08:16:33.801710,ACT-USDT,0.04403,0.04407,4016.319,1405.432
2025-07-25T08:16:33.897014,AGLD-USDT,0.7685,0.7691,11.078905,130.773802
2025-07-25T08:16:33.897052,ALGO-USDT,0.2573,0.2575,4785.995779,1547.79756
2025-07-25T08:16:33.897291,AAVE-USDT,287.04,287.08,0.01,1.56248
2025-07-25T08:16:33.990991,1INCH-USDT,0.2729,0.2731,1047.541192,491.05607
2025-07-25T08:16:33.999641,ALGO-USDT,0.2573,0.2575,4785.995779,817.79756
2025-07-25T08:16:34.001226,AIXBT-USDT,0.13949,0.13964,1023.338,2520.0
2025-07-25T08:16:34.028679,AEVO-USDT,0.10442,0.1045,63.1414,504.2002
2025-07-25T08:16:34.031327,ACT-USDT,0.04402,0.04406,2705.751,4270.674
2025-07-25T08:16:34.108472,AIXBT-USDT,0.13949,0.13963,1023.338,33.617
2025-07-25T08:16:34.111989,ALGO-USDT,0.2574,0.2575,279.0,817.79756
2025-07-25T08:16:34.155520,ACT-USDT,0.04402,0.04406,3523.936,4270.674
2025-07-25T08:16:34.155562,AEVO-USDT,0.10442,0.1045,242.1414,1461.138
2025-07-25T08:16:34.239674,ALGO-USDT,0.2573,0.2575,4785.995779,817.79756
2025-07-25T08:16:34.253247,AIXBT-USDT,0.1395,0.13963,1023.338,33.617
2025-07-25T08:16:34.364581,AIXBT-USDT,0.1395,0.13955,1023.338,1625.398
2025-07-25T08:16:34.364621,ACT-USDT,0.04403,0.04406,1402.986,4270.674
2025-07-25T08:16:34.380845,AAVE-USDT,287.04,287.07,0.01,0.3
2025-07-25T08:16:34.518432,ADA-USDT,0.7975,0.7976,8850.8547,10.0
2025-07-25T08:16:34.574195,AEVO-USDT,0.10443,0.1045,544.5566,63.2002
2025-07-25T08:16:34.574233,ANIME-USDT,0.01861,0.01863,166323.65,71140.38
2025-07-25T08:16:34.596144,ALGO-USDT,0.2574,0.2576,1765.8136,2821.57222
2025-07-25T08:16:34.596182,AGLD-USDT,0.7685,0.7691,11.078905,80.773802
2025-07-25T08:16:34.599460,AAVE-USDT,287.06,287.1,0.81,0.01
2025-07-25T08:16:34.604157,1INCH-USDT,0.2729,0.2731,1807.2079,29.05607
2025-07-25T08:16:34.604198,A-USDT,0.5587,0.5589,148.76,124.78
2025-07-25T08:16:34.606946,AIXBT-USDT,0.13951,0.1396,1023.338,1624.875
2025-07-25T08:16:34.626890,ADA-USDT,0.7976,0.7977,4018.4142,602.7446
2025-07-25T08:16:34.684452,AEVO-USDT,0.10444,0.1045,620.0,63.2002
2025-07-25T08:16:34.685597,ACT-USDT,0.04403,0.04406,2702.986,4270.674
2025-07-25T08:16:34.685635,ANIME-USDT,0.01861,0.01863,166323.65,27814.46
2025-07-25T08:16:34.747088,ALGO-USDT,0.2574,0.2576,4359.296598,1009.0
2025-07-25T08:16:34.749275,AIXBT-USDT,0.13956,0.13971,1333.338,554.247
2025-07-25T08:16:34.749319,ACE-USDT,0.5603,0.5609,34.2387,34.6331
2025-07-25T08:16:34.751309,AAVE-USDT,287.09,287.1,1.32441,0.01
2025-07-25T08:16:34.768398,ADA-USDT,0.7976,0.7978,5737.7943,10.0
2025-07-25T08:16:34.794239,AEVO-USDT,0.10446,0.10451,179.0,479.1567
2025-07-25T08:16:34.887630,ACE-USDT,0.5605,0.5612,83.5322,34.0729
2025-07-25T08:16:34.887669,AIXBT-USDT,0.13958,0.1397,1023.338,33.617
2025-07-25T08:16:34.892171,ADA-USDT,0.7977,0.7978,4716.9119,10.0
2025-07-25T08:16:34.896030,ANIME-USDT,0.01861,0.01863,194884.53,39932.91
2025-07-25T08:16:34.993166,AIXBT-USDT,0.13959,0.13977,1023.338,2864.713
2025-07-25T08:16:34.993310,A-USDT,0.5587,0.5589,191.96,124.78
2025-07-25T08:16:34.998627,ADA-USDT,0.7977,0.7978,3674.8943,982.2138
2025-07-25T08:16:35.001626,ALGO-USDT,0.2574,0.2576,3596.083471,1009.0
2025-07-25T08:16:35.001683,AEVO-USDT,0.10445,0.10451,179.0,479.1567
2025-07-25T08:16:35.057182,AAVE-USDT,287.12,287.13,0.51441,0.015
2025-07-25T08:16:35.101604,ADA-USDT,0.7977,0.7979,4939.2082,971.4677
2025-07-25T08:16:35.102918,AIXBT-USDT,0.13959,0.13976,1023.338,2873.617
2025-07-25T08:16:35.109344,ALGO-USDT,0.2574,0.2576,7221.345825,1009.0
2025-07-25T08:16:35.156469,AAVE-USDT,287.14,287.15,0.34294,0.3
2025-07-25T08:16:35.211636,ADA-USDT,0.7977,0.7978,3816.9029,1502.7446
2025-07-25T08:16:35.250907,AIXBT-USDT,0.13959,0.13976,310.0,2840.0
2025-07-25T08:16:35.257657,ACT-USDT,0.04404,0.04409,3521.084,11901.842
2025-07-25T08:16:35.262987,AEVO-USDT,0.10445,0.10454,683.0123,956.5716
2025-07-25T08:16:35.309073,ADA-USDT,0.7977,0.7978,3816.9029,602.7446
2025-07-25T08:16:35.365489,ACT-USDT,0.04404,0.04409,2702.899,11901.842
2025-07-25T08:16:35.365538,A-USDT,0.5587,0.559,367.64,124.76
2025-07-25T08:16:35.365572,AIXBT-USDT,0.1396,0.13975,504.8,33.617
2025-07-25T08:16:35.367810,AEVO-USDT,0.10446,0.10455,63.0033,441.0
2025-07-25T08:16:35.469964,1INCH-USDT,0.2729,0.2731,1047.541192,29.05607
2025-07-25T08:16:35.470005,AIXBT-USDT,0.13961,0.13975,4.8,33.617
2025-07-25T08:16:35.489498,AGLD-USDT,0.7685,0.7695,11.078905,10.981019
2025-07-25T08:16:35.551397,ADA-USDT,0.7977,0.7978,3816.9029,1502.7446
2025-07-25T08:16:35.594722,AGLD-USDT,0.7685,0.7693,11.078905,10.978163
2025-07-25T08:16:35.596093,AIXBT-USDT,0.13962,0.13975,1023.338,33.617
2025-07-25T08:16:35.599973,1INCH-USDT,0.273,0.2731,162.0,29.05607
2025-07-25T08:16:35.659762,ADA-USDT,0.7978,0.798,8417.4104,931.662
2025-07-25T08:16:35.664585,AAVE-USDT,287.15,287.16,0.784995,0.01
2025-07-25T08:16:35.689234,ACH-USDT,0.02161,0.02163,325.77,10888.56
2025-07-25T08:16:35.690539,AEVO-USDT,0.10447,0.10455,620.0,1397.4802
2025-07-25T08:16:35.696981,ACT-USDT,0.04404,0.04409,3521.084,2821.252
2025-07-25T08:16:35.697020,ANIME-USDT,0.01862,0.01863,26410.64,3059.44
2025-07-25T08:16:35.707650,AIXBT-USDT,0.13966,0.13975,1023.338,33.617
2025-07-25T08:16:35.707686,A-USDT,0.5588,0.559,78.3,124.76
2025-07-25T08:16:35.743995,AGLD-USDT,0.7687,0.7695,10.978163,27.981019
2025-07-25T08:16:35.744697,ALGO-USDT,0.2575,0.2577,779.0,7921.880779
2025-07-25T08:16:35.774444,AAVE-USDT,287.15,287.16,0.984995,0.01
2025-07-25T08:16:35.786130,ADA-USDT,0.7978,0.798,4756.4603,931.662
2025-07-25T08:16:35.801166,ACT-USDT,0.04405,0.04409,1300.0,1521.252
2025-07-25T08:16:35.801206,ANIME-USDT,0.01862,0.01864,98151.89,8878.82
2025-07-25T08:16:35.801514,AEVO-USDT,0.10447,0.10455,683.0213,956.4802
2025-07-25T08:16:35.849350,A-USDT,0.5587,0.559,367.64,124.76
2025-07-25T08:16:35.850155,AIXBT-USDT,0.13967,0.13975,1023.338,33.617
2025-07-25T08:16:35.876657,AGLD-USDT,0.7689,0.7695,10.978163,10.978163
2025-07-25T08:16:35.883678,AAVE-USDT,287.15,287.16,1.333227,0.01
2025-07-25T08:16:35.892513,ADA-USDT,0.7978,0.7979,20.0,4326.5292
2025-07-25T08:16:35.897070,ACH-USDT,0.02161,0.02163,325.77,2062.42
2025-07-25T08:16:35.951605,AEVO-USDT,0.10449,0.10456,620.0,103.5318
2025-07-25T08:16:35.953402,ANIME-USDT,0.01862,0.01864,98151.89,32491.32
2025-07-25T08:16:35.953440,ACT-USDT,0.04406,0.0441,1300.0,1521.252
2025-07-25T08:16:35.984702,AAVE-USDT,287.21,287.22,0.34294,0.01
2025-07-25T08:16:35.988393,1INCH-USDT,0.273,0.2731,462.0,29.05607
2025-07-25T08:16:35.988429,A-USDT,0.5588,0.559,121.5,124.76
2025-07-25T08:16:35.990978,AIXBT-USDT,0.13968,0.13976,1023.338,2840.0
2025-07-25T08:16:35.991029,ALGO-USDT,0.2575,0.2577,3082.607057,2907.682937
2025-07-25T08:16:35.998587,ADA-USDT,0.7977,0.7979,6350.1921,1901.7738
2025-07-25T08:16:36.001824,ACH-USDT,0.02161,0.02163,325.77,462.42
2025-07-25T08:16:36.087963,AAVE-USDT,287.21,287.28,1.35294,0.025
2025-07-25T08:16:36.088524,AEVO-USDT,0.1045,0.10456,441.0,103.5318
2025-07-25T08:16:36.090520,ALGO-USDT,0.2576,0.2577,279.0,309.0
2025-07-25T08:16:36.091146,ANIME-USDT,0.01862,0.01864,130602.27,6759.8
2025-07-25T08:16:36.094695,A-USDT,0.559,0.5592,121.5,78.3
2025-07-25T08:16:36.098204,1INCH-USDT,0.273,0.2732,498.623328,22.413299
2025-07-25T08:16:36.098243,AIXBT-USDT,0.13969,0.13976,1023.338,2840.0
2025-07-25T08:16:36.098271,ACE-USDT,0.5605,0.5612,99.5322,34.0729
2025-07-25T08:16:36.132085,ADA-USDT,0.7978,0.798,3498.683,1064.2533
2025-07-25T08:16:36.190994,ALGO-USDT,0.2576,0.2577,279.0,279.0
2025-07-25T08:16:36.194280,AAVE-USDT,287.27,287.28,0.34294,0.025
2025-07-25T08:16:36.197713,A-USDT,0.5591,0.5593,121.5,78.3
2025-07-25T08:16:36.199044,ACE-USDT,0.5605,0.5612,101.1169,34.0729
2025-07-25T08:16:36.199150,AIXBT-USDT,0.13971,0.13976,1023.338,2840.0
2025-07-25T08:16:36.260993,ADA-USDT,0.7979,0.798,4574.8943,108.017
2025-07-25T08:16:36.295426,ANIME-USDT,0.01863,0.01864,23629.86,3069.8
2025-07-25T08:16:36.299500,AAVE-USDT,287.27,287.28,0.34294,0.01
2025-07-25T08:16:36.361324,ADA-USDT,0.7979,0.798,5019.5935,31.662
2025-07-25T08:16:36.397505,ANIME-USDT,0.01863,0.01864,23629.86,2788.82
2025-07-25T08:16:36.457341,A-USDT,0.5591,0.5593,121.5,685.3
2025-07-25T08:16:36.474347,ADA-USDT,0.7979,0.798,8299.9794,31.662
2025-07-25T08:16:36.523587,ACT-USDT,0.04407,0.04411,1402.819,2587.954
2025-07-25T08:16:36.523716,ANIME-USDT,0.01863,0.01864,26410.64,10.36
2025-07-25T08:16:36.560111,AIXBT-USDT,0.13975,0.13976,937.872,2840.0
2025-07-25T08:16:36.560286,ACE-USDT,0.5606,0.5613,33.6746,33.6243
2025-07-25T08:16:36.560318,AGLD-USDT,0.7689,0.7696,10.978163,9.328089
2025-07-25T08:16:36.648878,ACT-USDT,0.04407,0.04412,2702.819,14910.07
2025-07-25T08:16:36.668362,AIXBT-USDT,0.13976,0.1398,1023.338,390.0
2025-07-25T08:16:36.668401,ACE-USDT,0.5608,0.5614,83.6746,420.0967
2025-07-25T08:16:36.788528,1INCH-USDT,0.273,0.2732,1509.527774,22.413299
2025-07-25T08:16:36.892634,AIXBT-USDT,0.13971,0.1398,1053.555,390.0
2025-07-25T08:16:36.892805,ACE-USDT,0.5608,0.5614,85.2593,420.0967
2025-07-25T08:16:36.893324,1INCH-USDT,0.2731,0.2732,162.0,22.413299
2025-07-25T08:16:36.893452,A-USDT,0.5591,0.5594,246.18,78.3
2025-07-25T08:16:36.910726,ADA-USDT,0.7979,0.7981,8926.5408,3264.0542
2025-07-25T08:16:36.923413,AGLD-USDT,0.7691,0.7698,11.019915,11.019915
2025-07-25T08:16:36.961281,ACH-USDT,0.02161,0.02163,3905.77,462.42
2025-07-25T08:16:36.994340,A-USDT,0.5592,0.5594,246.22,78.3
2025-07-25T08:16:36.997341,AEVO-USDT,0.10453,0.10458,620.0,63.1414
2025-07-25T08:16:37.002156,ACE-USDT,0.5609,0.5614,84.4069,420.0967
2025-07-25T08:16:37.002193,AIXBT-USDT,0.13972,0.1398,1333.338,390.0
2025-07-25T08:16:37.011268,ACT-USDT,0.04407,0.04412,5521.004,13610.07
2025-07-25T08:16:37.043573,AGLD-USDT,0.7691,0.7699,11.019915,11.019915
2025-07-25T08:16:37.046722,ADA-USDT,0.798,0.7981,1386.8808,18.1276
2025-07-25T08:16:37.046765,ALGO-USDT,0.2576,0.2578,2957.068236,3190.254419
2025-07-25T08:16:37.056347,AAVE-USDT,287.27,287.28,1.35294,0.01
2025-07-25T08:16:37.090143,ACH-USDT,0.02161,0.02163,11823.59,462.42
2025-07-25T08:16:37.102169,AEVO-USDT,0.10453,0.10459,620.0,63.1414
2025-07-25T08:16:37.153576,AIXBT-USDT,0.13974,0.1398,1023.338,2247.209
2025-07-25T08:16:37.153629,ACE-USDT,0.5609,0.5614,85.9916,420.0967
2025-07-25T08:16:37.167137,ADA-USDT,0.798,0.7981,1529.6765,18.1276
2025-07-25T08:16:37.171738,ALGO-USDT,0.2576,0.2578,2957.068236,2200.159251
2025-07-25T08:16:37.249314,AEVO-USDT,0.10454,0.10459,441.0,63.1414
2025-07-25T08:16:37.265741,AIXBT-USDT,0.13975,0.1398,1023.338,390.0
2025-07-25T08:16:37.287029,ADA-USDT,0.798,0.7981,1830.4991,18.1276
2025-07-25T08:16:37.366655,ACT-USDT,0.04407,0.04413,15998.66,19016.983
2025-07-25T08:16:37.391840,AGLD-USDT,0.7691,0.7698,11.019915,11.005247
2025-07-25T08:16:37.394166,AAVE-USDT,287.27,287.34,1.35294,0.025
2025-07-25T08:16:37.468592,AEVO-USDT,0.10456,0.10461,620.0,542.2981
2025-07-25T08:16:37.472575,ACT-USDT,0.04408,0.04412,1300.0,5705.095
2025-07-25T08:16:37.481650,ACE-USDT,0.5609,0.5614,51.5847,420.0967
2025-07-25T08:16:37.485514,A-USDT,0.5592,0.5594,246.22,601.0
2025-07-25T08:16:37.485539,1INCH-USDT,0.2731,0.2733,418.60992,198.623328
2025-07-25T08:16:37.493706,ADA-USDT,0.798,0.7981,5269.5073,18.1276
2025-07-25T08:16:37.499636,AAVE-USDT,287.33,287.34,0.51441,0.025
2025-07-25T08:16:37.590501,ADA-USDT,0.798,0.7982,5769.5073,20.568
2025-07-25T08:16:37.595512,A-USDT,0.5592,0.5595,246.22,78.3
2025-07-25T08:16:37.607132,ALGO-USDT,0.2576,0.2578,7082.33059,604.75862
2025-07-25T08:16:37.649028,AAVE-USDT,287.33,287.34,0.51441,0.01
2025-07-25T08:16:37.701894,ADA-USDT,0.7981,0.7982,3674.8943,996.4101
2025-07-25T08:16:37.763011,AAVE-USDT,287.33,287.34,1.32441,0.01
2025-07-25T08:16:37.799409,ADA-USDT,0.7981,0.7982,3674.8943,96.4101
2025-07-25T08:16:37.910851,A-USDT,0.5593,0.5595,121.5,78.3
2025-07-25T08:16:37.950243,ACT-USDT,0.04409,0.04413,1300.0,1521.252
2025-07-25T08:16:37.952100,ADA-USDT,0.7981,0.7982,4759.0294,20.568
2025-07-25T08:16:37.965779,1INCH-USDT,0.2731,0.2733,718.60992,198.623328
2025-07-25T08:16:38.002994,AGLD-USDT,0.7691,0.7699,11.019915,11.019915
2025-07-25T08:16:38.050154,AIXBT-USDT,0.13976,0.1398,1023.338,390.0
2025-07-25T08:16:38.052499,ACH-USDT,0.02161,0.02163,16823.59,462.42
2025-07-25T08:16:38.172899,ADA-USDT,0.7981,0.7982,3975.7169,1001.733
2025-07-25T08:16:38.181441,A-USDT,0.5593,0.5595,121.5,258.3
2025-07-25T08:16:38.242543,AAVE-USDT,287.33,287.34,0.51441,0.01
2025-07-25T08:16:38.289053,A-USDT,0.5593,0.5595,121.5,78.3
2025-07-25T08:16:38.293522,ADA-USDT,0.7981,0.7982,4118.5457,20.568
2025-07-25T08:16:38.389480,A-USDT,0.5593,0.5595,246.22,679.3
2025-07-25T08:16:38.389522,AIXBT-USDT,0.13976,0.13982,1023.338,2120.0
2025-07-25T08:16:38.400901,ADA-USDT,0.7981,0.7984,7398.9316,5536.3177
2025-07-25T08:16:38.465811,AGLD-USDT,0.7692,0.77,11.005247,645.968875
2025-07-25T08:16:38.468374,ALGO-USDT,0.2577,0.2578,779.0,604.75862
2025-07-25T08:16:38.469402,AAVE-USDT,287.33,287.34,1.32441,0.01
2025-07-25T08:16:38.491340,AIXBT-USDT,0.13976,0.1398,1023.338,1821.81
2025-07-25T08:16:38.499872,ANIME-USDT,0.01862,0.01864,67782.28,15421.73
2025-07-25T08:16:38.499910,ACT-USDT,0.04409,0.04414,1300.0,11891.546
2025-07-25T08:16:38.501160,ADA-USDT,0.7983,0.7984,900.0,41.8871
2025-07-25T08:16:38.589269,ALGO-USDT,0.2577,0.2578,279.0,279.0
2025-07-25T08:16:38.593944,AGLD-USDT,0.7692,0.77,11.005247,150.0
2025-07-25T08:16:38.602110,ANIME-USDT,0.01863,0.01864,26410.64,10.36
2025-07-25T08:16:38.602159,A-USDT,0.5593,0.5595,246.22,601.0
2025-07-25T08:16:38.612009,ADA-USDT,0.7983,0.7984,4574.8943,644.6317
2025-07-25T08:16:38.612047,AEVO-USDT,0.10457,0.10461,441.0,542.2981
2025-07-25T08:16:38.612078,AIXBT-USDT,0.13977,0.13986,1023.338,3.234
2025-07-25T08:16:38.691988,1INCH-USDT,0.2732,0.2734,418.60322,2147.513884
2025-07-25T08:16:38.705373,AAVE-USDT,287.33,287.34,1.52441,0.01
2025-07-25T08:16:38.752653,AIXBT-USDT,0.13978,0.13986,1023.338,3.234
2025-07-25T08:16:38.791272,1INCH-USDT,0.2732,0.2734,418.60322,1285.160057
2025-07-25T08:16:38.819953,AGLD-USDT,0.7692,0.7693,11.005247,11.005
2025-07-25T08:16:38.863943,ADA-USDT,0.7983,0.7984,3674.8943,644.6317
2025-07-25T08:16:38.998705,AEVO-USDT,0.10453,0.1046,179.0,62.7431
2025-07-25T08:16:39.358004,ACE-USDT,0.5609,0.5614,50.0,420.0967
2025-07-25T08:16:39.359112,1INCH-USDT,0.2732,0.2734,36.60322,2486.153797
2025-07-25T08:16:39.364335,AAVE-USDT,287.31,287.34,0.093682,0.01
2025-07-25T08:16:39.404371,AGLD-USDT,0.7689,0.7693,10.978163,11.005
2025-07-25T08:16:39.409406,ADA-USDT,0.7982,0.7984,920.0,5592.671
2025-07-25T08:16:39.409443,ALGO-USDT,0.2576,0.2578,7082.33059,279.0
2025-07-25T08:16:39.459450,1INCH-USDT,0.2732,0.2733,36.60322,162.0
2025-07-25T08:16:39.468937,AAVE-USDT,287.29,287.33,0.098681,0.81
2025-07-25T08:16:39.489743,AIXBT-USDT,0.13974,0.13983,310.0,1619.054
2025-07-25T08:16:39.495454,A-USDT,0.5593,0.5595,121.5,601.0
2025-07-25T08:16:39.495499,AEVO-USDT,0.10452,0.1046,620.0,62.7431
2025-07-25T08:16:39.497542,ANIME-USDT,0.01863,0.01864,23629.86,2791.14
2025-07-25T08:16:39.554877,ADA-USDT,0.7983,0.7984,4180.3859,41.8871
2025-07-25T08:16:39.576096,ACE-USDT,0.5609,0.5613,50.0,35.1007
2025-07-25T08:16:39.593402,AIXBT-USDT,0.13975,0.13983,1023.338,1619.054
2025-07-25T08:16:39.627827,AGLD-USDT,0.769,0.7693,10.946481,11.005
2025-07-25T08:16:39.662553,ADA-USDT,0.7983,0.7984,8298.6252,41.8871
2025-07-25T08:16:39.696681,AIXBT-USDT,0.13977,0.13986,1023.338,36.851
2025-07-25T08:16:39.732441,AAVE-USDT,287.32,287.34,0.17142,0.01
2025-07-25T08:16:39.844307,ALGO-USDT,0.2576,0.2578,7858.426825,279.0
2025-07-25T08:16:39.845650,AAVE-USDT,287.32,287.34,0.34294,0.01
2025-07-25T08:16:39.849972,A-USDT,0.5593,0.5595,121.5,781.0
2025-07-25T08:16:39.853027,AIXBT-USDT,0.13978,0.13986,1023.338,36.851
2025-07-25T08:16:39.892037,ADA-USDT,0.7983,0.7984,4574.8943,644.6317
2025-07-25T08:16:39.980891,ACT-USDT,0.04409,0.04414,1300.0,13298.408
2025-07-25T08:16:39.983945,AEVO-USDT,0.10452,0.1046,620.0,503.7431
2025-07-25T08:16:39.986966,AAVE-USDT,287.3,287.34,0.098681,0.82
2025-07-25T08:16:39.989330,AIXBT-USDT,0.13978,0.13986,1023.338,3.234
2025-07-25T08:16:40.000002,ADA-USDT,0.7983,0.7984,874.2,728.8986
2025-07-25T08:16:40.092470,AAVE-USDT,287.32,287.33,0.17152,0.3
2025-07-25T08:16:40.098849,AIXBT-USDT,0.13973,0.13982,810.0,1024.448
2025-07-25T08:16:40.099695,ADA-USDT,0.7983,0.7984,874.2,1144.6317
2025-07-25T08:16:40.161127,ALGO-USDT,0.2576,0.2578,6582.33059,279.0
2025-07-25T08:16:40.192524,ANIME-USDT,0.01863,0.01864,13629.86,2791.14
2025-07-25T08:16:40.194809,AEVO-USDT,0.10451,0.1046,241.7634,503.7431
2025-07-25T08:16:40.195380,1INCH-USDT,0.2731,0.2733,1209.514366,191.273812
2025-07-25T08:16:40.196137,AAVE-USDT,287.29,287.33,0.270201,0.3
2025-07-25T08:16:40.196484,ACE-USDT,0.5608,0.5613,50.0,35.1007
2025-07-25T08:16:40.199166,ACH-USDT,0.02161,0.02163,11823.59,462.42
2025-07-25T08:16:40.217382,ADA-USDT,0.7982,0.7983,1959.6722,602.7446
2025-07-25T08:16:40.218942,AIXBT-USDT,0.13972,0.13986,310.0,3.234
2025-07-25T08:16:40.270952,ALGO-USDT,0.2576,0.2578,6595.213698,279.0
2025-07-25T08:16:40.294073,AAVE-USDT,287.31,287.33,0.34294,0.3
2025-07-25T08:16:40.300619,AEVO-USDT,0.10451,0.10459,241.7634,62.9312
2025-07-25T08:16:40.304613,ANIME-USDT,0.01863,0.01865,13629.86,42457.84
2025-07-25T08:16:40.363962,AIXBT-USDT,0.13975,0.13986,4.772,36.851
2025-07-25T08:16:40.367229,ADA-USDT,0.7982,0.7983,1707.6504,602.7446
2025-07-25T08:16:40.391926,ALGO-USDT,0.2576,0.2578,7358.426825,279.0
2025-07-25T08:16:40.419205,ANIME-USDT,0.01863,0.01865,16410.64,75173.98
2025-07-25T08:16:40.419241,AEVO-USDT,0.10451,0.10459,682.7634,62.9312
2025-07-25T08:16:40.459987,1INCH-USDT,0.2732,0.2733,36.60322,191.273812
2025-07-25T08:16:40.475694,ADA-USDT,0.7983,0.7984,5011.2813,41.8871
2025-07-25T08:16:40.490986,AGLD-USDT,0.769,0.7697,10.946481,10.945769
2025-07-25T08:16:40.493696,ALGO-USDT,0.2576,0.2578,6595.213698,279.0
2025-07-25T08:16:40.498977,AIXBT-USDT,0.13973,0.13986,504.772,36.851
2025-07-25T08:16:40.500135,A-USDT,0.5593,0.5595,121.5,601.0
2025-07-25T08:16:40.503545,ANIME-USDT,0.01863,0.01865,16410.64,75454.96
2025-07-25T08:16:40.563315,AAVE-USDT,287.32,287.34,0.17152,0.01
2025-07-25T08:16:40.565926,1INCH-USDT,0.2732,0.2733,36.60322,29.273812
2025-07-25T08:16:40.591075,ADA-USDT,0.7983,0.7984,4574.8943,541.8871
2025-07-25T08:16:40.596709,ALGO-USDT,0.2576,0.2578,7095.213698,279.0
2025-07-25T08:16:40.609831,A-USDT,0.5593,0.5595,121.5,781.0
2025-07-25T08:16:40.618193,AIXBT-USDT,0.13976,0.13986,4.772,36.851
2025-07-25T08:16:40.647839,ANIME-USDT,0.01863,0.01865,26410.64,75454.96
2025-07-25T08:16:40.658607,AAVE-USDT,287.3,287.32,0.098681,0.3
2025-07-25T08:16:40.704155,ADA-USDT,0.7983,0.7984,3674.8943,1441.8871
2025-07-25T08:16:40.749293,ALGO-USDT,0.2576,0.2578,7858.426825,279.0
2025-07-25T08:16:40.749334,AGLD-USDT,0.7689,0.769,10.978163,0.058519
2025-07-25T08:16:40.854735,AIXBT-USDT,0.13974,0.13986,4.772,36.851
2025-07-25T08:16:40.907086,1INCH-USDT,0.2732,0.2733,36.60322,488.556776
2025-07-25T08:16:40.951920,AAVE-USDT,287.28,287.31,0.01,1.11
2025-07-25T08:16:40.951960,ADA-USDT,0.7983,0.7984,3674.8943,4842.4349
2025-07-25T08:16:40.994550,ALGO-USDT,0.2576,0.2578,4496.377598,279.0
2025-07-25T08:16:41.062991,AAVE-USDT,287.29,287.31,0.098681,0.3
2025-07-25T08:16:41.073079,ADA-USDT,0.7982,0.7983,799.1766,1102.7446
2025-07-25T08:16:41.092169,AIXBT-USDT,0.13973,0.13986,4.772,36.851
2025-07-25T08:16:41.102836,ACT-USDT,0.04408,0.04413,1300.0,12627.759
2025-07-25T08:16:41.105886,ALGO-USDT,0.2576,0.2578,2957.068236,1995.8136
2025-07-25T08:16:41.200823,ADA-USDT,0.7982,0.7983,25.0,2002.7446
2025-07-25T08:16:41.200866,AEVO-USDT,0.10451,0.10459,241.7634,503.9312
2025-07-25T08:16:41.206645,ALGO-USDT,0.2576,0.2578,986.8136,3679.573503
2025-07-25T08:16:41.207393,AIXBT-USDT,0.13975,0.1398,4.772,1024.58
2025-07-25T08:16:41.207678,A-USDT,0.5592,0.5594,438.46,78.3
2025-07-25T08:16:41.291560,AAVE-USDT,287.28,287.3,0.01,0.81
2025-07-25T08:16:41.336757,ADA-USDT,0.7982,0.7983,10.0,4783.1305
2025-07-25T08:16:41.357404,AEVO-USDT,0.10451,0.10458,62.7634,441.0
2025-07-25T08:16:41.357443,AIXBT-USDT,0.13974,0.1398,1023.338,1024.58
2025-07-25T08:16:41.357472,ACT-USDT,0.04408,0.04413,1300.0,17162.392
2025-07-25T08:16:41.462354,ACT-USDT,0.04407,0.04412,2702.819,5148.718
2025-07-25T08:16:41.464280,ADA-USDT,0.7982,0.7983,10.0,1809.7446
2025-07-25T08:16:41.494071,ALGO-USDT,0.2576,0.2578,986.8136,4179.573503
2025-07-25T08:16:41.499824,AAVE-USDT,287.28,287.29,0.01,1.11
2025-07-25T08:16:41.580837,ADA-USDT,0.7982,0.7983,5263.5172,307.0
2025-07-25T08:16:41.599423,ALGO-USDT,0.2575,0.2578,7793.009676,4179.573503
2025-07-25T08:16:41.658410,ACT-USDT,0.04407,0.04412,2702.819,6556.296
2025-07-25T08:16:41.792500,AEVO-USDT,0.1045,0.10457,179.0,103.5516
2025-07-25T08:16:41.798941,ACT-USDT,0.04407,0.04412,2702.819,5148.718
2025-07-25T08:16:41.798990,ADA-USDT,0.7983,0.7984,3674.8943,848.8871
2025-07-25T08:16:41.860074,ALGO-USDT,0.2576,0.2578,279.0,4179.573503
2025-07-25T08:16:41.895687,ANIME-USDT,0.01862,0.01865,112424.85,119776.29
2025-07-25T08:16:41.898815,ADA-USDT,0.7983,0.7984,3674.8943,541.8871
2025-07-25T08:16:41.988054,ALGO-USDT,0.2576,0.2578,279.0,3306.465238
2025-07-25T08:16:42.001194,ANIME-USDT,0.01862,0.01864,17618.42,6478.56
2025-07-25T08:16:42.001245,ADA-USDT,0.7983,0.7984,3674.8943,31.8871
2025-07-25T08:16:42.058773,AAVE-USDT,287.26,287.29,0.908681,0.3
2025-07-25T08:16:42.095752,ADA-USDT,0.7983,0.7984,7398.6074,31.8871
2025-07-25T08:16:42.096050,ACT-USDT,0.04412,0.04416,1300.0,83.4
2025-07-25T08:16:42.096089,ANIME-USDT,0.01861,0.01864,138268.86,114546.47
2025-07-25T08:16:42.150071,A-USDT,0.5592,0.5595,438.46,601.0
2025-07-25T08:16:42.154817,1INCH-USDT,0.2732,0.2733,36.60322,188.556776
2025-07-25T08:16:42.157030,ACE-USDT,0.5607,0.5613,50.0,35.1007
2025-07-25T08:16:42.157251,AIXBT-USDT,0.13975,0.13982,1523.338,1140.981
2025-07-25T08:16:42.157983,AAVE-USDT,287.28,287.29,0.34294,0.3
2025-07-25T08:16:42.204431,AEVO-USDT,0.1045,0.10457,620.0,103.5516
2025-07-25T08:16:42.213170,ADA-USDT,0.7983,0.7985,8024.855,104.1403
2025-07-25T08:16:42.290537,AIXBT-USDT,0.13976,0.13982,1023.338,1140.981
2025-07-25T08:16:42.290584,A-USDT,0.5593,0.5595,124.74,78.3
2025-07-25T08:16:42.360861,AGLD-USDT,0.7689,0.7696,10.978163,10.935217
2025-07-25T08:16:42.360905,ALGO-USDT,0.2576,0.2578,5667.172189,3306.465238
2025-07-25T08:16:42.360933,ACT-USDT,0.04412,0.04416,1300.0,40.616
2025-07-25T08:16:42.360958,ANIME-USDT,0.01862,0.01864,26422.6,91841.94
2025-07-25T08:16:42.369353,ADA-USDT,0.7984,0.7985,2103.7724,104.1403
2025-07-25T08:16:42.395911,A-USDT,0.5593,0.5595,124.74,88.3
2025-07-25T08:16:42.488574,ACT-USDT,0.04412,0.04416,1300.0,83.4
2025-07-25T08:16:42.491059,ALGO-USDT,0.2576,0.2578,6167.172189,3306.465238
2025-07-25T08:16:42.504713,AAVE-USDT,287.24,287.28,0.103681,0.81
2025-07-25T08:16:42.546856,AIXBT-USDT,0.13976,0.13981,1023.338,1141.051
2025-07-25T08:16:42.549582,A-USDT,0.5593,0.5595,124.74,730.3
2025-07-25T08:16:42.590971,ALGO-USDT,0.2576,0.2578,1265.8136,3306.465238
2025-07-25T08:16:42.612973,ADA-USDT,0.7984,0.7985,756.0414,1579.3266
2025-07-25T08:16:42.613009,ACT-USDT,0.04412,0.04416,1300.0,10500.963
2025-07-25T08:16:42.613038,ANIME-USDT,0.01861,0.01864,135868.86,11841.94
2025-07-25T08:16:42.704722,AIXBT-USDT,0.13973,0.13981,1023.338,1141.051
2025-07-25T08:16:42.705905,ADA-USDT,0.7983,0.7984,5216.1688,602.7446
2025-07-25T08:16:42.707181,ANIME-USDT,0.01861,0.01863,28345.45,32993.44
2025-07-25T08:16:42.752969,ALGO-USDT,0.2576,0.2578,4727.813297,5435.530166
2025-07-25T08:16:42.788949,AAVE-USDT,287.28,287.29,0.34294,0.3
2025-07-25T08:16:42.806848,ADA-USDT,0.7984,0.7985,1345.98,104.1403
2025-07-25T08:16:42.810090,ACT-USDT,0.04412,0.04416,1300.0,40.616
2025-07-25T08:16:42.849187,ALGO-USDT,0.2576,0.2578,4727.813297,1995.8136
2025-07-25T08:16:42.849299,AGLD-USDT,0.7691,0.7698,10.921261,50.0
2025-07-25T08:16:42.856106,ACH-USDT,0.02161,0.02163,16823.59,462.42
2025-07-25T08:16:42.859825,A-USDT,0.5592,0.5594,438.46,78.3
2025-07-25T08:16:42.861061,AIXBT-USDT,0.13974,0.13981,1523.338,1141.051
2025-07-25T08:16:42.957315,ADA-USDT,0.7984,0.7985,1646.8026,104.1403
2025-07-25T08:16:42.960576,AEVO-USDT,0.10452,0.10458,620.0,62.9342
2025-07-25T08:16:42.967805,AGLD-USDT,0.769,0.7697,10.921261,10.918421
2025-07-25T08:16:42.967847,ALGO-USDT,0.2576,0.2578,3964.60017,1009.0
2025-07-25T08:16:43.053911,AAVE-USDT,287.24,287.29,0.103681,1.11
2025-07-25T08:16:43.057517,ACT-USDT,0.04412,0.04416,1300.0,3761.963
2025-07-25T08:16:43.057553,ANIME-USDT,0.01861,0.01863,28345.45,6761.48
2025-07-25T08:16:43.088484,ACH-USDT,0.02161,0.02163,11823.59,462.42
2025-07-25T08:16:43.089437,AIXBT-USDT,0.13974,0.13981,1023.338,1141.051
2025-07-25T08:16:43.092930,ALGO-USDT,0.2576,0.2578,4727.813297,1009.0
2025-07-25T08:16:43.166847,ANIME-USDT,0.01861,0.01863,25566.99,6761.48
2025-07-25T08:16:43.178703,AAVE-USDT,287.28,287.29,0.17152,0.3
2025-07-25T08:16:43.195652,ALGO-USDT,0.2576,0.2578,4727.813297,1995.8136
2025-07-25T08:16:43.265847,ANIME-USDT,0.01861,0.01863,18535.93,6761.48
2025-07-25T08:16:43.301106,AAVE-USDT,287.24,287.29,0.103681,1.11
2025-07-25T08:16:43.449209,AAVE-USDT,287.28,287.29,0.34294,0.3
2025-07-25T08:16:43.450303,ALGO-USDT,0.2576,0.2578,5227.813297,1995.8136
2025-07-25T08:16:43.486315,AIXBT-USDT,0.13975,0.13981,1023.338,1141.051
2025-07-25T08:16:43.494138,ACT-USDT,0.04412,0.04416,1300.0,40.616
2025-07-25T08:16:43.596663,ANIME-USDT,0.01861,0.01863,28535.93,6761.48
2025-07-25T08:16:43.695551,A-USDT,0.5592,0.5595,438.46,540.3
2025-07-25T08:16:43.701708,1INCH-USDT,0.2732,0.2733,36.60322,26.556776
2025-07-25T08:16:43.708983,AEVO-USDT,0.10453,0.10458,441.0,62.9342
2025-07-25T08:16:43.709272,ADA-USDT,0.7984,0.7985,4927.1885,104.1403
2025-07-25T08:16:43.759081,AGLD-USDT,0.769,0.7698,10.921261,10.918421
2025-07-25T08:16:43.760649,ALGO-USDT,0.2576,0.2578,5227.813297,279.0
2025-07-25T08:16:43.762379,AAVE-USDT,287.28,287.29,1.15294,0.3
2025-07-25T08:16:43.800493,A-USDT,0.5592,0.5595,438.46,78.3
2025-07-25T08:16:43.855610,ANIME-USDT,0.01862,0.01863,26407.44,280.98
2025-07-25T08:16:43.890502,AAVE-USDT,287.28,287.29,0.34294,0.3
2025-07-25T08:16:43.919186,ACH-USDT,0.02161,0.02163,16823.59,462.42
2025-07-25T08:16:43.919285,A-USDT,0.5592,0.5595,438.46,808.3
2025-07-25T08:16:43.993979,ANIME-USDT,0.01862,0.01864,26407.44,11560.96
2025-07-25T08:16:44.044691,ALGO-USDT,0.2576,0.2578,6134.566665,279.0
2025-07-25T08:16:44.049923,A-USDT,0.5592,0.5595,438.46,628.3
2025-07-25T08:16:44.095051,ANIME-USDT,0.01862,0.01864,26407.44,11841.94
2025-07-25T08:16:44.095647,ADA-USDT,0.7984,0.7985,4626.3659,104.1403
2025-07-25T08:16:44.149874,AGLD-USDT,0.769,0.7697,10.921261,10.872616
2025-07-25T08:16:44.155554,AAVE-USDT,287.24,287.29,0.913681,1.11
2025-07-25T08:16:44.180733,A-USDT,0.5592,0.5595,438.46,808.3
2025-07-25T08:16:44.185867,AIXBT-USDT,0.1398,0.13981,18953.782,1141.051
2025-07-25T08:16:44.205919,ADA-USDT,0.7984,0.7985,1345.98,104.1403
2025-07-25T08:16:44.211694,AEVO-USDT,0.10452,0.10458,179.0,62.9342
2025-07-25T08:16:44.282269,AAVE-USDT,287.25,287.29,0.103681,0.3
2025-07-25T08:16:44.283021,AIXBT-USDT,0.1398,0.13981,18953.782,1141.051
2025-07-25T08:16:44.305530,ADA-USDT,0.7985,0.7986,7399.2275,10.0
2025-07-25T08:16:44.385488,AIXBT-USDT,0.1398,0.13983,18953.782,4285.241
2025-07-25T08:16:44.390228,A-USDT,0.5592,0.5595,438.46,628.3
2025-07-25T08:16:44.396526,AAVE-USDT,287.25,287.29,0.103681,1.11
2025-07-25T08:16:44.398930,ALGO-USDT,0.2576,0.2578,6910.6629,279.0
2025-07-25T08:16:44.406547,AGLD-USDT,0.769,0.7698,10.921261,10.918421
2025-07-25T08:16:44.439346,ADA-USDT,0.7985,0.7986,7348.8588,10.0
2025-07-25T08:16:44.507485,AAVE-USDT,287.26,287.29,0.098682,0.3
2025-07-25T08:16:44.509527,ACE-USDT,0.5607,0.5613,86.2757,35.1007
2025-07-25T08:16:44.509588,AIXBT-USDT,0.1398,0.13986,18953.782,3.234
2025-07-25T08:16:44.556352,ADA-USDT,0.7985,0.7986,7649.6814,10.0
2025-07-25T08:16:44.578973,ANIME-USDT,0.01862,0.01864,10432.44,11841.94
2025-07-25T08:16:44.624067,AAVE-USDT,287.26,287.28,0.098682,0.3
2025-07-25T08:16:44.632161,ALGO-USDT,0.2576,0.2578,9772.712127,279.0
2025-07-25T08:16:44.660892,AIXBT-USDT,0.1398,0.13985,18953.782,1894.975
2025-07-25T08:16:44.681979,ADA-USDT,0.7986,0.7987,4810.5823,10.2559
2025-07-25T08:16:44.682918,ANIME-USDT,0.01862,0.01864,12777.58,11841.94
2025-07-25T08:16:44.751434,AAVE-USDT,287.27,287.28,0.34294,0.3
2025-07-25T08:16:44.784988,AIXBT-USDT,0.1398,0.13986,18953.782,3.234
2025-07-25T08:16:44.791111,ACT-USDT,0.04412,0.04416,1300.0,83.4
2025-07-25T08:16:44.890776,ACT-USDT,0.04412,0.04416,1300.0,40.616
2025-07-25T08:16:44.899022,ADA-USDT,0.7986,0.7987,4509.7597,10.2559
2025-07-25T08:16:44.993239,AGLD-USDT,0.769,0.7697,10.921261,10.872616
2025-07-25T08:16:45.008576,ACT-USDT,0.04412,0.04416,1300.0,83.4
2025-07-25T08:16:45.009492,ADA-USDT,0.7986,0.7987,4810.5823,10.2559
2025-07-25T08:16:45.091120,AGLD-USDT,0.7692,0.7699,10.872616,11.008823
2025-07-25T08:16:45.091401,AAVE-USDT,287.25,287.28,0.103681,0.3
2025-07-25T08:16:45.153123,ACT-USDT,0.04413,0.04416,1300.0,40.616
2025-07-25T08:16:45.153163,AEVO-USDT,0.10452,0.10458,620.0,62.9342
2025-07-25T08:16:45.153835,ADA-USDT,0.7986,0.7987,4644.4551,10.2559
2025-07-25T08:16:45.257188,A-USDT,0.5592,0.5594,438.46,78.3
2025-07-25T08:16:45.257842,ACT-USDT,0.04413,0.04416,1300.0,83.4
2025-07-25T08:16:45.260912,ADA-USDT,0.7986,0.7987,2430.1964,10.2559
2025-07-25T08:16:45.293065,1INCH-USDT,0.2732,0.2733,36.60322,188.556776
2025-07-25T08:16:45.356319,AGLD-USDT,0.769,0.7697,10.921261,10.863104
2025-07-25T08:16:45.357013,ALGO-USDT,0.2576,0.2578,9009.499,279.0
2025-07-25T08:16:45.360052,AAVE-USDT,287.24,287.28,0.103681,0.31
2025-07-25T08:16:45.392471,ACT-USDT,0.04413,0.04416,1300.0,40.616
2025-07-25T08:16:45.491108,AAVE-USDT,287.24,287.27,0.103681,0.81
2025-07-25T08:16:45.492681,ALGO-USDT,0.2576,0.2578,9009.499,779.0
2025-07-25T08:16:45.605424,ADA-USDT,0.7986,0.7987,2505.0078,10.2559
2025-07-25T08:16:45.605463,ANIME-USDT,0.01862,0.01865,12777.58,163339.23
2025-07-25T08:16:45.619871,ALGO-USDT,0.2576,0.2578,9772.712127,779.0
2025-07-25T08:16:45.635501,AAVE-USDT,287.26,287.27,0.446621,0.3
2025-07-25T08:16:45.705609,A-USDT,0.5592,0.5595,438.46,628.3
2025-07-25T08:16:45.759235,ANIME-USDT,0.01862,0.01864,76118.83,6471.94
2025-07-25T08:16:45.806576,ADA-USDT,0.7986,0.7987,2805.8304,10.2559
2025-07-25T08:16:45.850128,A-USDT,0.5592,0.5595,438.46,78.3
2025-07-25T08:16:45.858409,AAVE-USDT,287.26,287.27,1.15294,0.3
2025-07-25T08:16:45.951731,AIXBT-USDT,0.1398,0.13986,18953.782,1247.038
2025-07-25T08:16:45.954301,A-USDT,0.5593,0.5595,124.74,553.3
2025-07-25T08:16:45.967397,AGLD-USDT,0.769,0.7698,10.921261,10.863104
2025-07-25T08:16:45.968322,ALGO-USDT,0.2576,0.2578,9772.712127,279.0
2025-07-25T08:16:46.060236,ADA-USDT,0.7986,0.7987,2794.4304,10.2559
2025-07-25T08:16:46.189375,AGLD-USDT,0.7691,0.7698,10.87051,10.863104
2025-07-25T08:16:46.194276,ADA-USDT,0.7986,0.7987,6074.8163,10.2559
2025-07-25T08:16:46.245544,AAVE-USDT,287.26,287.27,0.34294,0.3
2025-07-25T08:16:46.305860,ADA-USDT,0.7986,0.7987,2794.4304,10.2559
2025-07-25T08:16:46.391278,AGLD-USDT,0.7691,0.7697,10.87051,10.868391
2025-07-25T08:16:46.449672,AIXBT-USDT,0.13983,0.13995,1038.364,1.112
2025-07-25T08:16:46.449884,AAVE-USDT,287.26,287.27,1.15294,0.3
2025-07-25T08:16:46.454337,ANIME-USDT,0.01863,0.01864,12774.52,6464.52
2025-07-25T08:16:46.456819,ADA-USDT,0.7986,0.7987,6074.8163,10.2559
2025-07-25T08:16:46.554945,ADA-USDT,0.7986,0.7987,5443.1443,10.2559
2025-07-25T08:16:46.561992,AEVO-USDT,0.10453,0.10458,441.0,62.9342
2025-07-25T08:16:46.562029,AAVE-USDT,287.27,287.28,0.34294,0.01
2025-07-25T08:16:46.562058,AIXBT-USDT,0.13985,0.13995,1023.338,1.112
2025-07-25T08:16:46.652381,AGLD-USDT,0.7691,0.7698,10.87051,10.869097
2025-07-25T08:16:46.687181,AIXBT-USDT,0.13986,0.13995,4.742,1.112
2025-07-25T08:16:46.690235,ADA-USDT,0.7986,0.7987,2162.7584,10.2559
2025-07-25T08:16:46.699334,ANIME-USDT,0.01863,0.01864,2774.52,6464.52
2025-07-25T08:16:46.798135,ADA-USDT,0.7986,0.7987,1418.117,10.2559
2025-07-25T08:16:46.800920,AIXBT-USDT,0.13983,0.13991,4.742,1243.4
2025-07-25T08:16:46.897939,ADA-USDT,0.7986,0.7987,1718.9396,10.2559
2025-07-25T08:16:46.907105,AAVE-USDT,287.26,287.31,0.103681,0.81
2025-07-25T08:16:47.017675,AAVE-USDT,287.27,287.3,0.34294,1.11
2025-07-25T08:16:47.050937,ADA-USDT,0.7986,0.7987,5630.9975,10.2559
2025-07-25T08:16:47.052196,AIXBT-USDT,0.13983,0.13991,1023.338,1243.4
2025-07-25T08:16:47.104154,ACH-USDT,0.02161,0.02163,30063.89,462.42
2025-07-25T08:16:47.144352,ALGO-USDT,0.2577,0.2578,279.0,279.0
2025-07-25T08:16:47.158389,1INCH-USDT,0.2732,0.2733,36.60322,26.556776
2025-07-25T08:16:47.158426,A-USDT,0.5593,0.5595,124.74,475.0
2025-07-25T08:16:47.161479,AAVE-USDT,287.27,287.3,0.103681,0.3
2025-07-25T08:16:47.163873,AIXBT-USDT,0.13984,0.13991,1023.338,1243.4
2025-07-25T08:16:47.170215,ADA-USDT,0.7987,0.7988,9882.4849,26.3501
2025-07-25T08:16:47.196067,AEVO-USDT,0.10453,0.10459,441.0,62.9312
2025-07-25T08:16:47.196122,ANIME-USDT,0.01863,0.01864,2774.52,2774.52
2025-07-25T08:16:47.246612,AGLD-USDT,0.7692,0.77,10.868391,10.868753
2025-07-25T08:16:47.273279,A-USDT,0.5594,0.5596,246.24,78.3
2025-07-25T08:16:47.273302,AIXBT-USDT,0.13984,0.13991,1523.338,1243.4
2025-07-25T08:16:47.294978,AAVE-USDT,287.29,287.3,0.34294,0.3
2025-07-25T08:16:47.303114,ADA-USDT,0.7987,0.7988,11145.829,26.3501
2025-07-25T08:16:47.359733,AEVO-USDT,0.10453,0.10459,620.0,62.9312
2025-07-25T08:16:47.398239,ADA-USDT,0.7987,0.799,11145.829,2095.6516
2025-07-25T08:16:47.500139,A-USDT,0.5594,0.5596,246.24,693.3
2025-07-25T08:16:47.500185,ADA-USDT,0.7989,0.799,1355.2188,48.8738
2025-07-25T08:16:47.500221,AIXBT-USDT,0.13985,0.13991,1023.338,1243.4
2025-07-25T08:16:47.554606,ANIME-USDT,0.01863,0.01864,12774.52,2774.52
2025-07-25T08:16:47.596194,ADA-USDT,0.7989,0.799,1355.2188,548.8738
2025-07-25T08:16:47.690953,ALGO-USDT,0.2577,0.2579,2938.787628,9294.268084
2025-07-25T08:16:47.701910,ADA-USDT,0.7989,0.799,5017.4471,48.8738
2025-07-25T08:16:47.747182,A-USDT,0.5594,0.5596,246.24,513.3
2025-07-25T08:16:47.751844,AIXBT-USDT,0.13991,0.13993,2146.69,935.736
2025-07-25T08:16:47.779818,AEVO-USDT,0.10455,0.1046,620.0,62.7431
2025-07-25T08:16:47.798342,ADA-USDT,0.7989,0.799,5747.1854,48.8738
2025-07-25T08:16:47.801834,ALGO-USDT,0.2577,0.2579,2947.787628,9294.268084
2025-07-25T08:16:47.879759,AIXBT-USDT,0.13986,0.13993,551.158,935.736
2025-07-25T08:16:47.903463,ACH-USDT,0.02161,0.02163,30163.89,462.42
2025-07-25T08:16:47.949874,ADA-USDT,0.7989,0.799,300.8226,1635.2622
2025-07-25T08:16:47.952522,ALGO-USDT,0.2577,0.2579,279.0,6812.565348
2025-07-25T08:16:47.985697,AIXBT-USDT,0.13985,0.13992,1023.338,935.782
2025-07-25T08:16:47.988185,A-USDT,0.5594,0.5596,246.24,693.3
2025-07-25T08:16:47.995523,AAVE-USDT,287.29,287.3,0.17152,0.3
2025-07-25T08:16:48.060813,ADA-USDT,0.7989,0.799,300.8226,735.2622
2025-07-25T08:16:48.099655,AIXBT-USDT,0.13986,0.13992,1023.338,935.782
2025-07-25T08:16:48.117652,ANIME-USDT,0.01863,0.01864,12774.52,5456.92
2025-07-25T08:16:48.151134,AAVE-USDT,287.29,287.3,0.98152,0.3
2025-07-25T08:16:48.169585,ADA-USDT,0.7989,0.799,1200.8226,355.4556
2025-07-25T08:16:48.252451,A-USDT,0.5594,0.5596,246.24,513.3
2025-07-25T08:16:48.257019,AIXBT-USDT,0.13987,0.13992,1023.338,935.782
2025-07-25T08:16:48.274162,ANIME-USDT,0.01863,0.01864,12774.52,2774.52
2025-07-25T08:16:48.290544,AAVE-USDT,287.29,287.3,0.17152,0.3
2025-07-25T08:16:48.358174,AIXBT-USDT,0.13987,0.13991,1023.338,935.855
2025-07-25T08:16:48.389680,ACT-USDT,0.04414,0.04417,1300.0,1521.252
2025-07-25T08:16:48.399037,AAVE-USDT,287.29,287.3,0.98152,0.3
2025-07-25T08:16:48.471244,ALGO-USDT,0.2577,0.2579,2947.787628,5843.137543
2025-07-25T08:16:48.485564,A-USDT,0.5594,0.5596,246.24,435.0
2025-07-25T08:16:48.487315,ACE-USDT,0.5607,0.5613,87.8604,35.1007
2025-07-25T08:16:48.490147,ACH-USDT,0.02162,0.02164,9927.86,9288.24
2025-07-25T08:16:48.502447,ADA-USDT,0.7989,0.799,1200.8226,48.8738
2025-07-25T08:16:48.505049,ANIME-USDT,0.01863,0.01865,12774.52,44959.02
2025-07-25T08:16:48.505089,ACT-USDT,0.04414,0.04417,1300.0,1521.252
2025-07-25T08:16:48.586820,ALGO-USDT,0.2577,0.2579,2947.787628,1280.8136
2025-07-25T08:16:48.586867,AGLD-USDT,0.7693,0.77,10.92427,10.868753
2025-07-25T08:16:48.597379,1INCH-USDT,0.2732,0.2734,1209.507666,198.623328
2025-07-25T08:16:48.598768,A-USDT,0.5595,0.5598,124.74,78.3
2025-07-25T08:16:48.603487,AAVE-USDT,287.31,287.33,0.34294,0.415
2025-07-25T08:16:48.603535,ACE-USDT,0.5607,0.5613,86.2757,35.1007
2025-07-25T08:16:48.603569,AIXBT-USDT,0.13982,0.13991,310.0,935.855
2025-07-25T08:16:48.607832,ADA-USDT,0.7989,0.799,7997.046,48.8738
2025-07-25T08:16:48.620872,ACT-USDT,0.04414,0.04418,1300.0,6035.398
2025-07-25T08:16:48.691923,A-USDT,0.5596,0.5598,121.5,1038.28
2025-07-25T08:16:48.695836,1INCH-USDT,0.2732,0.2734,1509.507666,36.623328
2025-07-25T08:16:48.700089,ALGO-USDT,0.2577,0.2579,2947.787628,2010.8136
2025-07-25T08:16:48.730830,ADA-USDT,0.799,0.7991,4198.2128,366.0452
2025-07-25T08:16:48.756040,AEVO-USDT,0.10456,0.1046,441.0,62.7431
2025-07-25T08:16:48.798411,AAVE-USDT,287.33,287.34,0.55842,0.01
2025-07-25T08:16:48.799085,A-USDT,0.5596,0.5597,121.5,443.0
2025-07-25T08:16:48.800765,ALGO-USDT,0.2577,0.2579,2947.787628,1009.0
2025-07-25T08:16:48.800824,ACE-USDT,0.5607,0.5613,87.8604,35.1007
2025-07-25T08:16:48.849819,ADA-USDT,0.7991,0.7992,7853.0874,524.4758
2025-07-25T08:16:48.898439,AAVE-USDT,287.33,287.37,0.55842,0.015
2025-07-25T08:16:48.967918,ADA-USDT,0.7991,0.7992,7838.1874,352.4796
2025-07-25T08:16:48.994939,ACT-USDT,0.04414,0.04418,1300.0,7968.292
2025-07-25T08:16:49.058714,1INCH-USDT,0.2733,0.2734,162.0,36.623328
2025-07-25T08:16:49.060286,AIXBT-USDT,0.13983,0.13991,1023.338,935.855
2025-07-25T08:16:49.060317,ACE-USDT,0.5608,0.5614,186.1762,420.0967
2025-07-25T08:16:49.061666,AAVE-USDT,287.36,287.4,0.81,0.025
2025-07-25T08:16:49.072322,ADA-USDT,0.7992,0.7993,3877.3127,351.0
2025-07-25T08:16:49.087240,ALGO-USDT,0.2578,0.2579,3964.60017,1009.0
2025-07-25T08:16:49.095311,AEVO-USDT,0.10456,0.10461,441.0,479.1567
2025-07-25T08:16:49.169957,ACH-USDT,0.02162,0.02164,23333.2,462.1
2025-07-25T08:16:49.189654,AAVE-USDT,287.39,287.4,0.34294,0.01
2025-07-25T08:16:49.189686,1INCH-USDT,0.2733,0.2735,418.583134,336.596522
2025-07-25T08:16:49.189716,ACE-USDT,0.5614,0.5617,6.8929,28.3969
2025-07-25T08:16:49.189743,AIXBT-USDT,0.13987,0.13993,1523.338,935.739
2025-07-25T08:16:49.196628,ADA-USDT,0.7992,0.7994,1355.2188,4272.4269
2025-07-25T08:16:49.199946,ALGO-USDT,0.2578,0.2579,3964.60017,279.0
2025-07-25T08:16:49.208549,AEVO-USDT,0.10458,0.10466,441.0,179.0
2025-07-25T08:16:49.289719,A-USDT,0.5596,0.5599,246.24,1506.19
2025-07-25T08:16:49.292565,AGLD-USDT,0.7695,0.7702,10.953715,10.866273
2025-07-25T08:16:49.292604,1INCH-USDT,0.2733,0.2735,1209.48758,336.596522
2025-07-25T08:16:49.292634,AIXBT-USDT,0.13988,0.13995,1023.338,1.112
2025-07-25T08:16:49.302504,ADA-USDT,0.7992,0.7994,4164.8729,922.1418
2025-07-25T08:16:49.322878,ACT-USDT,0.04414,0.04418,1300.0,5434.475
2025-07-25T08:16:49.323876,ANIME-USDT,0.01863,0.01865,12774.52,12744.75
2025-07-25T08:16:49.392736,A-USDT,0.5597,0.5599,121.5,1654.02
2025-07-25T08:16:49.396977,ADA-USDT,0.7992,0.7994,5060.2426,22.1418
2025-07-25T08:16:49.397014,AIXBT-USDT,0.13989,0.13995,1023.338,1.112
2025-07-25T08:16:49.397044,AAVE-USDT,287.39,287.45,1.35294,0.015
2025-07-25T08:16:49.397069,AGLD-USDT,0.7696,0.7704,10.95158,10.95158
2025-07-25T08:16:49.400394,ALGO-USDT,0.2578,0.258,6213.763402,2884.465115
2025-07-25T08:16:49.400431,1INCH-USDT,0.2733,0.2735,1209.48758,36.596522
2025-07-25T08:16:49.444205,ANIME-USDT,0.01863,0.01865,15899.52,12744.75
2025-07-25T08:16:49.444242,ACT-USDT,0.04415,0.04419,1300.0,18114.915
2025-07-25T08:16:49.498649,A-USDT,0.5597,0.5599,121.5,1654.02
2025-07-25T08:16:49.498704,AIXBT-USDT,0.1399,0.13995,1023.338,1.112
2025-07-25T08:16:49.498753,ADA-USDT,0.7992,0.7993,2322.6284,602.7446
2025-07-25T08:16:49.501405,AAVE-USDT,287.44,287.45,0.51441,0.015
2025-07-25T08:16:49.560584,ACT-USDT,0.04415,0.04419,1300.0,13586.443
2025-07-25T08:16:49.560631,ANIME-USDT,0.01863,0.01865,15899.52,12744.75
2025-07-25T08:16:49.601939,ALGO-USDT,0.2578,0.258,6213.763402,2154.465115
2025-07-25T08:16:49.606848,ADA-USDT,0.7992,0.7993,2644.1163,602.7446
2025-07-25T08:16:49.699891,ADA-USDT,0.7992,0.7993,2144.1163,602.7446
2025-07-25T08:16:49.701389,ALGO-USDT,0.2579,0.258,279.0,2139.465115
2025-07-25T08:16:49.721710,1INCH-USDT,0.2733,0.2735,1509.48758,36.596522
2025-07-25T08:16:49.771775,AIXBT-USDT,0.13992,0.13995,1023.338,1.112
2025-07-25T08:16:49.771831,A-USDT,0.5597,0.5599,121.5,1575.72
2025-07-25T08:16:49.786252,AEVO-USDT,0.10459,0.10467,941.0988,5916.5089
2025-07-25T08:16:49.806340,ADA-USDT,0.7993,0.7994,5325.9294,22.1418
2025-07-25T08:16:49.849841,ALGO-USDT,0.2578,0.258,6989.257779,2139.465115
2025-07-25T08:16:49.849889,AAVE-USDT,287.45,287.46,0.55842,0.01
2025-07-25T08:16:49.881437,A-USDT,0.5597,0.5599,121.5,1755.72
2025-07-25T08:16:49.883009,AIXBT-USDT,0.13993,0.13995,1023.338,1.112
2025-07-25T08:16:49.890308,AEVO-USDT,0.10459,0.10467,500.0988,282.4496
2025-07-25T08:16:49.908063,ADA-USDT,0.7993,0.7994,8489.0237,22.1418
2025-07-25T08:16:49.993941,AEVO-USDT,0.10459,0.10467,500.0988,723.4496
2025-07-25T08:16:50.088457,AGLD-USDT,0.7696,0.7703,10.95158,10.949447
2025-07-25T08:16:50.095630,ACE-USDT,0.5614,0.5618,6.8929,28.3969
2025-07-25T08:16:50.103491,AEVO-USDT,0.10459,0.10466,500.0988,441.0
2025-07-25T08:16:50.103525,1INCH-USDT,0.2733,0.2735,2269.138187,36.596522
2025-07-25T08:16:50.138948,ADA-USDT,0.7993,0.7994,3674.8943,624.8864
2025-07-25T08:16:50.186974,ALGO-USDT,0.2579,0.258,279.0,2139.465115
2025-07-25T08:16:50.187022,AGLD-USDT,0.7697,0.7704,10.949447,10.95158
2025-07-25T08:16:50.245547,ANIME-USDT,0.01864,0.01865,21678.65,6654.75
2025-07-25T08:16:50.251498,ADA-USDT,0.7993,0.7994,4117.3481,22.1418
2025-07-25T08:16:50.251535,A-USDT,0.5597,0.5599,121.5,1938.59
2025-07-25T08:16:50.252637,AIXBT-USDT,0.13994,0.13995,1023.338,1.112
2025-07-25T08:16:50.300003,AGLD-USDT,0.7697,0.7703,10.949447,10.964059
2025-07-25T08:16:50.349880,ANIME-USDT,0.01864,0.01865,11678.65,6654.75
2025-07-25T08:16:50.391268,ALGO-USDT,0.2578,0.258,6989.257779,2139.465115
2025-07-25T08:16:50.468906,ANIME-USDT,0.01864,0.01865,2775.36,5454.75
2025-07-25T08:16:50.496637,A-USDT,0.5597,0.5599,121.5,1382.59
2025-07-25T08:16:50.600973,1INCH-USDT,0.2734,0.2735,162.0,36.596522
2025-07-25T08:16:50.668456,ADA-USDT,0.7993,0.7994,300.8226,922.1418
2025-07-25T08:16:50.694673,A-USDT,0.5597,0.5599,121.5,1563.03
2025-07-25T08:16:50.708637,AGLD-USDT,0.7697,0.7704,10.949447,10.95158
2025-07-25T08:16:50.836892,A-USDT,0.5597,0.5599,121.5,1565.46
2025-07-25T08:16:50.837623,AIXBT-USDT,0.13994,0.13998,1023.338,1.226
2025-07-25T08:16:50.894991,ADA-USDT,0.7992,0.7993,2266.29,306.5818
2025-07-25T08:16:50.913957,AAVE-USDT,287.45,287.46,1.36842,0.01
2025-07-25T08:16:50.952198,A-USDT,0.5597,0.5599,121.5,1019.72
2025-07-25T08:16:50.952241,ANIME-USDT,0.01864,0.01865,11678.65,5454.75
2025-07-25T08:16:50.952730,AIXBT-USDT,0.13995,0.13998,500.0,1.226
2025-07-25T08:16:50.959974,AGLD-USDT,0.7697,0.7705,10.949447,634.920635
2025-07-25T08:16:50.960834,ALGO-USDT,0.2579,0.258,279.0,2139.465115
2025-07-25T08:16:51.003997,ADA-USDT,0.7993,0.7994,5387.4058,22.1418
2025-07-25T08:16:51.091200,A-USDT,0.5597,0.5599,121.5,1043.7
2025-07-25T08:16:51.094381,AIXBT-USDT,0.13996,0.13998,1023.338,1.226
2025-07-25T08:16:51.150642,ADA-USDT,0.7993,0.7994,5188.2284,22.1418
2025-07-25T08:16:51.199488,1INCH-USDT,0.2734,0.2736,198.569756,2229.15801
2025-07-25T08:16:51.200376,A-USDT,0.5597,0.5599,121.5,1019.72
2025-07-25T08:16:51.295475,ANIME-USDT,0.01864,0.01865,2775.36,5454.75
2025-07-25T08:16:51.323262,ALGO-USDT,0.2579,0.258,279.0,2139.465115
2025-07-25T08:16:51.355998,A-USDT,0.5597,0.5599,121.5,1043.7
2025-07-25T08:16:51.453962,A-USDT,0.5597,0.5599,121.5,1223.7
2025-07-25T08:16:51.465639,ALGO-USDT,0.2578,0.258,7667.262541,2139.465115
2025-07-25T08:16:51.470726,ADA-USDT,0.7993,0.7994,300.8226,995.3075
2025-07-25T08:16:51.506999,ANIME-USDT,0.01864,0.01865,11678.65,5454.75
2025-07-25T08:16:51.507682,AEVO-USDT,0.10458,0.10466,63.5657,441.0
2025-07-25T08:16:51.522380,AAVE-USDT,287.45,287.46,0.21548,0.82
2025-07-25T08:16:51.589970,ADA-USDT,0.7992,0.7993,10.0,1502.7446
2025-07-25T08:16:51.656641,AAVE-USDT,287.42,287.46,0.34294,0.01
2025-07-25T08:16:51.656682,AEVO-USDT,0.10458,0.10464,527.8491,441.0
2025-07-25T08:16:51.660027,ANIME-USDT,0.01864,0.01865,2775.36,5454.75
2025-07-25T08:16:51.699179,ADA-USDT,0.7992,0.7993,1339.2491,306.5818
2025-07-25T08:16:51.774133,AEVO-USDT,0.10455,0.10463,179.0,441.0
2025-07-25T08:16:51.777964,AAVE-USDT,287.42,287.44,0.34294,0.3
2025-07-25T08:16:51.798685,ADA-USDT,0.7993,0.7996,5798.7693,1658.1778
2025-07-25T08:16:51.894107,AAVE-USDT,287.42,287.44,0.34294,1.11
2025-07-25T08:16:51.894614,AGLD-USDT,0.7697,0.7706,10.949447,10.964534
2025-07-25T08:16:51.894652,AEVO-USDT,0.10455,0.10461,179.0,479.1567
2025-07-25T08:16:51.897766,ADA-USDT,0.7994,0.7996,4178.0851,1568.8409
2025-07-25T08:16:52.007426,AEVO-USDT,0.10455,0.10463,179.0,441.0
2025-07-25T08:16:52.063718,AIXBT-USDT,0.13992,0.13998,810.0,1226.565
2025-07-25T08:16:52.096350,ALGO-USDT,0.2579,0.258,279.0,2139.465115
2025-07-25T08:16:52.099707,AGLD-USDT,0.7698,0.7705,11.021917,10.963822
2025-07-25T08:16:52.104162,AAVE-USDT,287.42,287.44,1.15294,0.3
2025-07-25T08:16:52.108261,ADA-USDT,0.7993,0.7996,5035.0313,2546.5355
2025-07-25T08:16:52.110978,AEVO-USDT,0.10456,0.10463,586.5044,441.0
2025-07-25T08:16:52.184174,A-USDT,0.5597,0.5599,121.5,1303.7
2025-07-25T08:16:52.184346,AIXBT-USDT,0.13993,0.13998,1023.338,1226.565
2025-07-25T08:16:52.201508,AAVE-USDT,287.43,287.46,0.34294,0.01
2025-07-25T08:16:52.201587,AGLD-USDT,0.7699,0.7706,11.021917,10.964534
2025-07-25T08:16:52.253031,ANIME-USDT,0.01864,0.01866,11678.65,289171.6
2025-07-25T08:16:52.254170,ADA-USDT,0.7994,0.7996,1041.6136,164.182
2025-07-25T08:16:52.293869,A-USDT,0.5597,0.5599,121.5,1123.7
2025-07-25T08:16:52.304116,ALGO-USDT,0.2579,0.258,279.0,1364.271317
2025-07-25T08:16:52.357706,ANIME-USDT,0.01864,0.01866,11678.65,291851.13
2025-07-25T08:16:52.357740,ADA-USDT,0.7994,0.7996,900.0,1064.182
2025-07-25T08:16:52.417931,AAVE-USDT,287.45,287.46,1.15294,0.01
2025-07-25T08:16:52.447592,ALGO-USDT,0.2579,0.258,279.0,1085.271317
2025-07-25T08:16:52.477490,1INCH-USDT,0.2734,0.2736,3023.601715,1371.70468
2025-07-25T08:16:52.493869,ANIME-USDT,0.01864,0.01866,21678.65,188398.76
2025-07-25T08:16:52.493918,ACT-USDT,0.04415,0.04419,1300.0,4528.472
2025-07-25T08:16:52.495813,AEVO-USDT,0.10457,0.10464,1027.1031,63.2277
2025-07-25T08:16:52.496846,ADA-USDT,0.7995,0.7996,1828.2732,92.001
2025-07-25T08:16:52.548935,AAVE-USDT,287.45,287.46,1.35294,0.01
2025-07-25T08:16:52.551406,AGLD-USDT,0.7697,0.7704,11.01977,11.01977
2025-07-25T08:16:52.554675,A-USDT,0.5598,0.5599,121.5,293.69
2025-07-25T08:16:52.554719,AIXBT-USDT,0.13995,0.13998,1833.338,1.226
2025-07-25T08:16:52.599591,AEVO-USDT,0.10457,0.10464,586.1031,504.2277
2025-07-25T08:16:52.654899,AIXBT-USDT,0.13996,0.13998,1023.338,1.226
2025-07-25T08:16:52.696209,1INCH-USDT,0.2734,0.2736,3023.039672,532.540495
2025-07-25T08:16:52.705257,ANIME-USDT,0.01864,0.01866,5591.65,183994.26
2025-07-25T08:16:52.785679,ACH-USDT,0.02162,0.02164,29933.2,462.1
2025-07-25T08:16:52.800276,ADA-USDT,0.7995,0.7996,3118.6113,92.001
2025-07-25T08:16:52.801632,ANIME-USDT,0.01864,0.01865,5591.65,2775.62
2025-07-25T08:16:52.801670,ACT-USDT,0.04416,0.04419,1300.0,4528.472
2025-07-25T08:16:52.805361,1INCH-USDT,0.2734,0.2736,3023.039672,232.540495
2025-07-25T08:16:52.806778,AGLD-USDT,0.7697,0.7705,11.01977,11.01977
2025-07-25T08:16:52.892481,AIXBT-USDT,0.13997,0.13998,1023.338,1.226
2025-07-25T08:16:52.903919,ADA-USDT,0.7995,0.7996,6793.5056,92.001
2025-07-25T08:16:52.904690,AEVO-USDT,0.10458,0.10466,410.0047,620.0
2025-07-25T08:16:52.904726,ANIME-USDT,0.01864,0.01865,8368.99,8367.27
2025-07-25T08:16:52.948674,1INCH-USDT,0.2734,0.2736,3023.039672,70.540495
2025-07-25T08:16:52.955264,AGLD-USDT,0.7698,0.7705,90.103518,11.01977
2025-07-25T08:16:52.957475,AAVE-USDT,287.5,287.51,0.34294,0.11
2025-07-25T08:16:52.960230,ALGO-USDT,0.2579,0.258,1054.344058,1085.271317
2025-07-25T08:16:53.008191,ADA-USDT,0.7995,0.7996,6415.183,92.001
2025-07-25T08:16:53.008353,AEVO-USDT,0.10458,0.10466,652.878,441.0
2025-07-25T08:16:53.097367,ACH-USDT,0.02162,0.02164,30033.2,462.1
2025-07-25T08:16:53.157725,ADA-USDT,0.7995,0.7996,6716.0056,92.001
2025-07-25T08:16:53.258872,ADA-USDT,0.7995,0.7997,4397.3083,2859.1943
2025-07-25T08:16:53.291551,ACT-USDT,0.04415,0.04419,2709.498,4528.472
2025-07-25T08:16:53.299304,AAVE-USDT,287.46,287.5,0.01,0.81
2025-07-25T08:16:53.383279,ACH-USDT,0.02162,0.02164,29933.2,462.1
2025-07-25T08:16:53.394587,ACT-USDT,0.04416,0.04419,1300.0,4528.472
2025-07-25T08:16:53.394627,ANIME-USDT,0.01864,0.01865,8368.99,2775.62
2025-07-25T08:16:53.395934,ADA-USDT,0.7995,0.7997,4397.3083,972.9932
2025-07-25T08:16:53.407776,AAVE-USDT,287.46,287.5,0.01,0.81
2025-07-25T08:16:53.410739,ALGO-USDT,0.2579,0.258,279.0,1085.271317
2025-07-25T08:16:53.494858,ACH-USDT,0.02162,0.02164,24933.2,462.1
2025-07-25T08:16:53.497717,ADA-USDT,0.7995,0.7997,5751.2233,2971.4109
2025-07-25T08:16:53.502186,ANIME-USDT,0.01864,0.01865,12777.34,2775.62
2025-07-25T08:16:53.603853,ADA-USDT,0.7995,0.7996,4096.4857,3280.3859
2025-07-25T08:16:53.603891,ANIME-USDT,0.01864,0.01865,12777.34,2775.62
2025-07-25T08:16:53.675070,AAVE-USDT,287.5,287.51,0.17152,0.41
2025-07-25T08:16:53.755499,ANIME-USDT,0.01864,0.01866,12777.34,183994.26
2025-07-25T08:16:53.755532,ADA-USDT,0.7995,0.7997,2907.5226,1549.8331
2025-07-25T08:16:53.790700,AGLD-USDT,0.7699,0.7706,11.012932,11.012932
2025-07-25T08:16:53.800503,ACH-USDT,0.02162,0.02164,29933.2,462.1
2025-07-25T08:16:53.864049,ADA-USDT,0.7995,0.7997,2765.7532,2588.9131
2025-07-25T08:16:53.891303,AAVE-USDT,287.46,287.51,0.01,1.22
2025-07-25T08:16:53.911135,ACH-USDT,0.02163,0.02165,2442.32,461.88
2025-07-25T08:16:53.950514,1INCH-USDT,0.2734,0.2736,3023.601715,70.540495
2025-07-25T08:16:53.990594,ADA-USDT,0.7995,0.7997,2161.6844,2588.9131
2025-07-25T08:16:53.991680,AAVE-USDT,287.48,287.51,0.81,0.41
2025-07-25T08:16:53.999237,AEVO-USDT,0.10459,0.10467,441.0,103.4496
2025-07-25T08:16:54.054963,ACH-USDT,0.02163,0.02165,4042.32,461.88
2025-07-25T08:16:54.055011,AIXBT-USDT,0.13997,0.13998,1523.338,1.226
2025-07-25T08:16:54.088346,AAVE-USDT,287.49,287.51,0.34294,0.41
2025-07-25T08:16:54.095770,ANIME-USDT,0.01864,0.01866,12777.34,185194.26
2025-07-25T08:16:54.095846,AEVO-USDT,0.10459,0.10467,441.0,544.4496
2025-07-25T08:16:54.097315,ADA-USDT,0.7995,0.7997,2161.6844,972.9932
2025-07-25T08:16:54.192466,ACH-USDT,0.02163,0.02165,14476.98,461.88
2025-07-25T08:16:54.200300,AGLD-USDT,0.7699,0.7705,11.012932,11.015349
2025-07-25T08:16:54.200360,AEVO-USDT,0.10458,0.10466,652.878,441.0
2025-07-25T08:16:54.202963,ADA-USDT,0.7994,0.7995,1057.624,459.8727
2025-07-25T08:16:54.299964,AIXBT-USDT,0.13997,0.13998,1023.338,1.226
2025-07-25T08:16:54.300394,AAVE-USDT,287.46,287.5,0.01,1.11
2025-07-25T08:16:54.303991,ADA-USDT,0.7995,0.7996,900.0,10.0
2025-07-25T08:16:54.452837,ALGO-USDT,0.2579,0.258,779.0,1085.271317
2025-07-25T08:16:54.452875,ADA-USDT,0.7995,0.7996,4617.9747,10.0
2025-07-25T08:16:54.454837,AAVE-USDT,287.46,287.5,0.01,0.3
2025-07-25T08:16:54.587233,AAVE-USDT,287.49,287.5,0.34294,0.3
2025-07-25T08:16:54.651720,ACE-USDT,0.5614,0.562,41.8554,33.5322
2025-07-25T08:16:54.787333,ACE-USDT,0.5614,0.5621,41.8554,119.3004
2025-07-25T08:16:54.791212,AEVO-USDT,0.10458,0.10466,242.8733,441.0
2025-07-25T08:16:54.854643,ADA-USDT,0.7995,0.7996,8292.869,10.0
2025-07-25T08:16:54.893554,1INCH-USDT,0.2734,0.2736,3023.039672,70.540495
2025-07-25T08:16:54.899477,AIXBT-USDT,0.13991,0.13998,1023.338,1.226
2025-07-25T08:16:54.911641,ANIME-USDT,0.01864,0.01866,2777.34,185194.26
2025-07-25T08:16:54.971608,ADA-USDT,0.7995,0.7997,9646.8053,1481.0378
2025-07-25T08:16:55.005902,AIXBT-USDT,0.13992,0.13998,1023.338,1.226
2025-07-25T08:16:55.056657,AEVO-USDT,0.10458,0.10466,683.8733,441.0
2025-07-25T08:16:55.089460,ADA-USDT,0.7996,0.7998,900.0,4700.3902
2025-07-25T08:16:55.097118,1INCH-USDT,0.2734,0.2736,3023.039672,60.531627
2025-07-25T08:16:55.098897,ACE-USDT,0.5614,0.5621,91.8554,119.3004
2025-07-25T08:16:55.189460,ADA-USDT,0.7995,0.7997,6065.5968,1582.7436
2025-07-25T08:16:55.191176,AAVE-USDT,287.46,287.5,0.82,0.3
2025-07-25T08:16:55.249945,AIXBT-USDT,0.13993,0.13998,1023.338,1.226
2025-07-25T08:16:55.296101,ADA-USDT,0.7995,0.7996,900.0,602.7446
2025-07-25T08:16:55.305300,AAVE-USDT,287.49,287.5,0.34294,0.3
2025-07-25T08:16:55.396072,AAVE-USDT,287.49,287.5,0.307574,0.3
2025-07-25T08:16:55.402748,ANIME-USDT,0.01864,0.01866,12777.34,185194.26
2025-07-25T08:16:55.544416,AGLD-USDT,0.7699,0.7706,11.012932,11.012932
2025-07-25T08:16:55.549023,AAVE-USDT,287.49,287.5,1.117574,0.3
2025-07-25T08:16:55.555283,ADA-USDT,0.7995,0.7996,1037.4099,602.7446
2025-07-25T08:16:55.593310,AIXBT-USDT,0.13994,0.13998,1023.338,1.226
2025-07-25T08:16:55.670846,AAVE-USDT,287.49,287.5,0.307574,0.3
2025-07-25T08:16:55.690110,ADA-USDT,0.7995,0.7996,1200.8226,602.7446
2025-07-25T08:16:55.794528,ADA-USDT,0.7995,0.7996,1342.6008,602.7446
2025-07-25T08:16:55.848486,AIXBT-USDT,0.1399,0.13997,1023.338,1031.211
2025-07-25T08:16:55.945937,AIXBT-USDT,0.1399,0.13998,1023.338,1.226
2025-07-25T08:16:56.047416,AAVE-USDT,287.49,287.5,1.117574,0.3
2025-07-25T08:16:56.057431,AIXBT-USDT,0.13991,0.13998,7.235,1.226
2025-07-25T08:16:56.185714,AIXBT-USDT,0.1399,0.13998,507.235,1.226
2025-07-25T08:16:56.196671,AAVE-USDT,287.49,287.5,0.307574,0.3
2025-07-25T08:16:56.259545,ADA-USDT,0.7995,0.7997,2176.7145,3280.3859
2025-07-25T08:16:56.291640,ANIME-USDT,0.01864,0.01865,12777.34,1384.95
2025-07-25T08:16:56.293675,AAVE-USDT,287.49,287.5,0.34294,0.3
2025-07-25T08:16:56.309024,AIXBT-USDT,0.13991,0.13998,1023.338,1.226
2025-07-25T08:16:56.320359,A-USDT,0.5598,0.5599,121.5,213.69
2025-07-25T08:16:56.326902,1INCH-USDT,0.2735,0.2736,198.56307,33.943973
2025-07-25T08:16:56.395764,AAVE-USDT,287.49,287.5,1.15294,0.3
2025-07-25T08:16:56.456271,AIXBT-USDT,0.13992,0.13997,1523.338,1031.219
2025-07-25T08:16:56.494034,ADA-USDT,0.7996,0.7998,3116.2164,1708.8633
2025-07-25T08:16:56.554436,ACT-USDT,0.04416,0.04419,2118.185,4528.472
2025-07-25T08:16:56.555015,AEVO-USDT,0.10459,0.10467,504.962,103.4496
2025-07-25T08:16:56.566590,1INCH-USDT,0.2735,0.2736,418.56307,33.943973
2025-07-25T08:16:56.567562,AIXBT-USDT,0.13996,0.14012,733.718,548.896
2025-07-25T08:16:56.597715,ADA-USDT,0.7997,0.7998,900.0,691.4774
2025-07-25T08:16:56.647168,AAVE-USDT,287.49,287.5,0.34294,0.3
2025-07-25T08:16:56.659406,ANIME-USDT,0.01864,0.01866,12777.34,166054.83
2025-07-25T08:16:56.689175,AIXBT-USDT,0.13996,0.14009,733.718,389.197
2025-07-25T08:16:56.751776,AAVE-USDT,287.49,287.5,1.15294,0.3
2025-07-25T08:16:56.763609,ADA-USDT,0.7996,0.7997,4908.9774,405.1923
2025-07-25T08:16:56.793560,ACT-USDT,0.04416,0.04419,1300.0,4528.472
2025-07-25T08:16:56.798829,AIXBT-USDT,0.13997,0.14008,1023.338,33.617
2025-07-25T08:16:56.856988,ADA-USDT,0.7996,0.7997,4536.3942,405.1923
2025-07-25T08:16:56.893514,AAVE-USDT,287.51,287.52,0.34294,0.01
2025-07-25T08:16:56.897116,ANIME-USDT,0.01864,0.01866,11392.39,166054.83
2025-07-25T08:16:56.899183,AEVO-USDT,0.1046,0.10467,441.0,103.4496
2025-07-25T08:16:56.947717,A-USDT,0.5598,0.5599,246.24,213.69
2025-07-25T08:16:56.949211,AIXBT-USDT,0.13995,0.14,1023.338,1031.023
2025-07-25T08:16:56.991095,ADA-USDT,0.7996,0.7997,4526.3942,405.1923
2025-07-25T08:16:56.992320,AAVE-USDT,287.53,287.55,0.17152,0.015
2025-07-25T08:16:57.053013,ANIME-USDT,0.01864,0.01866,11392.39,166054.83
2025-07-25T08:16:57.084939,A-USDT,0.5598,0.5599,121.5,213.69
2025-07-25T08:16:57.292734,ACT-USDT,0.04416,0.04421,1300.0,4081.725
2025-07-25T08:16:57.301895,ACE-USDT,0.5614,0.5619,56.8929,34.5589
2025-07-25T08:16:57.304656,1INCH-USDT,0.2735,0.2736,1209.467516,33.943973
2025-07-25T08:16:57.336913,ADA-USDT,0.7996,0.7998,4526.3942,421.9366
2025-07-25T08:16:57.347130,AAVE-USDT,287.57,287.58,1.15294,0.01
2025-07-25T08:16:57.354698,AGLD-USDT,0.77,0.7708,86.895928,11.036081
2025-07-25T08:16:57.360834,ALGO-USDT,0.258,0.2582,779.0,1009.0
2025-07-25T08:16:57.391504,ACT-USDT,0.04417,0.0442,3530.493,4526.423
2025-07-25T08:16:57.391564,ANIME-USDT,0.01865,0.01866,2775.84,85079.53
2025-07-25T08:16:57.392658,AEVO-USDT,0.10462,0.10468,179.0,62.6713
2025-07-25T08:16:57.455023,ACH-USDT,0.02163,0.02165,27378.95,461.88
2025-07-25T08:16:57.455686,1INCH-USDT,0.2736,0.2737,2012.121858,398.683307
2025-07-25T08:16:57.456359,AIXBT-USDT,0.13997,0.14002,1023.338,1016.353
2025-07-25T08:16:57.457981,A-USDT,0.5598,0.5599,602.02,213.69
2025-07-25T08:16:57.469193,ALGO-USDT,0.258,0.2582,4032.27248,1265.8136
2025-07-25T08:16:57.474216,ADA-USDT,0.7998,0.7999,3470.8159,166.7031
2025-07-25T08:16:57.494630,ACT-USDT,0.04418,0.04421,1300.0,1585.732
2025-07-25T08:16:57.494666,ANIME-USDT,0.01864,0.01866,22249.38,87855.37
2025-07-25T08:16:57.587893,ALGO-USDT,0.258,0.2582,4795.485607,279.0
2025-07-25T08:16:57.587935,1INCH-USDT,0.2736,0.2737,2803.026304,398.683307
2025-07-25T08:16:57.590317,AIXBT-USDT,0.13996,0.14002,500.0,1016.353
2025-07-25T08:16:57.590351,AAVE-USDT,287.57,287.58,0.34294,0.01
2025-07-25T08:16:57.593166,ADA-USDT,0.7998,0.7999,3169.9933,166.7031
2025-07-25T08:16:57.596193,AEVO-USDT,0.10462,0.10468,179.0,503.6713
2025-07-25T08:16:57.692662,AAVE-USDT,287.57,287.58,1.15294,0.01
2025-07-25T08:16:57.698458,AIXBT-USDT,0.13997,0.1401,1023.338,33.617
2025-07-25T08:16:57.817406,AAVE-USDT,287.54,287.58,0.098681,0.82
2025-07-25T08:16:57.826318,AIXBT-USDT,0.13998,0.1401,1023.338,33.617
2025-07-25T08:16:57.866045,ADA-USDT,0.7998,0.7999,3470.8159,166.7031
2025-07-25T08:16:57.949435,AIXBT-USDT,0.13995,0.1401,548.785,33.617
2025-07-25T08:16:57.957657,AAVE-USDT,287.57,287.58,0.34294,0.01
2025-07-25T08:16:57.980893,ADA-USDT,0.7998,0.7999,3456.3159,166.7031
2025-07-25T08:16:58.087461,AIXBT-USDT,0.13995,0.14,500.0,1016.53
2025-07-25T08:16:58.087692,ADA-USDT,0.7998,0.7999,1641.5414,166.7031
2025-07-25T08:16:58.088589,AAVE-USDT,287.54,287.58,0.098681,0.81
2025-07-25T08:16:58.103511,1INCH-USDT,0.2736,0.2737,989.460834,398.683307
2025-07-25T08:16:58.186275,AAVE-USDT,287.54,287.58,0.908681,0.646136
2025-07-25T08:16:58.190306,AIXBT-USDT,0.13996,0.14008,1023.338,387.323
2025-07-25T08:16:58.193521,ALGO-USDT,0.258,0.2582,5570.379059,279.0
2025-07-25T08:16:58.200881,ADA-USDT,0.7998,0.7999,300.8226,1669.4477
2025-07-25T08:16:58.285869,AIXBT-USDT,0.13997,0.14008,1023.338,387.323
2025-07-25T08:16:58.298030,AAVE-USDT,287.57,287.59,0.34294,0.820116
2025-07-25T08:16:58.353369,ADA-USDT,0.7998,0.7999,1639.3082,166.7031
2025-07-25T08:16:58.391039,AIXBT-USDT,0.13997,0.14007,1023.338,33.617
2025-07-25T08:16:58.448145,AAVE-USDT,287.57,287.58,0.34294,0.3
2025-07-25T08:16:58.451282,AGLD-USDT,0.7701,0.7708,11.094601,11.036081
2025-07-25T08:16:58.466370,ADA-USDT,0.7998,0.7999,443.002,769.4477
2025-07-25T08:16:58.497447,ANIME-USDT,0.01864,0.01866,22249.38,110866.04
2025-07-25T08:16:58.587960,AAVE-USDT,287.55,287.58,0.14773,0.3
2025-07-25T08:16:58.589717,ADA-USDT,0.7998,0.7999,1343.002,166.7031
2025-07-25T08:16:58.697956,ACH-USDT,0.02163,0.02165,27278.95,461.88
2025-07-25T08:16:58.726289,AIXBT-USDT,0.13997,0.14008,1023.338,387.323
2025-07-25T08:16:58.749700,AAVE-USDT,287.56,287.58,0.34294,0.3
2025-07-25T08:16:58.854803,ACH-USDT,0.02163,0.02165,27378.95,461.88
2025-07-25T08:16:58.950395,ADA-USDT,0.7998,0.7999,300.8226,1066.7031
2025-07-25T08:16:58.977285,AIXBT-USDT,0.13994,0.14008,548.785,387.323
2025-07-25T08:16:58.987733,AAVE-USDT,287.56,287.58,0.34294,1.11
2025-07-25T08:16:59.043831,ANIME-USDT,0.01864,0.01866,22249.38,122695.88
2025-07-25T08:16:59.056231,ADA-USDT,0.7997,0.7998,5043.0081,602.7446
2025-07-25T08:16:59.090383,AAVE-USDT,287.53,287.58,0.825,1.11
2025-07-25T08:16:59.092225,AIXBT-USDT,0.13994,0.14008,310.0,387.323
2025-07-25T08:16:59.095246,1INCH-USDT,0.2736,0.2737,2803.026304,398.683307
2025-07-25T08:16:59.109266,ACH-USDT,0.02163,0.02165,27278.95,461.88
2025-07-25T08:16:59.171224,ADA-USDT,0.7997,0.7998,5343.8307,602.7446
2025-07-25T08:16:59.202342,AIXBT-USDT,0.13995,0.14008,1023.338,387.323
2025-07-25T08:16:59.223714,ALGO-USDT,0.258,0.2582,4032.27248,1765.8136
2025-07-25T08:16:59.223762,AAVE-USDT,287.52,287.58,0.01,1.411073
2025-07-25T08:16:59.250941,ACH-USDT,0.02163,0.02165,14476.98,461.88
2025-07-25T08:16:59.303466,ADA-USDT,0.7997,0.7998,3831.6725,1502.7446
2025-07-25T08:16:59.346959,ALGO-USDT,0.258,0.2581,279.0,279.0
2025-07-25T08:16:59.359008,AAVE-USDT,287.52,287.56,0.01,1.56248
2025-07-25T08:16:59.397812,ADA-USDT,0.7996,0.7997,1067.1794,602.7446
2025-07-25T08:16:59.399832,AIXBT-USDT,0.13995,0.13999,1023.338,1016.584
2025-07-25T08:16:59.445379,AEVO-USDT,0.10461,0.10468,282.3106,503.6713
2025-07-25T08:16:59.445495,ACT-USDT,0.04419,0.04421,1300.0,18.063
2025-07-25T08:16:59.495477,ADA-USDT,0.7997,0.7999,1042.1794,5566.6683
2025-07-25T08:16:59.559228,ACT-USDT,0.0442,0.04422,1300.0,90.917
2025-07-25T08:16:59.592238,ALGO-USDT,0.258,0.2582,4409.765296,1765.8136
2025-07-25T08:16:59.597727,ACH-USDT,0.02163,0.02165,19476.98,461.88
2025-07-25T08:16:59.656736,ADA-USDT,0.7998,0.7999,1343.0108,166.7031
2025-07-25T08:16:59.690094,AAVE-USDT,287.53,287.56,0.17142,0.69
2025-07-25T08:16:59.757837,ADA-USDT,0.7998,0.7999,3048.9155,166.7031
2025-07-25T08:16:59.792683,ALGO-USDT,0.258,0.2582,4409.765296,779.0
2025-07-25T08:16:59.794613,AAVE-USDT,287.54,287.57,0.34294,1.11
2025-07-25T08:16:59.916083,AGLD-USDT,0.7703,0.7709,11.098535,634.920635
2025-07-25T08:16:59.916139,ACT-USDT,0.04419,0.04422,1300.0,90.917
2025-07-25T08:16:59.947748,AAVE-USDT,287.51,287.56,1.02548,1.11
2025-07-25T08:16:59.965685,ADA-USDT,0.7998,0.7999,2748.0929,769.4477
2025-07-25T08:16:59.965726,ACH-USDT,0.02163,0.02165,19576.98,461.88
2025-07-25T08:17:00.021372,AEVO-USDT,0.10461,0.10468,282.3106,503.6713
2025-07-25T08:17:00.026471,ACT-USDT,0.04419,0.04422,1300.0,90.917
2025-07-25T08:17:00.026493,ANIME-USDT,0.01864,0.01866,22249.38,122695.88
2025-07-25T08:17:00.054323,AGLD-USDT,0.7703,0.7709,11.098535,634.920635
2025-07-25T08:17:00.059612,ALGO-USDT,0.258,0.2582,4409.765296,779.0
2025-07-25T08:17:00.060774,AAVE-USDT,287.52,287.56,0.34294,1.11
2025-07-25T08:17:00.086953,A-USDT,0.5598,0.5599,602.02,213.69
2025-07-25T08:17:00.090942,1INCH-USDT,0.2736,0.2737,2803.026304,398.683307
2025-07-25T08:17:00.092639,ADA-USDT,0.7998,0.7999,2748.0929,769.4477
2025-07-25T08:17:00.095070,AIXBT-USDT,0.13995,0.13999,1023.338,1016.584
2025-07-25T08:17:00.095109,ACE-USDT,0.5614,0.5619,56.8929,34.5589
2025-07-25T08:17:00.095845,ACH-USDT,0.02163,0.02165,19476.98,461.88
2025-07-25T08:17:00.149615,AEVO-USDT,0.10461,0.10467,282.3106,441.0
2025-07-25T08:17:00.157698,ACT-USDT,0.04419,0.04422,1300.0,4615.292
2025-07-25T08:17:00.157737,ANIME-USDT,0.01864,0.01866,12249.38,122695.88
2025-07-25T08:17:00.185023,ALGO-USDT,0.258,0.2581,326.120334,279.0
2025-07-25T08:17:00.189600,AGLD-USDT,0.7701,0.7707,11.094601,11.096375
2025-07-25T08:17:00.193614,AAVE-USDT,287.47,287.54,0.185613,1.111308
2025-07-25T08:17:00.197184,AIXBT-USDT,0.13991,0.14005,858.896,548.687
2025-07-25T08:17:00.198978,ADA-USDT,0.7998,0.7999,604.3018,1669.4477
2025-07-25T08:17:00.199001,ACH-USDT,0.02163,0.02165,30220.95,461.88
2025-07-25T08:17:00.199021,A-USDT,0.5598,0.5599,477.28,213.69
2025-07-25T08:17:00.203102,1INCH-USDT,0.2735,0.2737,3674.618384,427.041379
2025-07-25T08:17:00.257147,AEVO-USDT,0.10459,0.10467,242.962,441.0
2025-07-25T08:17:00.303007,AIXBT-USDT,0.13991,0.14004,310.0,387.729
2025-07-25T08:17:00.303821,A-USDT,0.5597,0.5599,35.23,338.43
2025-07-25T08:17:00.304044,1INCH-USDT,0.2735,0.2737,2448.618384,427.041379
2025-07-25T08:17:00.392287,ALGO-USDT,0.2579,0.2581,5857.321015,817.79756
2025-07-25T08:17:00.395862,ACT-USDT,0.04418,0.04421,1300.0,3413.944
2025-07-25T08:17:00.401419,AAVE-USDT,287.46,287.53,0.01,1.11
2025-07-25T08:17:00.408621,1INCH-USDT,0.2735,0.2737,3674.618384,427.041379
2025-07-25T08:17:00.415666,ADA-USDT,0.7997,0.7999,6112.4799,1669.4477
2025-07-25T08:17:00.527495,AAVE-USDT,287.46,287.53,0.01,1.411308
2025-07-25T08:17:00.555095,ACE-USDT,0.5615,0.5621,33.5955,119.3004
2025-07-25T08:17:00.557526,AIXBT-USDT,0.13992,0.14004,1023.338,387.729
2025-07-25T08:17:00.561404,A-USDT,0.5597,0.5599,156.73,338.43
2025-07-25T08:17:00.561436,ADA-USDT,0.7996,0.7997,25.0,3005.2032
2025-07-25T08:17:00.602608,ALGO-USDT,0.2579,0.2581,6294.04786,279.0
2025-07-25T08:17:00.655134,AAVE-USDT,287.46,287.52,0.82,1.56248
2025-07-25T08:17:00.659411,ADA-USDT,0.7996,0.7997,1065.6926,2105.2032
2025-07-25T08:17:00.689498,AIXBT-USDT,0.13993,0.13998,1023.338,1100.671
2025-07-25T08:17:00.693857,1INCH-USDT,0.2735,0.2737,1172.904446,727.041379
2025-07-25T08:17:00.694586,ACT-USDT,0.04418,0.04421,1300.0,1413.944
2025-07-25T08:17:00.694627,ANIME-USDT,0.01864,0.01865,7166.99,21954.71
2025-07-25T08:17:00.695241,AEVO-USDT,0.10459,0.10466,63.962,441.0
2025-07-25T08:17:00.748206,ALGO-USDT,0.2579,0.2581,5794.04786,279.0
2025-07-25T08:17:00.758204,ADA-USDT,0.7996,0.7997,1065.6926,1502.4586
2025-07-25T08:17:00.786012,AAVE-USDT,287.48,287.52,0.34294,1.56248
2025-07-25T08:17:00.798421,AIXBT-USDT,0.1399,0.13998,310.0,1100.671
2025-07-25T08:17:00.799938,1INCH-USDT,0.2735,0.2737,1209.454152,727.041379
2025-07-25T08:17:00.886427,ADA-USDT,0.7996,0.7998,2309.5564,910.0
2025-07-25T08:17:00.905646,AIXBT-USDT,0.13994,0.14,1023.338,1100.493
2025-07-25T08:17:01.002271,ADA-USDT,0.7997,0.7999,7176.3056,1066.7031
2025-07-25T08:17:01.002308,ALGO-USDT,0.2579,0.2581,3763.180505,279.0
2025-07-25T08:17:01.002342,AAVE-USDT,287.48,287.51,0.17152,1.11
2025-07-25T08:17:01.002819,1INCH-USDT,0.2736,0.2737,1813.56547,427.041379
2025-07-25T08:17:01.067714,ANIME-USDT,0.01864,0.01865,9944.33,21954.71
2025-07-25T08:17:01.093982,ADA-USDT,0.7998,0.7999,1343.0376,769.4477
2025-07-25T08:17:01.140462,ALGO-USDT,0.2579,0.2581,4538.374303,1265.8136
2025-07-25T08:17:01.150777,AAVE-USDT,287.46,287.5,0.01,1.56248
2025-07-25T08:17:01.158265,A-USDT,0.5597,0.5599,121.5,338.43
2025-07-25T08:17:01.158303,AIXBT-USDT,0.13995,0.14,1023.338,1100.493
2025-07-25T08:17:01.204468,ADA-USDT,0.7998,0.7999,300.8226,1669.4477
2025-07-25T08:17:01.249652,AGLD-USDT,0.7701,0.7707,11.094601,423.096375
2025-07-25T08:17:01.255577,ALGO-USDT,0.2579,0.258,309.0,279.0
2025-07-25T08:17:01.255957,AAVE-USDT,287.46,287.5,0.01,0.69
2025-07-25T08:17:01.284119,AIXBT-USDT,0.13991,0.14,548.359,1100.493
2025-07-25T08:17:01.353134,ADA-USDT,0.7998,0.7999,1644.1206,166.7031
2025-07-25T08:17:01.370251,AGLD-USDT,0.7701,0.7707,11.094601,11.096375
2025-07-25T08:17:01.392001,AIXBT-USDT,0.13991,0.13999,891.323,1100.537
2025-07-25T08:17:01.396309,ACT-USDT,0.04416,0.04421,1300.0,9050.797
2025-07-25T08:17:01.450382,ADA-USDT,0.7998,0.7999,5174.5533,166.7031
2025-07-25T08:17:01.488347,ALGO-USDT,0.2579,0.2581,3389.197662,279.0
2025-07-25T08:17:01.490711,AAVE-USDT,287.48,287.49,0.98152,0.3
2025-07-25T08:17:01.493361,AIXBT-USDT,0.13993,0.14008,1023.338,2810.501
2025-07-25T08:17:01.494025,A-USDT,0.5597,0.5599,246.24,213.69
2025-07-25T08:17:01.503902,ANIME-USDT,0.01864,0.01865,9944.33,30901.3
2025-07-25T08:17:01.503936,ACT-USDT,0.04417,0.04422,1300.0,13668.137
2025-07-25T08:17:01.595891,A-USDT,0.5598,0.5599,199.8,213.69
2025-07-25T08:17:01.597316,AAVE-USDT,287.48,287.52,0.98152,0.01
2025-07-25T08:17:01.597351,AIXBT-USDT,0.13997,0.1401,1081.136,387.424
2025-07-25T08:17:01.609732,ACT-USDT,0.04418,0.04422,1300.0,90.917
2025-07-25T08:17:01.609804,ANIME-USDT,0.01864,0.01866,9944.33,138766.41
2025-07-25T08:17:01.667536,ADA-USDT,0.7998,0.7999,6181.2524,166.7031
2025-07-25T08:17:01.689835,AGLD-USDT,0.7701,0.7708,11.094601,50.0
2025-07-25T08:17:01.690428,ALGO-USDT,0.258,0.2581,279.0,279.0
2025-07-25T08:17:01.703981,ANIME-USDT,0.01864,0.01866,9944.33,222647.86
2025-07-25T08:17:01.708638,AEVO-USDT,0.10459,0.10467,683.962,63.9528
2025-07-25T08:17:01.752643,AAVE-USDT,287.51,287.52,1.32441,0.01
2025-07-25T08:17:01.765548,ADA-USDT,0.7998,0.7999,6911.2992,166.7031
2025-07-25T08:17:01.831464,AGLD-USDT,0.7701,0.7708,11.094601,11.10044
2025-07-25T08:17:01.843533,AIXBT-USDT,0.14003,0.14013,1235.586,548.359
2025-07-25T08:17:01.898211,ADA-USDT,0.7998,0.8001,7595.0847,953.7952
2025-07-25T08:17:01.906888,ACE-USDT,0.5615,0.5621,83.5955,119.3004
2025-07-25T08:17:01.969500,AIXBT-USDT,0.14004,0.14015,1333.338,6.492
2025-07-25T08:17:01.991123,AAVE-USDT,287.53,287.57,0.22024,1.56248
2025-07-25T08:17:02.005960,ADA-USDT,0.8,0.8001,900.0,656.5398
2025-07-25T08:17:02.059033,ACT-USDT,0.04418,0.04422,2118.185,90.917
2025-07-25T08:17:02.091813,AIXBT-USDT,0.14005,0.14015,1023.338,6.492
2025-07-25T08:17:02.095707,AAVE-USDT,287.56,287.57,0.34294,1.56248
2025-07-25T08:17:02.150850,ADA-USDT,0.8,0.8001,1200.8226,656.5398
2025-07-25T08:17:02.186724,AEVO-USDT,0.1046,0.10467,441.0,63.9528
2025-07-25T08:17:02.192876,ACT-USDT,0.04419,0.04422,1300.0,90.917
2025-07-25T08:17:02.198444,AAVE-USDT,287.57,287.58,0.34294,1.61624
2025-07-25T08:17:02.258296,ADA-USDT,0.7999,0.8,7373.1942,306.5818
2025-07-25T08:17:02.300655,ACT-USDT,0.04418,0.04422,2118.185,90.917
2025-07-25T08:17:02.397994,ACT-USDT,0.04419,0.04422,1300.0,90.917
2025-07-25T08:17:02.398043,ANIME-USDT,0.01864,0.01866,19944.33,222647.86
2025-07-25T08:17:02.398831,AIXBT-USDT,0.14006,0.14015,1023.338,6.492
2025-07-25T08:17:02.399565,ADA-USDT,0.7999,0.8,9038.5302,602.7446
2025-07-25T08:17:02.448109,AAVE-USDT,287.55,287.56,0.34294,0.3
2025-07-25T08:17:02.499522,ACT-USDT,0.04418,0.04422,2118.185,90.917
2025-07-25T08:17:02.606293,ACT-USDT,0.04419,0.04422,1300.0,90.917
2025-07-25T08:17:02.607150,ANIME-USDT,0.01864,0.01866,4012.33,222647.86
2025-07-25T08:17:02.754081,ANIME-USDT,0.01864,0.01866,4012.33,222647.86
2025-07-25T08:17:02.756910,ADA-USDT,0.7999,0.8,5022.7756,1206.5818
2025-07-25T08:17:02.842313,AGLD-USDT,0.7701,0.7707,11.094601,61.097223
2025-07-25T08:17:02.847138,AAVE-USDT,287.47,287.52,0.81,1.41
2025-07-25T08:17:02.895720,ADA-USDT,0.7999,0.8,4721.953,900.0
2025-07-25T08:17:02.900117,ACT-USDT,0.04418,0.04422,1300.0,6032.008
2025-07-25T08:17:02.940724,AGLD-USDT,0.7702,0.7707,11.097944,50.0
2025-07-25T08:17:02.994244,ACT-USDT,0.04418,0.04422,1300.0,90.917
2025-07-25T08:17:02.994286,ANIME-USDT,0.01864,0.01866,6788.93,222647.86
2025-07-25T08:17:02.994311,ADA-USDT,0.7999,0.8001,6509.5143,1556.5398
2025-07-25T08:17:03.050300,ALGO-USDT,0.2579,0.2581,7088.566241,279.0
2025-07-25T08:17:03.055905,ACE-USDT,0.5615,0.5621,83.5955,85.7453
2025-07-25T08:17:03.086519,AAVE-USDT,287.46,287.51,0.01,1.11
2025-07-25T08:17:03.101369,A-USDT,0.5598,0.5599,121.5,213.69
2025-07-25T08:17:03.112350,AIXBT-USDT,0.13998,0.14009,858.359,206.558
2025-07-25T08:17:03.150064,ANIME-USDT,0.01864,0.01866,2776.6,222647.86
2025-07-25T08:17:03.150120,AEVO-USDT,0.10459,0.10466,242.962,441.0
2025-07-25T08:17:03.150148,ADA-USDT,0.7999,0.8,141.4032,1512.7446
2025-07-25T08:17:03.153772,AGLD-USDT,0.77,0.7707,11.036081,50.0
2025-07-25T08:17:03.153836,ALGO-USDT,0.2579,0.2581,7863.760039,279.0
2025-07-25T08:17:03.195022,AAVE-USDT,287.5,287.51,0.34294,0.3
2025-07-25T08:17:03.268797,ACT-USDT,0.04417,0.04421,4010.272,5941.979
2025-07-25T08:17:03.268840,ANIME-USDT,0.01864,0.01866,66117.85,222647.86
2025-07-25T08:17:03.268865,AIXBT-USDT,0.13999,0.14013,1023.338,933.456
2025-07-25T08:17:03.268886,ADA-USDT,0.7999,0.8,444.8824,910.0
2025-07-25T08:17:03.268909,AEVO-USDT,0.1046,0.10467,574.7163,63.9528
2025-07-25T08:17:03.294296,ACE-USDT,0.5616,0.5621,31.9595,85.7453
2025-07-25T08:17:03.294522,AGLD-USDT,0.77,0.7708,11.036081,11.097223
2025-07-25T08:17:03.294895,ALGO-USDT,0.258,0.2581,279.0,279.0
2025-07-25T08:17:03.362909,AIXBT-USDT,0.14,0.14013,1023.338,385.45
2025-07-25T08:17:03.395149,AGLD-USDT,0.77,0.7707,11.036081,11.096503
2025-07-25T08:17:03.395188,ANIME-USDT,0.01864,0.01866,76117.85,222647.86
2025-07-25T08:17:03.395217,ACT-USDT,0.04417,0.04421,1300.0,4524.886
2025-07-25T08:17:03.396878,ADA-USDT,0.7999,0.8,136.9074,910.0
2025-07-25T08:17:03.399824,ACE-USDT,0.5616,0.5621,81.9595,85.7453
2025-07-25T08:17:03.486988,AIXBT-USDT,0.14001,0.14013,1023.338,385.45
2025-07-25T08:17:03.599943,AIXBT-USDT,0.13996,0.14011,810.0,548.006
2025-07-25T08:17:03.722626,ADA-USDT,0.7999,0.8,437.73,910.0
2025-07-25T08:17:03.722674,AIXBT-USDT,0.13998,0.14015,810.0,3410.722
2025-07-25T08:17:03.802843,AIXBT-USDT,0.13999,0.14004,1023.338,1270.718
2025-07-25T08:17:03.994567,ADA-USDT,0.7999,0.8001,2479.6098,1260.377
2025-07-25T08:17:04.031933,AAVE-USDT,287.51,287.52,1.15294,0.01
2025-07-25T08:17:04.103721,ADA-USDT,0.7999,0.8001,5858.3563,1556.5398
2025-07-25T08:17:04.163875,AIXBT-USDT,0.13997,0.14004,500.0,1270.718
2025-07-25T08:17:04.196546,ADA-USDT,0.7997,0.7999,939.339,4893.8889
2025-07-25T08:17:04.348477,ADA-USDT,0.7996,0.7997,181.0201,1804.1169
2025-07-25T08:17:04.460428,ADA-USDT,0.7994,0.7997,6034.3898,5156.1641
2025-07-25T08:17:04.491745,AGLD-USDT,0.77,0.7706,11.036081,11.11959
2025-07-25T08:17:04.530927,AAVE-USDT,287.51,287.52,0.34294,0.01
2025-07-25T08:17:04.552867,AIXBT-USDT,0.13997,0.14003,500.0,1270.818
2025-07-25T08:17:04.562275,ADA-USDT,0.7994,0.7995,25.0,1574.6192
2025-07-25T08:17:04.652547,AIXBT-USDT,0.13996,0.14003,810.0,1270.818
2025-07-25T08:17:04.687115,AEVO-USDT,0.1046,0.10466,574.7163,441.0
2025-07-25T08:17:04.689219,ADA-USDT,0.7993,0.7995,3418.0413,4855.9539
2025-07-25T08:17:04.695242,ALGO-USDT,0.2579,0.258,279.0,817.79756
2025-07-25T08:17:04.760153,AIXBT-USDT,0.13997,0.14003,1023.338,1270.818
2025-07-25T08:17:04.789329,AEVO-USDT,0.10459,0.10467,242.962,504.9528
2025-07-25T08:17:04.794215,ADA-USDT,0.7993,0.7994,1041.4412,459.8727
2025-07-25T08:17:04.794254,ANIME-USDT,0.01864,0.01866,12776.6,222647.86
2025-07-25T08:17:04.845262,AGLD-USDT,0.7701,0.7708,92.653466,11.097223
2025-07-25T08:17:04.846175,ALGO-USDT,0.2579,0.258,279.0,538.79756
2025-07-25T08:17:04.865309,AIXBT-USDT,0.14001,0.14015,1023.338,6.492
2025-07-25T08:17:04.990439,ALGO-USDT,0.2579,0.258,279.0,817.79756
2025-07-25T08:17:04.990493,AAVE-USDT,287.51,287.54,0.34294,0.7
2025-07-25T08:17:04.991753,AIXBT-USDT,0.14002,0.14014,1023.338,33.617
2025-07-25T08:17:05.051635,ADA-USDT,0.7993,0.7994,1041.4412,904.1169
2025-07-25T08:17:05.053370,ANIME-USDT,0.01864,0.01866,12776.6,209786.13
2025-07-25T08:17:05.089843,ALGO-USDT,0.2579,0.258,279.0,279.0
2025-07-25T08:17:05.090950,AAVE-USDT,287.48,287.53,0.81,0.3
2025-07-25T08:17:05.097021,AIXBT-USDT,0.14002,0.14007,1023.338,1270.51
2025-07-25T08:17:05.154117,ADA-USDT,0.7993,0.7994,900.0,904.1169
2025-07-25T08:17:05.157343,ANIME-USDT,0.01864,0.01866,76117.85,209786.13
2025-07-25T08:17:05.351394,A-USDT,0.5598,0.5599,246.24,213.69
2025-07-25T08:17:05.395890,ADA-USDT,0.7994,0.7996,1041.4058,2977.4189
2025-07-25T08:17:05.469257,AIXBT-USDT,0.13999,0.14007,310.0,1270.51
2025-07-25T08:17:05.508101,ADA-USDT,0.7994,0.7995,444.885,1502.7446
2025-07-25T08:17:05.593481,AIXBT-USDT,0.13999,0.14012,1023.338,33.617
2025-07-25T08:17:05.601745,AAVE-USDT,287.48,287.53,0.81,1.11
2025-07-25T08:17:05.612799,AEVO-USDT,0.10459,0.10466,242.962,441.0
2025-07-25T08:17:05.632625,ADA-USDT,0.7994,0.7995,137.3137,1502.7446
2025-07-25T08:17:05.851128,ACT-USDT,0.04419,0.04421,11314.777,4524.886
2025-07-25T08:17:05.856850,ADA-USDT,0.7994,0.7996,3071.0913,910.0
2025-07-25T08:17:05.889096,AAVE-USDT,287.48,287.53,0.81,0.3
2025-07-25T08:17:05.982497,ADA-USDT,0.7994,0.7996,3071.0913,900.0
2025-07-25T08:17:06.053263,AIXBT-USDT,0.14,0.14012,1023.338,33.617
2025-07-25T08:17:06.164068,AIXBT-USDT,0.14,0.14015,1023.338,2862.41
2025-07-25T08:17:06.193848,1INCH-USDT,0.2736,0.2737,1776.418368,427.041379
2025-07-25T08:17:06.202334,AGLD-USDT,0.7701,0.7708,11.120312,11.097223
2025-07-25T08:17:06.290843,AIXBT-USDT,0.13997,0.14003,310.0,909.79
2025-07-25T08:17:06.301025,ADA-USDT,0.7994,0.7996,2033.7776,970.7138
2025-07-25T08:17:06.391041,AIXBT-USDT,0.13996,0.14003,310.0,909.79
2025-07-25T08:17:06.460878,ALGO-USDT,0.2578,0.258,17291.283482,279.0
2025-07-25T08:17:06.460983,AEVO-USDT,0.10458,0.10465,63.8733,441.0
2025-07-25T08:17:06.461055,ACT-USDT,0.04419,0.04421,11314.777,10524.887
2025-07-25T08:17:06.495084,AIXBT-USDT,0.13995,0.14005,1023.338,734.548
2025-07-25T08:17:06.495121,AAVE-USDT,287.46,287.5,0.01,1.285484
2025-07-25T08:17:06.495150,A-USDT,0.5597,0.5599,156.73,338.43
2025-07-25T08:17:06.501745,ADA-USDT,0.7993,0.7995,5064.3218,1502.7446
2025-07-25T08:17:06.557158,ANIME-USDT,0.01864,0.01866,76117.85,182763.53
2025-07-25T08:17:06.562392,ALGO-USDT,0.2578,0.258,16515.789105,279.0
2025-07-25T08:17:06.596151,AAVE-USDT,287.49,287.52,0.34294,0.82
2025-07-25T08:17:06.599157,AIXBT-USDT,0.13993,0.14,310.0,910.007
2025-07-25T08:17:06.665052,AEVO-USDT,0.10458,0.10465,63.8733,1000.5113
2025-07-25T08:17:06.697082,AAVE-USDT,287.48,287.52,0.34294,1.12
2025-07-25T08:17:06.700330,AIXBT-USDT,0.13993,0.14011,310.0,2968.763
2025-07-25T08:17:06.753980,ADA-USDT,0.7993,0.7994,155.1392,1502.7446
2025-07-25T08:17:06.790237,AEVO-USDT,0.10458,0.10464,63.8733,441.0
2025-07-25T08:17:06.844130,AGLD-USDT,0.7699,0.7706,11.012932,61.166068
2025-07-25T08:17:06.853027,AIXBT-USDT,0.13993,0.1401,310.0,416.263
2025-07-25T08:17:06.870127,ADA-USDT,0.7993,0.7994,15.0,1502.7446
2025-07-25T08:17:06.890855,AEVO-USDT,0.10458,0.10465,63.8733,441.0
2025-07-25T08:17:06.951129,AAVE-USDT,287.47,287.52,0.34294,1.12
2025-07-25T08:17:06.958208,AIXBT-USDT,0.13993,0.1401,310.0,382.646
2025-07-25T08:17:06.994377,ADA-USDT,0.7992,0.7993,2232.9299,602.7446
2025-07-25T08:17:07.086823,AIXBT-USDT,0.13994,0.14009,1023.338,33.617
2025-07-25T08:17:07.095420,ADA-USDT,0.7992,0.7993,10.0,4891.3781
2025-07-25T08:17:07.191844,ACE-USDT,0.5616,0.5621,50.0,116.0765
2025-07-25T08:17:07.191881,AIXBT-USDT,0.13994,0.14006,810.0,547.059
2025-07-25T08:17:07.191920,ALGO-USDT,0.2578,0.258,11975.735116,279.0
2025-07-25T08:17:07.199241,AAVE-USDT,287.47,287.51,0.34294,1.11
2025-07-25T08:17:07.290634,AAVE-USDT,287.5,287.51,0.34294,0.3
2025-07-25T08:17:07.295250,ALGO-USDT,0.2578,0.258,12475.735116,279.0
2025-07-25T08:17:07.299270,AEVO-USDT,0.10458,0.10465,63.8733,918.7831
2025-07-25T08:17:07.299319,ADA-USDT,0.7992,0.7993,1544.1522,602.7446
2025-07-25T08:17:07.299355,AIXBT-USDT,0.13997,0.14012,1023.338,571.493
2025-07-25T08:17:07.408224,AIXBT-USDT,0.13998,0.14003,1523.338,1334.834
2025-07-25T08:17:07.413958,ALGO-USDT,0.2579,0.258,779.0,279.0
2025-07-25T08:17:07.414001,A-USDT,0.5598,0.5599,121.5,213.69
2025-07-25T08:17:07.414027,AGLD-USDT,0.77,0.7707,83.694281,11.166068
2025-07-25T08:17:07.427310,ADA-USDT,0.7993,0.7994,1844.885,10.0
2025-07-25T08:17:07.446764,ACT-USDT,0.04419,0.04421,11314.777,4524.886
2025-07-25T08:17:07.532330,AIXBT-USDT,0.14,0.14012,1023.338,547.059
2025-07-25T08:17:07.553993,ADA-USDT,0.7993,0.7994,5426.0935,10.0
2025-07-25T08:17:07.650288,ALGO-USDT,0.2579,0.258,279.0,279.0
2025-07-25T08:17:07.655250,AIXBT-USDT,0.14,0.14011,1023.338,33.617
2025-07-25T08:17:07.686929,ADA-USDT,0.7993,0.7994,4926.0935,10.0
2025-07-25T08:17:07.691593,AAVE-USDT,287.47,287.51,1.15294,0.3
2025-07-25T08:17:07.696938,ACT-USDT,0.04419,0.04421,11314.777,10552.911
2025-07-25T08:17:07.787817,ADA-USDT,0.7993,0.7994,8600.9878,10.0
2025-07-25T08:17:07.789059,AIXBT-USDT,0.14001,0.14015,1333.338,6.492
2025-07-25T08:17:07.789104,ACE-USDT,0.5615,0.5621,50.0,116.0765
2025-07-25T08:17:07.789612,AGLD-USDT,0.77,0.7706,83.694281,11.188746
2025-07-25T08:17:07.806520,AAVE-USDT,287.49,287.51,0.34294,0.3
2025-07-25T08:17:07.891903,ALGO-USDT,0.2578,0.258,15337.784343,279.0
2025-07-25T08:17:07.894504,AIXBT-USDT,0.14002,0.14014,1023.338,33.617
2025-07-25T08:17:07.945086,AAVE-USDT,287.49,287.51,1.15294,0.3
2025-07-25T08:17:07.987869,ALGO-USDT,0.2579,0.258,279.0,279.0
2025-07-25T08:17:07.989414,ADA-USDT,0.7994,0.7996,3621.6843,910.0
2025-07-25T08:17:08.053867,AAVE-USDT,287.49,287.51,0.81,0.3
2025-07-25T08:17:08.108662,AGLD-USDT,0.7701,0.7707,84.18342,11.166068
2025-07-25T08:17:08.108778,ALGO-USDT,0.2579,0.258,779.0,279.0
2025-07-25T08:17:08.109047,AIXBT-USDT,0.14003,0.14009,1023.338,1334.238
2025-07-25T08:17:08.109146,ACE-USDT,0.5615,0.5621,79.0667,85.7453
2025-07-25T08:17:08.116921,ADA-USDT,0.7995,0.7996,444.8672,910.0
2025-07-25T08:17:08.193350,ACT-USDT,0.04419,0.04421,11314.777,4524.886
2025-07-25T08:17:08.194066,AEVO-USDT,0.1046,0.10466,569.7012,541.9924
2025-07-25T08:17:08.202823,ALGO-USDT,0.2579,0.258,779.0,1054.193798
2025-07-25T08:17:08.225344,ADA-USDT,0.7994,0.7996,5071.3767,910.0
2025-07-25T08:17:08.264527,AAVE-USDT,287.5,287.51,0.34294,0.3
2025-07-25T08:17:08.264576,AIXBT-USDT,0.14004,0.14009,1023.338,1334.238
2025-07-25T08:17:08.365881,ADA-USDT,0.7995,0.7996,136.789,910.0
2025-07-25T08:17:08.400589,AIXBT-USDT,0.14005,0.14009,1023.338,1334.238
2025-07-25T08:17:08.490536,AAVE-USDT,287.5,287.51,1.15294,0.3
2025-07-25T08:17:08.497271,ADA-USDT,0.7995,0.7996,4388.8334,10.0
2025-07-25T08:17:08.602216,ADA-USDT,0.7995,0.7996,303.4792,910.0
