timestamp,symbol,bid,ask,bid_vol,ask_vol
2025-07-25T07:48:09.610049,BTC-USDT,1152198000,1152199000,133501,350
2025-07-25T07:48:09.610102,BTC-USDT,1151779000,0.0,1,0.0
2025-07-25T07:48:09.610132,BTC-USDT,1152198000,0.0,151377,0.0
2025-07-25T07:48:09.610157,BTC-USDT,1152198000,0.0,133501,0.0
2025-07-25T07:48:09.610176,BTC-USDT,1152198000,0.0,151377,0.0
2025-07-25T07:48:09.610191,BTC-USDT,1152198000,0.0,133501,0.0
2025-07-25T07:48:09.610207,BTC-USDT,1152198000,0.0,151377,0.0
2025-07-25T07:48:09.610224,BTC-USDT,0.0,1152221000,0.0,0
2025-07-25T07:48:09.610268,BTC-USDT,0.0,1152484000,0.0,0
2025-07-25T07:48:09.610302,BTC-USDT,0.0,1152301000,0.0,73800
2025-07-25T07:48:09.621149,BTC-USDT,1152107000,0.0,153999,0.0
2025-07-25T07:48:09.681391,BTC-USDT,1152198000,0.0,133501,0.0
2025-07-25T07:48:09.701637,BTC-USDT,1151940000,0.0,1,0.0
2025-07-25T07:48:10.569940,BTC-USDT,0.0,1152276000,0.0,73800
2025-07-25T07:48:10.582877,BTC-USDT,1151981000,0.0,1,0.0
2025-07-25T07:48:10.762621,BTC-USDT,0.0,1152276000,0.0,0
2025-07-25T07:48:10.783521,BTC-USDT,1152198000,0.0,151377,0.0
2025-07-25T07:48:10.983366,BTC-USDT,1152198000,0.0,133501,0.0
2025-07-25T07:48:11.336425,BTC-USDT,1152198000,0.0,151377,0.0
2025-07-25T07:48:11.340014,BTC-USDT,0.0,1152301000,0.0,0
2025-07-25T07:48:11.363565,BTC-USDT,0.0,1152349000,0.0,0
2025-07-25T07:48:11.423958,BTC-USDT,0.0,1152199000,0.0,0
2025-07-25T07:48:11.443934,BTC-USDT,1152201000,1152203000,17876,150000
2025-07-25T07:48:11.463811,BTC-USDT,0.0,1152357000,0.0,93335
2025-07-25T07:48:11.504001,BTC-USDT,1152202000,1152203000,103501,0
2025-07-25T07:48:11.524139,BTC-USDT,1152224000,1152260000,881,32875
2025-07-25T07:48:11.543949,BTC-USDT,0.0,1152357000,0.0,0
2025-07-25T07:48:11.584959,BTC-USDT,1152225000,1152259000,7996,7997
2025-07-25T07:48:11.604142,BTC-USDT,1152198000,1152226000,0,150000
2025-07-25T07:48:11.624476,BTC-USDT,1152225000,1152226000,22996,0
2025-07-25T07:48:11.664385,BTC-USDT,1152226000,1152254000,7996,32875
2025-07-25T07:48:11.684468,BTC-USDT,0.0,1152227000,0.0,150000
2025-07-25T07:48:11.704412,BTC-USDT,0.0,1152227000,0.0,0
2025-07-25T07:48:11.744944,BTC-USDT,1152253000,1152254000,7996,24878
2025-07-25T07:48:11.784498,BTC-USDT,1152253000,0.0,70541,0.0
2025-07-25T07:48:11.844417,BTC-USDT,1152253000,1152273000,133501,7997
2025-07-25T07:48:12.665179,BTC-USDT,1151918000,0.0,355,0.0
2025-07-25T07:48:12.671024,BTC-USDT,0.0,1152254000,0.0,174878
2025-07-25T07:48:12.672572,BTC-USDT,0.0,1152254000,0.0,175228
2025-07-25T07:48:12.673893,BTC-USDT,0.0,1152273000,0.0,0
2025-07-25T07:48:12.674665,BTC-USDT,0.0,1152254000,0.0,183225
2025-07-25T07:48:12.675523,BTC-USDT,1151937000,0.0,0,0.0
2025-07-25T07:48:12.676501,BTC-USDT,0.0,1152254000,0.0,187783
2025-07-25T07:48:12.677591,BTC-USDT,1152057000,0.0,288093,0.0
2025-07-25T07:48:12.678192,BTC-USDT,1152021000,0.0,1,0.0
2025-07-25T07:48:13.021829,BTC-USDT,0.0,1152254000,0.0,205659
2025-07-25T07:48:13.026579,BTC-USDT,1152102000,0.0,1,0.0
2025-07-25T07:48:13.027324,BTC-USDT,0.0,1152254000,0.0,187783
2025-07-25T07:48:13.028871,BTC-USDT,0.0,1152254000,0.0,205659
2025-07-25T07:48:13.046332,BTC-USDT,0.0,1152254000,0.0,187783
2025-07-25T07:48:13.941080,BTC-USDT,0.0,1152254000,0.0,261583
2025-07-25T07:48:13.950955,BTC-USDT,1152142000,1152254000,1,187783
2025-07-25T07:48:13.952684,BTC-USDT,1152057000,0.0,194477,0.0
2025-07-25T07:48:13.954030,BTC-USDT,0.0,1152254000,0.0,205659
2025-07-25T07:48:13.968472,BTC-USDT,1152028000,0.0,93622,0.0
2025-07-25T07:48:14.047899,BTC-USDT,0.0,1152254000,0.0,187783
2025-07-25T07:48:14.408275,BTC-USDT,0.0,1152254000,0.0,261583
2025-07-25T07:48:14.488742,BTC-USDT,0.0,1152254000,0.0,279459
2025-07-25T07:48:15.036496,BTC-USDT,1152182000,0.0,1,0.0
2025-07-25T07:48:15.396905,BTC-USDT,0.0,1152254000,0.0,261583
2025-07-25T07:48:15.398713,BTC-USDT,0.0,1152254000,0.0,279239
2025-07-25T07:48:15.399899,BTC-USDT,0.0,1152260000,0.0,73800
2025-07-25T07:48:16.283100,BTC-USDT,1152082000,0.0,0,0.0
2025-07-25T07:48:16.288739,BTC-USDT,1152047000,0.0,0,0.0
2025-07-25T07:48:16.289978,BTC-USDT,0.0,1152254000,0.0,279240
2025-07-25T07:48:16.371354,BTC-USDT,0.0,1152254000,0.0,205440
2025-07-25T07:48:16.391863,BTC-USDT,1151941000,0.0,23568,0.0
2025-07-25T07:48:16.471554,BTC-USDT,1152171000,0.0,130922,0.0
2025-07-25T07:48:16.632249,BTC-USDT,1152010000,0.0,75524,0.0
2025-07-25T07:48:16.711757,BTC-USDT,1152137000,0.0,17656,0.0
2025-07-25T07:48:16.751908,BTC-USDT,1152137000,0.0,0,0.0
2025-07-25T07:48:16.832503,BTC-USDT,1152028000,0.0,0,0.0
2025-07-25T07:48:16.931978,BTC-USDT,1152003000,0.0,93658,0.0
2025-07-25T07:48:17.152428,BTC-USDT,0.0,1152391000,0.0,0
2025-07-25T07:48:17.173608,BTC-USDT,0.0,1152270000,0.0,93666
2025-07-25T07:48:17.272646,BTC-USDT,1152003000,0.0,0,0.0
2025-07-25T07:48:17.635750,BTC-USDT,1152005000,0.0,93657,0.0
2025-07-25T07:48:17.733174,BTC-USDT,1152005000,0.0,0,0.0
2025-07-25T07:48:18.213318,BTC-USDT,1152009000,0.0,93657,0.0
2025-07-25T07:48:19.806649,BTC-USDT,1152253000,0.0,118501,0.0
2025-07-25T07:48:19.813964,BTC-USDT,1152253000,1152254000,7996,221521
2025-07-25T07:48:19.818174,BTC-USDT,0.0,1152254000,0.0,336779
2025-07-25T07:48:19.836902,BTC-USDT,0.0,1152254000,0.0,538821
2025-07-25T07:48:19.876572,BTC-USDT,1152253000,1152275000,72918,8000
2025-07-25T07:48:19.917079,BTC-USDT,1152046000,1152254000,0,546819
2025-07-25T07:48:19.976956,BTC-USDT,1152253000,1152254000,7996,646942
2025-07-25T07:48:20.019521,BTC-USDT,1152253000,1152254000,0,638944
2025-07-25T07:48:20.037007,BTC-USDT,1152185000,1152187000,6163,110816
2025-07-25T07:48:20.057177,BTC-USDT,1152186000,1152196000,102918,0
2025-07-25T07:48:20.078569,BTC-USDT,0.0,1152254000,0.0,83900
2025-07-25T07:48:20.468155,BTC-USDT,1152186000,1152254000,133501,52565
2025-07-25T07:48:20.473233,BTC-USDT,0.0,1152187000,0.0,118814
2025-07-25T07:48:20.475615,BTC-USDT,0.0,1152187000,0.0,136470
2025-07-25T07:48:20.475673,BTC-USDT,1152070000,1152254000,0,24878
2025-07-25T07:48:20.476851,BTC-USDT,0.0,1152187000,0.0,136820
2025-07-25T07:48:20.477468,BTC-USDT,0.0,1152474000,0.0,0
2025-07-25T07:48:20.478356,BTC-USDT,1152046000,1152275000,0,0
2025-07-25T07:48:20.539003,BTC-USDT,0.0,1152275000,0.0,8000
2025-07-25T07:48:20.559037,BTC-USDT,0.0,1152187000,0.0,119164
2025-07-25T07:48:20.598242,BTC-USDT,1152070000,1152187000,17656,111166
2025-07-25T07:48:20.637941,BTC-USDT,0.0,1152282000,0.0,20000
2025-07-25T07:48:20.658012,BTC-USDT,0.0,1152474000,0.0,20000
2025-07-25T07:48:20.698164,BTC-USDT,0.0,1152196000,0.0,7998
2025-07-25T07:48:20.738017,BTC-USDT,0.0,1152187000,0.0,136820
2025-07-25T07:48:21.078461,BTC-USDT,1152009000,0.0,0,0.0
2025-07-25T07:48:21.198874,BTC-USDT,0.0,1152187000,0.0,128822
2025-07-25T07:48:21.258772,BTC-USDT,1151960000,0.0,93775,0.0
2025-07-25T07:48:21.358994,BTC-USDT,0.0,1152187000,0.0,111166
2025-07-25T07:48:21.399494,BTC-USDT,0.0,1152187000,0.0,119163
2025-07-25T07:48:22.160268,BTC-USDT,0.0,1152187000,0.0,136819
2025-07-25T07:48:22.180143,BTC-USDT,1152070000,0.0,0,0.0
2025-07-25T07:48:23.128126,BTC-USDT,1151941000,0.0,0,0.0
2025-07-25T07:48:23.132355,BTC-USDT,1151871000,0.0,24618,0.0
2025-07-25T07:48:24.488163,BTC-USDT,1151870000,0.0,0,0.0
2025-07-25T07:48:24.494055,BTC-USDT,1152186000,0.0,103501,0.0
2025-07-25T07:48:24.495779,BTC-USDT,0.0,1152319000,0.0,52152
2025-07-25T07:48:24.916699,BTC-USDT,0.0,1152323000,0.0,17656
2025-07-25T07:48:25.023972,BTC-USDT,0.0,1152307000,0.0,40889
2025-07-25T07:48:25.224527,BTC-USDT,1152106000,0.0,721,0.0
2025-07-25T07:48:25.245089,BTC-USDT,1151960000,0.0,0,0.0
2025-07-25T07:48:25.344267,BTC-USDT,1151917000,0.0,93816,0.0
2025-07-25T07:48:25.464737,BTC-USDT,1152070000,1152187000,17409,119163
2025-07-25T07:48:25.624886,BTC-USDT,0.0,1152187000,0.0,136572
2025-07-25T07:48:25.725051,BTC-USDT,1152070000,0.0,0,0.0
2025-07-25T07:48:25.765828,BTC-USDT,1152070000,0.0,17409,0.0
2025-07-25T07:48:25.945193,BTC-USDT,0.0,1152187000,0.0,119163
2025-07-25T07:48:26.025361,BTC-USDT,0.0,1152187000,0.0,8347
2025-07-25T07:48:26.285676,BTC-USDT,0.0,1152187000,0.0,25756
2025-07-25T07:48:26.526299,BTC-USDT,1152070000,0.0,0,0.0
2025-07-25T07:48:27.795915,BTC-USDT,1152070000,1152187000,17409,8347
2025-07-25T07:48:27.801134,BTC-USDT,1151917000,0.0,0,0.0
2025-07-25T07:48:27.802577,BTC-USDT,1151937000,0.0,94069,0.0
2025-07-25T07:48:29.637729,BTC-USDT,0.0,1152187000,0.0,25756
2025-07-25T07:48:29.642756,BTC-USDT,1152070000,0.0,0,0.0
2025-07-25T07:48:29.643850,BTC-USDT,0.0,1152378000,0.0,2861
2025-07-25T07:48:31.586500,BTC-USDT,1152070000,0.0,17409,0.0
2025-07-25T07:48:31.591596,BTC-USDT,0.0,1152378000,0.0,0
2025-07-25T07:48:31.593938,BTC-USDT,1152186000,1152187000,120910,0
2025-07-25T07:48:31.595369,BTC-USDT,1152186000,1152187000,7996,150000
2025-07-25T07:48:31.595939,BTC-USDT,1152186000,1152187000,7996,0
2025-07-25T07:48:31.597099,BTC-USDT,1152241000,0.0,95505,0.0
2025-07-25T07:48:31.598021,BTC-USDT,0.0,1152262000,0.0,20000
2025-07-25T07:48:31.598701,BTC-USDT,1152241000,1152242000,103501,117583
2025-07-25T07:48:31.599472,BTC-USDT,0.0,1152242000,0.0,235804
2025-07-25T07:48:31.600147,BTC-USDT,0.0,1152242000,0.0,385804
2025-07-25T07:48:31.614915,BTC-USDT,0.0,1152242000,0.0,411210
2025-07-25T07:48:31.675166,BTC-USDT,1151967000,1152242000,349,411562
2025-07-25T07:48:31.774070,BTC-USDT,0.0,1152242000,0.0,427643
2025-07-25T07:48:32.370483,BTC-USDT,1151943000,0.0,94119,0.0
2025-07-25T07:48:32.742998,BTC-USDT,1151954000,0.0,17409,0.0
2025-07-25T07:48:32.747643,BTC-USDT,0.0,1152242000,0.0,333514
2025-07-25T07:48:32.749572,BTC-USDT,0.0,1152242000,0.0,427603
2025-07-25T07:48:33.115985,BTC-USDT,0.0,1152242000,0.0,333514
2025-07-25T07:48:33.136022,BTC-USDT,0.0,1152242000,0.0,353371
2025-07-25T07:48:33.216357,BTC-USDT,0.0,1152242000,0.0,447471
2025-07-25T07:48:33.819609,BTC-USDT,0.0,1152401000,0.0,2910
2025-07-25T07:48:34.177585,BTC-USDT,1152108000,0.0,73800,0.0
2025-07-25T07:48:34.245836,BTC-USDT,1152070000,0.0,0,0.0
2025-07-25T07:48:34.265742,BTC-USDT,0.0,1152401000,0.0,0
2025-07-25T07:48:34.337935,BTC-USDT,1152022000,0.0,0,0.0
2025-07-25T07:48:34.357997,BTC-USDT,1152108000,0.0,0,0.0
2025-07-25T07:48:34.377903,BTC-USDT,1152241000,1152242000,7996,547594
2025-07-25T07:48:34.418268,BTC-USDT,0.0,1152242000,0.0,539597
2025-07-25T07:48:34.477988,BTC-USDT,0.0,1152243000,0.0,0
2025-07-25T07:48:34.518396,BTC-USDT,1152241000,1152386000,0,20000
2025-07-25T07:48:34.539062,BTC-USDT,1152108000,1152197000,73800,278225
2025-07-25T07:48:34.558307,BTC-USDT,1152108000,1152197000,0,128225
2025-07-25T07:48:34.598625,BTC-USDT,1152196000,1152197000,237069,136222
2025-07-25T07:48:34.658505,BTC-USDT,1152196000,0.0,95505,0.0
2025-07-25T07:48:34.799003,BTC-USDT,0.0,1152197000,0.0,152303
2025-07-25T07:48:34.820995,BTC-USDT,1152196000,1152197000,30583,476161
2025-07-25T07:48:34.858773,BTC-USDT,1152196000,1152197000,0,660589
2025-07-25T07:48:34.881012,BTC-USDT,1152186000,1152187000,0,128645
2025-07-25T07:48:34.910404,BTC-USDT,1152113000,1152183000,0,128645
2025-07-25T07:48:34.923511,BTC-USDT,1152046000,1152183000,0,304362
2025-07-25T07:48:34.959243,BTC-USDT,1152101000,1152183000,0,335418
2025-07-25T07:48:34.978955,BTC-USDT,0.0,1152183000,0.0,728160
2025-07-25T07:48:35.019043,BTC-USDT,1152048000,0.0,0,0.0
2025-07-25T07:48:35.059735,BTC-USDT,1152000000,0.0,141397,0.0
2025-07-25T07:48:35.160132,BTC-USDT,1152022000,0.0,73800,0.0
2025-07-25T07:48:35.199477,BTC-USDT,1152022000,0.0,0,0.0
2025-07-25T07:48:35.810038,BTC-USDT,0.0,1152262000,0.0,1
2025-07-25T07:48:35.816313,BTC-USDT,0.0,1152183000,0.0,754949
2025-07-25T07:48:36.440201,BTC-USDT,1152067000,0.0,199,0.0
2025-07-25T07:48:37.103006,BTC-USDT,0.0,1152183000,0.0,754950
2025-07-25T07:48:37.104053,BTC-USDT,1151915000,0.0,0,0.0
2025-07-25T07:48:39.875225,BTC-USDT,0.0,1152208000,0.0,114078
2025-07-25T07:48:40.358167,BTC-USDT,0.0,1152183000,0.0,849014
2025-07-25T07:48:40.366366,BTC-USDT,0.0,1152183000,0.0,827007
2025-07-25T07:48:40.368590,BTC-USDT,0.0,1152183000,0.0,849026
2025-07-25T07:48:41.010073,BTC-USDT,0.0,1152183000,0.0,754962
2025-07-25T07:48:41.017589,BTC-USDT,0.0,1152183000,0.0,849026
2025-07-25T07:48:42.510119,BTC-USDT,0.0,1152183000,0.0,754962
2025-07-25T07:48:42.610191,BTC-USDT,0.0,1152183000,0.0,849010
2025-07-25T07:48:43.090917,BTC-USDT,0.0,1152183000,0.0,754962
2025-07-25T07:48:43.191005,BTC-USDT,0.0,1152183000,0.0,849099
2025-07-25T07:48:43.791840,BTC-USDT,0.0,1152183000,0.0,754962
2025-07-25T07:48:43.811844,BTC-USDT,0.0,1152183000,0.0,754251
2025-07-25T07:48:43.831636,BTC-USDT,1152067000,0.0,0,0.0
2025-07-25T07:48:43.851684,BTC-USDT,0.0,1152183000,0.0,848388
2025-07-25T07:48:43.871650,BTC-USDT,0.0,1152183000,0.0,826752
2025-07-25T07:48:43.912270,BTC-USDT,1152009000,1152183000,628,856402
2025-07-25T07:48:44.248120,BTC-USDT,1152067000,0.0,177,0.0
2025-07-25T07:48:44.256328,BTC-USDT,0.0,1152183000,0.0,762265
2025-07-25T07:48:44.257364,BTC-USDT,0.0,1152183000,0.0,762643
2025-07-25T07:48:44.257811,BTC-USDT,0.0,1152183000,0.0,895718
2025-07-25T07:48:44.292385,BTC-USDT,1152166000,1152183000,0,989824
2025-07-25T07:48:44.352270,BTC-USDT,1151796000,0.0,25204,0.0
2025-07-25T07:48:44.673654,BTC-USDT,1151893000,1152222000,0,897
2025-07-25T07:48:45.356952,BTC-USDT,1152009000,0.0,0,0.0
2025-07-25T07:48:45.359447,BTC-USDT,0.0,1152221000,0.0,1
2025-07-25T07:48:45.374029,BTC-USDT,1151952000,0.0,996,0.0
2025-07-25T07:48:45.574464,BTC-USDT,1151834000,0.0,17631,0.0
2025-07-25T07:48:45.634509,BTC-USDT,0.0,1152183000,0.0,1009824
2025-07-25T07:48:46.194969,BTC-USDT,0.0,1152183000,0.0,1009825
2025-07-25T07:48:46.274974,BTC-USDT,0.0,1152183000,0.0,999540
2025-07-25T07:48:46.735375,BTC-USDT,1151783000,0.0,0,0.0
2025-07-25T07:48:48.177974,BTC-USDT,0.0,1152360000,0.0,218400
2025-07-25T07:48:48.518306,BTC-USDT,0.0,1152183000,0.0,999437
2025-07-25T07:48:50.441670,BTC-USDT,1152182000,1152098000,0,152191
2025-07-25T07:48:50.460669,BTC-USDT,1152067000,1152068000,0,286445
2025-07-25T07:48:50.480908,BTC-USDT,1152059000,1152060000,0,17631
2025-07-25T07:48:50.500744,BTC-USDT,1151985000,1152059000,15000,31134
2025-07-25T07:48:50.540973,BTC-USDT,1151986000,1152018000,71126,17631
2025-07-25T07:48:50.560902,BTC-USDT,1151987000,1152017000,7998,23136
2025-07-25T07:48:50.581057,BTC-USDT,1151986000,1152017000,30583,117165
2025-07-25T07:48:50.621049,BTC-USDT,1151986000,1152014000,0,17631
2025-07-25T07:48:50.661113,BTC-USDT,1151987000,1151996000,0,110816
2025-07-25T07:48:50.682000,BTC-USDT,1151986000,1151987000,0,55408
2025-07-25T07:48:50.701086,BTC-USDT,1151986000,1151987000,7998,110816
2025-07-25T07:48:50.741812,BTC-USDT,1151986000,1151987000,103503,110815
2025-07-25T07:48:50.781376,BTC-USDT,1151986000,0.0,103503,0.0
2025-07-25T07:48:50.801464,BTC-USDT,1151939000,0.0,0,0.0
2025-07-25T07:48:50.881497,BTC-USDT,0.0,1151993000,0.0,0
2025-07-25T07:48:50.901363,BTC-USDT,0.0,1152183000,0.0,64996
2025-07-25T07:48:50.941481,BTC-USDT,0.0,1151987000,0.0,0
2025-07-25T07:48:50.981933,BTC-USDT,1151986000,1151987000,0,150000
2025-07-25T07:48:51.021997,BTC-USDT,1151986000,1151987000,40543,0
2025-07-25T07:48:51.062417,BTC-USDT,1152016000,0.0,7998,0.0
2025-07-25T07:48:51.102015,BTC-USDT,1152016000,1152017000,95505,135116
2025-07-25T07:48:51.161892,BTC-USDT,1152016000,1152017000,103503,285116
2025-07-25T07:48:51.201997,BTC-USDT,1152016000,0.0,95505,0.0
2025-07-25T07:48:51.241949,BTC-USDT,1152016000,1152019000,103502,0
2025-07-25T07:48:51.983084,BTC-USDT,1151939000,0.0,73800,0.0
2025-07-25T07:48:52.003408,BTC-USDT,1151939000,0.0,0,0.0
2025-07-25T07:48:52.063585,BTC-USDT,1151938000,0.0,0,0.0
2025-07-25T07:48:52.083430,BTC-USDT,0.0,1152017000,0.0,293113
2025-07-25T07:48:52.578242,BTC-USDT,1151940000,0.0,1,0.0
2025-07-25T07:48:53.542149,BTC-USDT,0.0,1152060000,0.0,1
2025-07-25T07:48:53.946424,BTC-USDT,1151909000,0.0,73800,0.0
2025-07-25T07:48:54.374406,BTC-USDT,0.0,1152047000,0.0,2873
2025-07-25T07:48:54.847645,BTC-USDT,1151909000,0.0,0,0.0
2025-07-25T07:48:54.867652,BTC-USDT,0.0,1152047000,0.0,0
2025-07-25T07:48:54.947702,BTC-USDT,1151909000,0.0,73800,0.0
2025-07-25T07:48:55.468434,BTC-USDT,0.0,1152218000,0.0,42058
2025-07-25T07:48:55.849194,BTC-USDT,1151901000,0.0,92,0.0
2025-07-25T07:48:55.872117,BTC-USDT,1151931000,0.0,25071,0.0
2025-07-25T07:48:56.342062,BTC-USDT,1151941000,0.0,73800,0.0
2025-07-25T07:48:56.346239,BTC-USDT,0.0,1152017000,0.0,269977
2025-07-25T07:48:56.347575,BTC-USDT,0.0,1152097000,0.0,24985
2025-07-25T07:48:56.348115,BTC-USDT,0.0,1152191000,0.0,2847
2025-07-25T07:48:56.931470,BTC-USDT,1151953000,0.0,73800,0.0
2025-07-25T07:48:57.030768,BTC-USDT,0.0,1152191000,0.0,0
2025-07-25T07:48:58.188571,BTC-USDT,1151932000,0.0,0,0.0
2025-07-25T07:48:58.192644,BTC-USDT,1152016000,0.0,103035,0.0
2025-07-25T07:48:59.033573,BTC-USDT,1151953000,0.0,0,0.0
2025-07-25T07:48:59.054023,BTC-USDT,1151941000,0.0,0,0.0
2025-07-25T07:48:59.193875,BTC-USDT,1151765000,0.0,362,0.0
2025-07-25T07:49:00.345750,BTC-USDT,0.0,1152188000,0.0,2855
2025-07-25T07:49:01.071317,BTC-USDT,1151901000,0.0,0,0.0
2025-07-25T07:49:01.075738,BTC-USDT,1151941000,0.0,73800,0.0
2025-07-25T07:49:01.077362,BTC-USDT,0.0,1152017000,0.0,270327
2025-07-25T07:49:01.078881,BTC-USDT,1151941000,0.0,0,0.0
2025-07-25T07:49:03.005566,BTC-USDT,1151985000,0.0,15000,0.0
2025-07-25T07:49:04.142365,BTC-USDT,1151834000,1152065000,0,20000
2025-07-25T07:49:04.162238,BTC-USDT,1152016000,1152017000,0,554416
2025-07-25T07:49:04.182228,BTC-USDT,1151952000,1151953000,0,127953
2025-07-25T07:49:04.202363,BTC-USDT,1151940000,1151941000,0,135950
2025-07-25T07:49:04.222343,BTC-USDT,1151930000,1151931000,0,72545
2025-07-25T07:49:04.242845,BTC-USDT,1151903000,1151924000,771,127953
2025-07-25T07:49:04.262496,BTC-USDT,1151923000,1151924000,149060,277953
2025-07-25T07:49:04.282377,BTC-USDT,0.0,1151924000,0.0,285950
2025-07-25T07:49:04.322457,BTC-USDT,1151896000,0.0,108317,0.0
2025-07-25T07:49:04.382609,BTC-USDT,1151765000,0.0,0,0.0
2025-07-25T07:49:04.402508,BTC-USDT,0.0,1152017000,0.0,0
2025-07-25T07:49:04.442714,BTC-USDT,1151923000,0.0,212020,0.0
2025-07-25T07:49:04.482915,BTC-USDT,0.0,1151924000,0.0,286300
2025-07-25T07:49:04.603458,BTC-USDT,1151621000,0.0,362,0.0
2025-07-25T07:49:04.663130,BTC-USDT,1151923000,0.0,95038,0.0
2025-07-25T07:49:04.703161,BTC-USDT,0.0,1151924000,0.0,312383
2025-07-25T07:49:05.429319,BTC-USDT,1151830000,0.0,73800,0.0
2025-07-25T07:49:05.437623,BTC-USDT,0.0,1152081000,0.0,0
2025-07-25T07:49:05.440015,BTC-USDT,1151835000,0.0,128472,0.0
2025-07-25T07:49:05.441179,BTC-USDT,1151795000,1151950000,0,24147
2025-07-25T07:49:05.442218,BTC-USDT,1151602000,1152219000,17151,2873
2025-07-25T07:49:05.443232,BTC-USDT,1151830000,0.0,0,0.0
2025-07-25T07:49:05.444621,BTC-USDT,1151820000,0.0,0,0.0
2025-07-25T07:49:05.565030,BTC-USDT,1151718000,0.0,0,0.0
2025-07-25T07:49:05.825117,BTC-USDT,1151836000,0.0,73800,0.0
2025-07-25T07:49:05.845434,BTC-USDT,1151836000,0.0,0,0.0
2025-07-25T07:49:06.025886,BTC-USDT,1151908000,0.0,0,0.0
2025-07-25T07:49:06.206354,BTC-USDT,1151903000,1151980000,0,1
2025-07-25T07:49:06.266313,BTC-USDT,0.0,1152128000,0.0,146428
2025-07-25T07:49:06.305832,BTC-USDT,0.0,1152183000,0.0,17829
2025-07-25T07:49:06.366022,BTC-USDT,1151923000,0.0,62960,0.0
2025-07-25T07:49:06.406337,BTC-USDT,1151923000,1151908000,0,105141
2025-07-25T07:49:06.425952,BTC-USDT,0.0,1151893000,0.0,230556
2025-07-25T07:49:06.445976,BTC-USDT,1151892000,1151893000,64455,285964
2025-07-25T07:49:06.486886,BTC-USDT,1151892000,1151924000,95038,26083
2025-07-25T07:49:06.546202,BTC-USDT,1151861000,0.0,0,0.0
2025-07-25T07:49:06.566339,BTC-USDT,1151780000,0.0,23112,0.0
2025-07-25T07:49:06.606816,BTC-USDT,0.0,1151893000,0.0,300947
2025-07-25T07:49:06.686687,BTC-USDT,0.0,1151893000,0.0,301297
2025-07-25T07:49:06.827317,BTC-USDT,1151839000,0.0,964,0.0
2025-07-25T07:49:07.358918,BTC-USDT,1151892000,0.0,103035,0.0
2025-07-25T07:49:07.788548,BTC-USDT,1151828000,0.0,73800,0.0
2025-07-25T07:49:07.868708,BTC-USDT,1151828000,0.0,0,0.0
2025-07-25T07:49:08.016135,BTC-USDT,1151892000,1151893000,103035,301297
2025-07-25T07:49:09.265021,BTC-USDT,1151819000,0.0,1,0.0
2025-07-25T07:49:10.443102,BTC-USDT,1151892000,0.0,64062,0.0
2025-07-25T07:49:11.234511,BTC-USDT,0.0,1151893000,0.0,394795
2025-07-25T07:49:11.238957,BTC-USDT,0.0,1151980000,0.0,2876
2025-07-25T07:49:11.394771,BTC-USDT,1151710000,1151893000,0,494918
2025-07-25T07:49:11.434331,BTC-USDT,1151892000,1151937000,0,50917
2025-07-25T07:49:11.474088,BTC-USDT,1151860000,1151866000,0,285964
2025-07-25T07:49:11.494398,BTC-USDT,0.0,1151893000,0.0,414362
2025-07-25T07:49:11.885974,BTC-USDT,1151865000,1151866000,62977,405708
2025-07-25T07:49:11.890980,BTC-USDT,0.0,1151893000,0.0,72107
2025-07-25T07:49:11.892108,BTC-USDT,1151656000,0.0,0,0.0
2025-07-25T07:49:11.892963,BTC-USDT,0.0,1151893000,0.0,30141
2025-07-25T07:49:11.893439,BTC-USDT,0.0,1151866000,0.0,421799
2025-07-25T07:49:11.894088,BTC-USDT,0.0,1151893000,0.0,0
2025-07-25T07:49:11.894129,BTC-USDT,0.0,1151866000,0.0,422149
2025-07-25T07:49:11.936169,BTC-USDT,1151537000,0.0,1,0.0
2025-07-25T07:49:11.975346,BTC-USDT,1151865000,1151866000,6912,428496
2025-07-25T07:49:12.014995,BTC-USDT,1151865000,1151949000,0,80985
2025-07-25T07:49:12.034935,BTC-USDT,1151768000,1151781000,0,162677
2025-07-25T07:49:12.054935,BTC-USDT,1151779000,1151781000,0,228090
2025-07-25T07:49:12.096432,BTC-USDT,1151780000,1151781000,53112,329817
2025-07-25T07:49:12.135842,BTC-USDT,0.0,1151781000,0.0,218936
2025-07-25T07:49:12.215161,BTC-USDT,1151780000,1151781000,126328,8533
2025-07-25T07:49:12.256380,BTC-USDT,1151780000,1151949000,117545,0
2025-07-25T07:49:12.296062,BTC-USDT,1151495000,0.0,93726,0.0
2025-07-25T07:49:12.335365,BTC-USDT,0.0,1151781000,0.0,102259
2025-07-25T07:49:12.395515,BTC-USDT,0.0,1151781000,0.0,110256
2025-07-25T07:49:12.435532,BTC-USDT,1151495000,0.0,0,0.0
2025-07-25T07:49:12.456017,BTC-USDT,1151370000,1151781000,17151,127407
2025-07-25T07:49:12.495585,BTC-USDT,1151780000,1151859000,102545,1
2025-07-25T07:49:12.535594,BTC-USDT,1151503000,0.0,93726,0.0
2025-07-25T07:49:13.000172,BTC-USDT,1151725000,0.0,73800,0.0
2025-07-25T07:49:13.005639,BTC-USDT,1151719000,0.0,73800,0.0
2025-07-25T07:49:13.036823,BTC-USDT,0.0,1151818000,0.0,1
2025-07-25T07:49:13.116731,BTC-USDT,0.0,1151781000,0.0,33681
2025-07-25T07:49:13.217002,BTC-USDT,0.0,1151781000,0.0,127379
2025-07-25T07:49:15.158637,BTC-USDT,0.0,1151781000,0.0,110228
2025-07-25T07:49:15.166348,BTC-USDT,1151741000,0.0,73800,0.0
2025-07-25T07:49:15.169983,BTC-USDT,0.0,1151781000,0.0,127719
2025-07-25T07:49:15.171680,BTC-USDT,1151741000,0.0,0,0.0
2025-07-25T07:49:15.199664,BTC-USDT,1151513000,0.0,93645,0.0
2025-07-25T07:49:15.660471,BTC-USDT,0.0,1151781000,0.0,110228
2025-07-25T07:49:15.680828,BTC-USDT,1151725000,0.0,0,0.0
2025-07-25T07:49:15.700601,BTC-USDT,1151725000,1151781000,73800,184028
2025-07-25T07:49:15.741471,BTC-USDT,1151725000,0.0,0,0.0
2025-07-25T07:49:16.221965,BTC-USDT,0.0,1151781000,0.0,201519
2025-07-25T07:49:16.241718,BTC-USDT,1151719000,0.0,0,0.0
2025-07-25T07:49:16.281733,BTC-USDT,1151780000,0.0,102174,0.0
2025-07-25T07:49:16.301577,BTC-USDT,1151780000,1151781000,87174,335885
2025-07-25T07:49:16.321731,BTC-USDT,1151780000,1151781000,64062,336235
2025-07-25T07:49:16.401997,BTC-USDT,0.0,1151843000,0.0,540
2025-07-25T07:49:16.422221,BTC-USDT,0.0,1151810000,0.0,152789
2025-07-25T07:49:16.502180,BTC-USDT,1151725000,1151858000,22467,22774
2025-07-25T07:49:16.836755,BTC-USDT,0.0,1151781000,0.0,318744
2025-07-25T07:49:16.839892,BTC-USDT,0.0,1152092000,0.0,2857
2025-07-25T07:49:16.840690,BTC-USDT,0.0,1151806000,0.0,73800
2025-07-25T07:49:16.841169,BTC-USDT,1151726000,0.0,73800,0.0
2025-07-25T07:49:16.842268,BTC-USDT,1151726000,1151781000,0,317140
2025-07-25T07:49:16.842842,BTC-USDT,1151700000,0.0,73800,0.0
2025-07-25T07:49:16.862694,BTC-USDT,0.0,1151781000,0.0,243340
2025-07-25T07:49:16.902810,BTC-USDT,0.0,1151781000,0.0,242990
2025-07-25T07:49:17.063107,BTC-USDT,1151724000,0.0,134283,0.0
2025-07-25T07:49:17.660244,BTC-USDT,0.0,1151806000,0.0,0
2025-07-25T07:49:17.664307,BTC-USDT,0.0,1151781000,0.0,149292
2025-07-25T07:49:17.665403,BTC-USDT,0.0,1151781000,0.0,242949
2025-07-25T07:49:17.683752,BTC-USDT,1151726000,1151806000,73800,73800
2025-07-25T07:49:17.924569,BTC-USDT,0.0,1151858000,0.0,0
2025-07-25T07:49:17.944459,BTC-USDT,0.0,1151936000,0.0,22774
2025-07-25T07:49:17.964085,BTC-USDT,0.0,1151781000,0.0,149292
2025-07-25T07:49:17.984457,BTC-USDT,0.0,1151809000,0.0,0
2025-07-25T07:49:18.045483,BTC-USDT,0.0,1151781000,0.0,242949
2025-07-25T07:49:18.184586,BTC-USDT,0.0,1151781000,0.0,149292
2025-07-25T07:49:18.999890,BTC-USDT,0.0,1151781000,0.0,242922
2025-07-25T07:49:19.010082,BTC-USDT,1151719000,1151806000,73800,73800
2025-07-25T07:49:19.012356,BTC-USDT,1151700000,0.0,0,0.0
2025-07-25T07:49:19.014883,BTC-USDT,1151486000,0.0,17491,0.0
2025-07-25T07:49:19.065715,BTC-USDT,0.0,1151806000,0.0,0
2025-07-25T07:49:19.549854,BTC-USDT,1151780000,0.0,64433,0.0
2025-07-25T07:49:19.554935,BTC-USDT,1151780000,0.0,81924,0.0
2025-07-25T07:49:19.626985,BTC-USDT,1151780000,0.0,64433,0.0
2025-07-25T07:49:19.668517,BTC-USDT,1151780000,0.0,138233,0.0
2025-07-25T07:49:19.787946,BTC-USDT,1151780000,0.0,155724,0.0
2025-07-25T07:49:19.867347,BTC-USDT,1151780000,0.0,138233,0.0
2025-07-25T07:49:19.887543,BTC-USDT,1151780000,0.0,64433,0.0
2025-07-25T07:49:21.296024,BTC-USDT,0.0,1151781000,0.0,149292
2025-07-25T07:49:21.304365,BTC-USDT,0.0,1151781000,0.0,242892
2025-07-25T07:49:21.306147,BTC-USDT,0.0,1151781000,0.0,149292
2025-07-25T07:49:21.329586,BTC-USDT,0.0,1151781000,0.0,242883
2025-07-25T07:49:21.370059,BTC-USDT,0.0,1151781000,0.0,149292
2025-07-25T07:49:21.912981,BTC-USDT,0.0,1151781000,0.0,242865
2025-07-25T07:49:21.917579,BTC-USDT,0.0,1151781000,0.0,149292
2025-07-25T07:49:21.918671,BTC-USDT,1151780000,1151781000,81924,242848
2025-07-25T07:49:22.051034,BTC-USDT,0.0,1151781000,0.0,149292
2025-07-25T07:49:22.131017,BTC-USDT,1151780000,0.0,64433,0.0
2025-07-25T07:49:22.532251,BTC-USDT,0.0,1151781000,0.0,242848
2025-07-25T07:49:22.538036,BTC-USDT,0.0,1151781000,0.0,149292
2025-07-25T07:49:22.539896,BTC-USDT,0.0,1151781000,0.0,242839
2025-07-25T07:49:22.751738,BTC-USDT,1151741000,0.0,0,0.0
2025-07-25T07:49:23.432730,BTC-USDT,0.0,1152092000,0.0,0
2025-07-25T07:49:23.895758,BTC-USDT,1151780000,0.0,138233,0.0
2025-07-25T07:49:23.898810,BTC-USDT,1151780000,0.0,64433,0.0
2025-07-25T07:49:24.033566,BTC-USDT,0.0,1151781000,0.0,149292
2025-07-25T07:49:24.134220,BTC-USDT,0.0,1151781000,0.0,242830
2025-07-25T07:49:24.754874,BTC-USDT,1151741000,1151809000,73800,73800
2025-07-25T07:49:24.757868,BTC-USDT,0.0,1151781000,0.0,227567
2025-07-25T07:49:24.758492,BTC-USDT,0.0,1151809000,0.0,0
2025-07-25T07:49:24.758992,BTC-USDT,0.0,1151781000,0.0,235564
2025-07-25T07:49:24.794550,BTC-USDT,1151780000,0.0,64750,0.0
2025-07-25T07:49:24.854898,BTC-USDT,0.0,1152037000,0.0,2838
2025-07-25T07:49:25.075200,BTC-USDT,0.0,1151781000,0.0,142026
2025-07-25T07:49:25.255255,BTC-USDT,0.0,1151781000,0.0,235486
2025-07-25T07:49:25.596136,BTC-USDT,0.0,1151809000,0.0,73800
2025-07-25T07:49:25.796401,BTC-USDT,0.0,1151781000,0.0,142026
2025-07-25T07:49:25.836947,BTC-USDT,0.0,1151809000,0.0,0
2025-07-25T07:49:26.036813,BTC-USDT,0.0,1151781000,0.0,235479
2025-07-25T07:49:26.860405,BTC-USDT,1151780000,0.0,82024,0.0
2025-07-25T07:49:26.865848,BTC-USDT,0.0,1152037000,0.0,0
2025-07-25T07:49:26.868665,BTC-USDT,1151780000,0.0,155824,0.0
2025-07-25T07:49:26.869937,BTC-USDT,0.0,1151897000,0.0,0
2025-07-25T07:49:27.038260,BTC-USDT,0.0,1151781000,0.0,142026
2025-07-25T07:49:27.139028,BTC-USDT,0.0,1151781000,0.0,235479
2025-07-25T07:49:27.179364,BTC-USDT,0.0,1151781000,0.0,142026
2025-07-25T07:49:27.459246,BTC-USDT,0.0,1151781000,0.0,235556
2025-07-25T07:49:28.160036,BTC-USDT,0.0,1151781000,0.0,235403
2025-07-25T07:49:28.180241,BTC-USDT,1151780000,1151781000,82024,141873
2025-07-25T07:49:28.503002,BTC-USDT,0.0,1151781000,0.0,235408
2025-07-25T07:49:28.560622,BTC-USDT,1151780000,0.0,155824,0.0
2025-07-25T07:49:29.542316,BTC-USDT,0.0,1151781000,0.0,141873
2025-07-25T07:49:29.622304,BTC-USDT,0.0,1151781000,0.0,7997
2025-07-25T07:49:29.642246,BTC-USDT,1151780000,1151781000,147827,101515
2025-07-25T07:49:29.662221,BTC-USDT,1151780000,1151781000,155824,0
2025-07-25T07:49:29.682375,BTC-USDT,1151805000,1151810000,17274,0
2025-07-25T07:49:29.702987,BTC-USDT,1151781000,0.0,0,0.0
2025-07-25T07:49:29.742321,BTC-USDT,1151805000,1151806000,147609,0
2025-07-25T07:49:29.782357,BTC-USDT,1151806000,1151807000,25271,6911
2025-07-25T07:49:30.124964,BTC-USDT,1151805000,0.0,470,0.0
2025-07-25T07:49:30.129491,BTC-USDT,1151806000,1151807000,155136,119724
2025-07-25T07:49:30.131004,BTC-USDT,1151806000,1151807000,155606,269724
2025-07-25T07:49:30.131692,BTC-USDT,1151806000,1151807000,81806,176203
2025-07-25T07:49:30.132167,BTC-USDT,0.0,1151807000,0.0,295590
2025-07-25T07:49:30.132580,BTC-USDT,0.0,1151807000,0.0,404081
2025-07-25T07:49:30.384153,BTC-USDT,0.0,1151923000,0.0,17274
2025-07-25T07:49:30.563537,BTC-USDT,1151806000,0.0,81806,0.0
2025-07-25T07:49:30.623700,BTC-USDT,0.0,1151807000,0.0,310569
2025-07-25T07:49:30.723773,BTC-USDT,0.0,1151807000,0.0,404081
2025-07-25T07:49:31.104622,BTC-USDT,1151806000,0.0,64532,0.0
2025-07-25T07:49:31.204630,BTC-USDT,0.0,1151807000,0.0,404082
2025-07-25T07:49:31.364739,BTC-USDT,0.0,1151807000,0.0,310570
2025-07-25T07:49:31.425013,BTC-USDT,1151806000,1151807000,63477,303627
2025-07-25T07:49:31.445249,BTC-USDT,0.0,1151837000,0.0,73800
2025-07-25T07:49:31.484892,BTC-USDT,0.0,1151807000,0.0,397105
2025-07-25T07:49:31.605225,BTC-USDT,0.0,1152059000,0.0,2887
2025-07-25T07:49:31.705425,BTC-USDT,0.0,1151837000,0.0,0
2025-07-25T07:49:32.226014,BTC-USDT,0.0,1151807000,0.0,303627
2025-07-25T07:49:32.326693,BTC-USDT,0.0,1151807000,0.0,397080
2025-07-25T07:49:33.088247,BTC-USDT,0.0,1151807000,0.0,303627
2025-07-25T07:49:33.188111,BTC-USDT,0.0,1151807000,0.0,397080
2025-07-25T07:49:33.868547,BTC-USDT,0.0,1151807000,0.0,303627
2025-07-25T07:49:33.968860,BTC-USDT,0.0,1151807000,0.0,397080
2025-07-25T07:49:34.342285,BTC-USDT,1151806000,1151807000,32894,466582
2025-07-25T07:49:34.348169,BTC-USDT,1151806000,1151807000,7412,497567
2025-07-25T07:49:34.348207,BTC-USDT,1151370000,1152024000,17274,0
2025-07-25T07:49:34.348932,BTC-USDT,1151462000,0.0,93453,0.0
2025-07-25T07:49:34.349952,BTC-USDT,1151448000,0.0,365,0.0
2025-07-25T07:49:34.409438,BTC-USDT,0.0,1151813000,0.0,24421
2025-07-25T07:49:34.449565,BTC-USDT,0.0,1151846000,0.0,981
2025-07-25T07:49:34.490056,BTC-USDT,0.0,1151807000,0.0,571367
2025-07-25T07:49:34.529634,BTC-USDT,1151603000,0.0,73800,0.0
2025-07-25T07:49:34.649744,BTC-USDT,1151725000,0.0,0,0.0
2025-07-25T07:49:34.691061,BTC-USDT,1151806000,0.0,470,0.0
2025-07-25T07:49:35.191167,BTC-USDT,1151603000,1151959000,0,372864
2025-07-25T07:49:35.231707,BTC-USDT,1151806000,1151807000,0,773314
2025-07-25T07:49:35.250882,BTC-USDT,1151698000,1151699000,0,194056
2025-07-25T07:49:35.270699,BTC-USDT,0.0,1151687000,0.0,128643
2025-07-25T07:49:35.291017,BTC-USDT,1151658000,1151687000,0,303621
2025-07-25T07:49:35.350768,BTC-USDT,1151462000,1151790000,0,50199
2025-07-25T07:49:35.430904,BTC-USDT,1151355000,0.0,101453,0.0
2025-07-25T07:49:35.471060,BTC-USDT,1151686000,0.0,15000,0.0
2025-07-25T07:49:35.511148,BTC-USDT,1151583000,1151697000,73800,73800
2025-07-25T07:49:35.551308,BTC-USDT,1151686000,1151687000,0,320076
2025-07-25T07:49:35.592090,BTC-USDT,1151486000,1151686000,0,279698
2025-07-25T07:49:35.611672,BTC-USDT,1151659000,1151686000,0,393782
2025-07-25T07:49:35.631565,BTC-USDT,0.0,1151686000,0.0,703320
2025-07-25T07:49:35.671523,BTC-USDT,1151619000,1151686000,0,808993
2025-07-25T07:49:35.711606,BTC-USDT,1151685000,1151789000,0,61034
2025-07-25T07:49:35.753478,BTC-USDT,0.0,1151617000,0.0,168643
2025-07-25T07:49:35.753530,BTC-USDT,1151593000,1151617000,0,212482
2025-07-25T07:49:35.771611,BTC-USDT,1151616000,1151617000,0,328119
2025-07-25T07:49:36.178512,BTC-USDT,1151527000,1151578000,0,279698
2025-07-25T07:49:36.182995,BTC-USDT,1151537000,1151578000,0,163353
2025-07-25T07:49:36.184151,BTC-USDT,1151577000,1151578000,0,198836
2025-07-25T07:49:36.184739,BTC-USDT,1151355000,1151551000,0,128643
2025-07-25T07:49:36.186708,BTC-USDT,0.0,1151573000,0.0,0
2025-07-25T07:49:36.186749,BTC-USDT,1151550000,1151578000,158597,34428
2025-07-25T07:49:36.187026,BTC-USDT,1151550000,1151617000,214662,25875
2025-07-25T07:49:36.187538,BTC-USDT,0.0,1151578000,0.0,0
2025-07-25T07:49:36.188119,BTC-USDT,1151550000,1151551000,215132,222096
2025-07-25T07:49:36.188719,BTC-USDT,0.0,1151584000,0.0,8000
2025-07-25T07:49:36.189467,BTC-USDT,1151550000,1151551000,63477,223151
2025-07-25T07:49:36.192471,BTC-USDT,0.0,1151551000,0.0,223515
2025-07-25T07:49:36.332746,BTC-USDT,1151550000,0.0,7412,0.0
2025-07-25T07:49:36.374109,BTC-USDT,1151370000,1151551000,0,323638
2025-07-25T07:49:36.413347,BTC-USDT,1151355000,0.0,8000,0.0
2025-07-25T07:49:36.473190,BTC-USDT,1151456000,1151551000,73700,397338
2025-07-25T07:49:36.513287,BTC-USDT,1151473000,1151577000,0,73700
2025-07-25T07:49:36.573136,BTC-USDT,1151310000,0.0,92975,0.0
2025-07-25T07:49:36.613507,BTC-USDT,1151524000,0.0,0,0.0
2025-07-25T07:49:36.673561,BTC-USDT,0.0,1151551000,0.0,399297
2025-07-25T07:49:37.014876,BTC-USDT,1151502000,0.0,0,0.0
2025-07-25T07:49:37.466680,BTC-USDT,0.0,1151551000,0.0,406206
2025-07-25T07:49:37.471300,BTC-USDT,1151550000,1151551000,6942,725700
2025-07-25T07:49:37.472807,BTC-USDT,1151550000,1151550000,0,1055
2025-07-25T07:49:37.474771,BTC-USDT,1151417000,1151501000,0,128643
2025-07-25T07:49:37.474833,BTC-USDT,1151500000,1151500000,0,1055
2025-07-25T07:49:37.475192,BTC-USDT,1151499000,1151500000,56065,129698
2025-07-25T07:49:37.476226,BTC-USDT,1151483000,1151549000,0,0
2025-07-25T07:49:37.477504,BTC-USDT,1151499000,0.0,63007,0.0
2025-07-25T07:49:37.477556,BTC-USDT,1151499000,0.0,63477,0.0
2025-07-25T07:49:37.494671,BTC-USDT,1151458000,0.0,73700,0.0
2025-07-25T07:49:37.918093,BTC-USDT,1151458000,0.0,0,0.0
2025-07-25T07:49:37.922529,BTC-USDT,0.0,1151500000,0.0,130062
2025-07-25T07:49:37.923664,BTC-USDT,1151383000,0.0,17827,0.0
2025-07-25T07:49:37.924410,BTC-USDT,0.0,1151551000,0.0,100362
2025-07-25T07:49:37.935535,BTC-USDT,1151499000,1151500000,470,230185
2025-07-25T07:49:37.955539,BTC-USDT,0.0,1151500000,0.0,380185
2025-07-25T07:49:37.977302,BTC-USDT,1151499000,1151500000,0,668734
2025-07-25T07:49:37.995569,BTC-USDT,1151457000,1151458000,0,129698
2025-07-25T07:49:38.015540,BTC-USDT,1151358000,1151380000,0,110816
2025-07-25T07:49:38.036049,BTC-USDT,1151379000,1151380000,77974,184516
2025-07-25T07:49:38.095769,BTC-USDT,1151379000,1151380000,99916,295796
2025-07-25T07:49:38.145303,BTC-USDT,1151254000,1151422000,0,0
2025-07-25T07:49:38.175857,BTC-USDT,1151379000,1151380000,85386,279024
2025-07-25T07:49:38.216974,BTC-USDT,1151082000,0.0,70297,0.0
2025-07-25T07:49:38.316011,BTC-USDT,1151000000,0.0,93453,0.0
2025-07-25T07:49:38.356227,BTC-USDT,0.0,1151380000,0.0,279388
2025-07-25T07:49:38.436852,BTC-USDT,0.0,1151538000,0.0,18191
2025-07-25T07:49:38.476457,BTC-USDT,1151280000,1151457000,73700,0
2025-07-25T07:49:38.597488,BTC-USDT,1151263000,0.0,17827,0.0
2025-07-25T07:49:38.776913,BTC-USDT,0.0,1151380000,0.0,185935
2025-07-25T07:49:38.937158,BTC-USDT,1151076000,1151380000,93453,279388
2025-07-25T07:49:38.977566,BTC-USDT,1151379000,1151380000,85386,94872
2025-07-25T07:49:39.097297,BTC-USDT,1151076000,1151380000,0,94508
2025-07-25T07:49:39.197465,BTC-USDT,1151116000,0.0,93453,0.0
2025-07-25T07:49:39.277772,BTC-USDT,0.0,1151617000,0.0,1
2025-07-25T07:49:39.317658,BTC-USDT,0.0,1151576000,0.0,1
2025-07-25T07:49:39.437855,BTC-USDT,1151343000,0.0,73700,0.0
2025-07-25T07:49:39.478346,BTC-USDT,1151379000,1151508000,159086,96086
2025-07-25T07:49:39.538343,BTC-USDT,1151022000,0.0,17827,0.0
2025-07-25T07:49:40.012532,BTC-USDT,1151379000,0.0,176913,0.0
2025-07-25T07:49:40.015855,BTC-USDT,1151379000,0.0,177264,0.0
2025-07-25T07:49:40.019180,BTC-USDT,1151379000,0.0,159437,0.0
2025-07-25T07:49:40.199415,BTC-USDT,1151099000,0.0,0,0.0
2025-07-25T07:49:40.239392,BTC-USDT,1151022000,0.0,17827,0.0
2025-07-25T07:49:40.259518,BTC-USDT,0.0,1151657000,0.0,1
2025-07-25T07:49:40.319530,BTC-USDT,0.0,1151536000,0.0,1
2025-07-25T07:49:40.459996,BTC-USDT,1151319000,0.0,73700,0.0
2025-07-25T07:49:40.600233,BTC-USDT,1151100000,0.0,7500,0.0
2025-07-25T07:49:41.062087,BTC-USDT,0.0,1151380000,0.0,1055
2025-07-25T07:49:41.080957,BTC-USDT,1151380000,1151380000,6942,0
2025-07-25T07:49:41.102973,BTC-USDT,1151380000,1151401000,80642,110816
2025-07-25T07:49:41.146475,BTC-USDT,1151381000,1151400000,32424,1055
2025-07-25T07:49:41.147853,BTC-USDT,1151382000,1151401000,6942,55408
2025-07-25T07:49:41.161063,BTC-USDT,1151382000,1151383000,73700,110816
2025-07-25T07:49:41.201569,BTC-USDT,1151382000,1151399000,106124,93453
2025-07-25T07:49:41.241181,BTC-USDT,1151382000,0.0,106594,0.0
2025-07-25T07:49:41.361403,BTC-USDT,1151379000,0.0,21909,0.0
2025-07-25T07:49:41.401677,BTC-USDT,1151382000,1151383000,63477,111871
2025-07-25T07:49:41.749290,BTC-USDT,1151022000,1151383000,17827,111871
2025-07-25T07:49:41.752915,BTC-USDT,1151150000,1151770000,93453,17827
2025-07-25T07:49:42.242951,BTC-USDT,0.0,1151399000,0.0,0
2025-07-25T07:49:42.283874,BTC-USDT,0.0,1151456000,0.0,1
2025-07-25T07:49:42.303067,BTC-USDT,0.0,1151435000,0.0,7848
2025-07-25T07:49:42.343022,BTC-USDT,0.0,1151383000,0.0,205323
2025-07-25T07:49:42.403031,BTC-USDT,1151343000,1151434000,73700,73700
2025-07-25T07:49:42.744414,BTC-USDT,1151343000,0.0,0,0.0
2025-07-25T07:49:43.500331,BTC-USDT,0.0,1151415000,0.0,1
2025-07-25T07:49:43.503883,BTC-USDT,1151382000,1151432000,63477,73700
2025-07-25T07:49:43.525641,BTC-USDT,1151382000,1151383000,81655,1055
2025-07-25T07:49:43.545103,BTC-USDT,0.0,1151399000,0.0,93452
2025-07-25T07:49:43.565025,BTC-USDT,0.0,1151383000,0.0,0
2025-07-25T07:49:43.585410,BTC-USDT,1151383000,1151398000,6942,101178
2025-07-25T07:49:43.605262,BTC-USDT,1151343000,0.0,73700,0.0
2025-07-25T07:49:43.626552,BTC-USDT,1151383000,1151397000,80642,1055
2025-07-25T07:49:43.645317,BTC-USDT,0.0,1151398000,0.0,65413
2025-07-25T07:49:43.665532,BTC-USDT,1151384000,1151396000,63007,69138
2025-07-25T07:49:43.725690,BTC-USDT,1151387000,1151395000,17827,30985
2025-07-25T07:49:43.745419,BTC-USDT,1151387000,0.0,91527,0.0
2025-07-25T07:49:43.785606,BTC-USDT,1151388000,1151394000,30583,34710
2025-07-25T07:49:43.825596,BTC-USDT,1151393000,1151395000,6942,0
2025-07-25T07:49:43.866455,BTC-USDT,1151388000,0.0,0,0.0
2025-07-25T07:49:43.885901,BTC-USDT,0.0,1151394000,0.0,100123
2025-07-25T07:49:43.926042,BTC-USDT,1151393000,1151398000,0,0
2025-07-25T07:49:43.945971,BTC-USDT,0.0,1151391000,0.0,145526
2025-07-25T07:49:43.966009,BTC-USDT,0.0,1151393000,0.0,0
2025-07-25T07:49:44.005956,BTC-USDT,0.0,1151391000,0.0,179954
2025-07-25T07:49:44.106282,BTC-USDT,0.0,1151408000,0.0,0
2025-07-25T07:49:44.246226,BTC-USDT,0.0,1151407000,0.0,93452
2025-07-25T07:49:44.667323,BTC-USDT,1151390000,0.0,7412,0.0
2025-07-25T07:49:44.707391,BTC-USDT,0.0,1151391000,0.0,181009
2025-07-25T07:49:44.809211,BTC-USDT,1151390000,1151391000,470,200423
2025-07-25T07:49:44.827627,BTC-USDT,1151390000,1151391000,0,804791
2025-07-25T07:49:44.847639,BTC-USDT,0.0,1151319000,0.0,146581
2025-07-25T07:49:44.867653,BTC-USDT,1151295000,1151319000,0,423488
2025-07-25T07:49:45.222652,BTC-USDT,0.0,1151319000,0.0,523105
2025-07-25T07:49:45.227243,BTC-USDT,0.0,1151391000,0.0,0
2025-07-25T07:49:45.228711,BTC-USDT,0.0,1151319000,0.0,714210
2025-07-25T07:49:45.229965,BTC-USDT,0.0,1151720000,0.0,59253
2025-07-25T07:49:45.231857,BTC-USDT,1150925000,0.0,365,0.0
2025-07-25T07:49:45.232367,BTC-USDT,0.0,1151354000,0.0,24000
2025-07-25T07:49:45.232449,BTC-USDT,1151138000,0.0,0,0.0
2025-07-25T07:49:45.232703,BTC-USDT,1151132000,1151319000,93451,725630
2025-07-25T07:49:45.368422,BTC-USDT,0.0,1151394000,0.0,364
2025-07-25T07:49:45.428581,BTC-USDT,0.0,1151407000,0.0,0
2025-07-25T07:49:45.468559,BTC-USDT,0.0,1151319000,0.0,819081
2025-07-25T07:49:45.548725,BTC-USDT,1151132000,0.0,0,0.0
2025-07-25T07:49:45.588939,BTC-USDT,0.0,1151319000,0.0,879081
2025-07-25T07:49:45.628927,BTC-USDT,0.0,1151319000,0.0,899081
2025-07-25T07:49:45.648928,BTC-USDT,1151059000,0.0,93451,0.0
2025-07-25T07:49:45.749206,BTC-USDT,1151059000,0.0,0,0.0
2025-07-25T07:49:45.789356,BTC-USDT,0.0,1151602000,0.0,37430
2025-07-25T07:49:45.810051,BTC-USDT,1151185000,1151319000,90807,907084
2025-07-25T07:49:45.829551,BTC-USDT,0.0,1151327000,0.0,49836
2025-07-25T07:49:45.870035,BTC-USDT,0.0,1151375000,0.0,1
2025-07-25T07:49:45.909409,BTC-USDT,1151318000,0.0,0,0.0
2025-07-25T07:49:45.953549,BTC-USDT,1151082000,1151265000,0,279074
2025-07-25T07:49:45.953600,BTC-USDT,0.0,1151319000,0.0,783887
2025-07-25T07:49:45.969609,BTC-USDT,0.0,1151265000,0.0,464213
2025-07-25T07:49:46.010089,BTC-USDT,0.0,1151265000,0.0,496746
2025-07-25T07:49:46.069776,BTC-USDT,0.0,1151319000,0.0,351757
2025-07-25T07:49:46.089735,BTC-USDT,0.0,1151319000,0.0,325882
2025-07-25T07:49:46.130078,BTC-USDT,0.0,1151265000,0.0,522621
2025-07-25T07:49:46.169983,BTC-USDT,0.0,1151265000,0.0,616072
2025-07-25T07:49:46.270103,BTC-USDT,0.0,1151319000,0.0,302043
2025-07-25T07:49:46.311168,BTC-USDT,0.0,1151265000,0.0,639911
2025-07-25T07:49:46.958745,BTC-USDT,1150954000,0.0,0,0.0
2025-07-25T07:49:46.962540,BTC-USDT,1150906000,0.0,17203,0.0
2025-07-25T07:49:47.360540,BTC-USDT,1150970000,0.0,93451,0.0
2025-07-25T07:49:47.362065,BTC-USDT,0.0,1151265000,0.0,605201
2025-07-25T07:49:47.362735,BTC-USDT,0.0,1151265000,0.0,605468
2025-07-25T07:49:47.364214,BTC-USDT,0.0,1151265000,0.0,639896
2025-07-25T07:49:47.364555,BTC-USDT,0.0,1151335000,0.0,1
2025-07-25T07:49:47.365205,BTC-USDT,1151186000,0.0,73700,0.0
2025-07-25T07:49:47.392101,BTC-USDT,1151261000,1151319000,0,290623
2025-07-25T07:49:47.412641,BTC-USDT,1151264000,1151319000,0,265368
2025-07-25T07:49:47.432154,BTC-USDT,1151215000,1151216000,0,279074
2025-07-25T07:49:47.452157,BTC-USDT,0.0,1151186000,0.0,129074
2025-07-25T07:49:47.472068,BTC-USDT,0.0,1151211000,0.0,10852
2025-07-25T07:49:47.492178,BTC-USDT,1151185000,1151188000,116250,93450
2025-07-25T07:49:47.532266,BTC-USDT,1150896000,1151497000,93450,17203
2025-07-25T07:49:47.652603,BTC-USDT,0.0,1151265000,0.0,0
2025-07-25T07:49:47.773002,BTC-USDT,1151185000,0.0,146833,0.0
2025-07-25T07:49:47.812634,BTC-USDT,1151185000,0.0,147303,0.0
2025-07-25T07:49:47.892892,BTC-USDT,0.0,1151234000,0.0,0
2025-07-25T07:49:47.912954,BTC-USDT,0.0,1151318000,0.0,24288
2025-07-25T07:49:48.153522,BTC-USDT,1151185000,0.0,147654,0.0
2025-07-25T07:49:48.193345,BTC-USDT,1151150000,0.0,22946,0.0
2025-07-25T07:49:48.576583,BTC-USDT,1151125000,0.0,74378,0.0
2025-07-25T07:49:48.579209,BTC-USDT,1151116000,0.0,73700,0.0
2025-07-25T07:49:48.579863,BTC-USDT,1151125000,0.0,678,0.0
2025-07-25T07:49:48.694003,BTC-USDT,1151185000,0.0,56847,0.0
2025-07-25T07:49:48.754206,BTC-USDT,1151185000,0.0,50847,0.0
2025-07-25T07:49:48.854242,BTC-USDT,0.0,1151294000,0.0,1
2025-07-25T07:49:49.557890,BTC-USDT,0.0,1151254000,0.0,1
2025-07-25T07:49:49.559164,BTC-USDT,1151185000,0.0,57789,0.0
2025-07-25T07:49:49.559819,BTC-USDT,1151095000,0.0,73700,0.0
2025-07-25T07:49:49.560506,BTC-USDT,0.0,1151186000,0.0,111871
2025-07-25T07:49:50.171936,BTC-USDT,0.0,1151334000,0.0,2827
2025-07-25T07:49:50.196622,BTC-USDT,0.0,1151186000,0.0,1055
2025-07-25T07:49:50.216705,BTC-USDT,1151185000,0.0,50847,0.0
2025-07-25T07:49:50.277057,BTC-USDT,1151184000,0.0,0,0.0
2025-07-25T07:49:50.296611,BTC-USDT,0.0,1151188000,0.0,0
2025-07-25T07:49:50.337532,BTC-USDT,1151185000,0.0,141750,0.0
2025-07-25T07:49:50.833044,BTC-USDT,1151185000,1151186000,124547,94504
2025-07-25T07:49:51.357210,BTC-USDT,1151185000,0.0,131489,0.0
2025-07-25T07:49:51.361077,BTC-USDT,1151185000,1151186000,50026,417539
2025-07-25T07:49:51.361116,BTC-USDT,1151009000,1151186000,6942,611702
2025-07-25T07:49:51.362337,BTC-USDT,1151129000,1151186000,6942,675005
2025-07-25T07:49:51.362961,BTC-USDT,1151009000,0.0,0,0.0
2025-07-25T07:49:51.364134,BTC-USDT,0.0,1151201000,0.0,0
2025-07-25T07:49:51.365004,BTC-USDT,1151185000,1151202000,56968,0
2025-07-25T07:49:51.366048,BTC-USDT,1151069000,1151186000,17203,715005
2025-07-25T07:49:51.367349,BTC-USDT,0.0,1151186000,0.0,697802
2025-07-25T07:49:51.368688,BTC-USDT,0.0,1151186000,0.0,396388
2025-07-25T07:49:51.369368,BTC-USDT,0.0,1151318000,0.0,0
2025-07-25T07:49:51.370247,BTC-USDT,1151185000,1151186000,74522,349481
2025-07-25T07:49:51.371072,BTC-USDT,1151185000,0.0,57319,0.0
2025-07-25T07:49:51.371195,BTC-USDT,0.0,1151211000,0.0,1055
2025-07-25T07:49:51.371549,BTC-USDT,0.0,1151234000,0.0,93448
2025-07-25T07:49:51.371759,BTC-USDT,0.0,1151480000,0.0,364
2025-07-25T07:49:51.372758,BTC-USDT,1151185000,0.0,74522,0.0
2025-07-25T07:49:51.372820,BTC-USDT,0.0,1151234000,0.0,0
2025-07-25T07:49:51.373992,BTC-USDT,1151185000,1151186000,74992,32749
2025-07-25T07:49:51.374033,BTC-USDT,0.0,1151186000,0.0,0
2025-07-25T07:49:51.374058,BTC-USDT,1151210000,1151211000,50026,0
2025-07-25T07:49:51.374079,BTC-USDT,1151210000,1151211000,6942,260816
2025-07-25T07:49:51.418731,BTC-USDT,1151210000,1151211000,50026,205319
2025-07-25T07:49:51.459142,BTC-USDT,1151210000,1151211000,50496,213032
2025-07-25T07:49:51.478752,BTC-USDT,1151194000,0.0,0,0.0
2025-07-25T07:49:51.539253,BTC-USDT,1151210000,0.0,67699,0.0
2025-07-25T07:49:51.578886,BTC-USDT,1151208000,0.0,0,0.0
2025-07-25T07:49:51.619001,BTC-USDT,1151210000,0.0,74992,0.0
2025-07-25T07:49:52.070519,BTC-USDT,0.0,1151211000,0.0,119584
2025-07-25T07:49:52.074043,BTC-USDT,0.0,1151211000,0.0,64176
2025-07-25T07:49:52.074848,BTC-USDT,0.0,1151211000,0.0,7713
2025-07-25T07:49:52.075313,BTC-USDT,0.0,1151253000,0.0,0
2025-07-25T07:49:52.076031,BTC-USDT,0.0,1151211000,0.0,101161
2025-07-25T07:49:52.076543,BTC-USDT,0.0,1151238000,0.0,1055
2025-07-25T07:49:52.077269,BTC-USDT,1151099000,0.0,2901,0.0
2025-07-25T07:49:52.100144,BTC-USDT,0.0,1151211000,0.0,7713
2025-07-25T07:49:52.200303,BTC-USDT,0.0,1151214000,0.0,93447
2025-07-25T07:49:52.300059,BTC-USDT,1151210000,0.0,148692,0.0
2025-07-25T07:49:52.340858,BTC-USDT,1151182000,0.0,73700,0.0
2025-07-25T07:49:52.901039,BTC-USDT,1151210000,1151211000,57789,8768
2025-07-25T07:49:53.161599,BTC-USDT,1151210000,0.0,57789,0.0
2025-07-25T07:49:53.281619,BTC-USDT,1151140000,0.0,73700,0.0
2025-07-25T07:49:54.263222,BTC-USDT,1151116000,0.0,0,0.0
2025-07-25T07:49:54.283849,BTC-USDT,1151182000,0.0,73700,0.0
2025-07-25T07:49:54.423571,BTC-USDT,1151182000,0.0,0,0.0
2025-07-25T07:49:55.264958,BTC-USDT,1151149000,0.0,76200,0.0
2025-07-25T07:49:55.726036,BTC-USDT,1151210000,0.0,75238,0.0
2025-07-25T07:49:56.367101,BTC-USDT,0.0,1151381000,0.0,0
2025-07-25T07:49:56.427421,BTC-USDT,0.0,1151273000,0.0,0
2025-07-25T07:49:56.447613,BTC-USDT,0.0,1151214000,0.0,0
2025-07-25T07:49:56.487024,BTC-USDT,0.0,1151211000,0.0,0
2025-07-25T07:49:56.507412,BTC-USDT,1151253000,1151294000,24391,555
2025-07-25T07:49:56.527147,BTC-USDT,1151253000,0.0,17449,0.0
2025-07-25T07:49:56.568452,BTC-USDT,1151253000,1151254000,81757,93445
2025-07-25T07:49:56.607388,BTC-USDT,0.0,1151254000,0.0,93444
2025-07-25T07:49:56.667400,BTC-USDT,0.0,1151254000,0.0,94499
2025-07-25T07:49:56.707834,BTC-USDT,1151253000,0.0,64308,0.0
2025-07-25T07:49:56.748512,BTC-USDT,1151253000,1151254000,81757,1055
2025-07-25T07:49:56.787725,BTC-USDT,1151254000,1151254000,6942,0
2025-07-25T07:49:56.807930,BTC-USDT,1151253000,1151255000,26696,110816
2025-07-25T07:49:56.828175,BTC-USDT,0.0,1151255000,0.0,111871
2025-07-25T07:49:56.867930,BTC-USDT,1151254000,1151255000,55407,110816
2025-07-25T07:49:56.907861,BTC-USDT,1151254000,0.0,55407,0.0
2025-07-25T07:49:57.355891,BTC-USDT,1151253000,0.0,6907,0.0
2025-07-25T07:49:57.359537,BTC-USDT,0.0,1151255000,0.0,111871
2025-07-25T07:49:57.361456,BTC-USDT,1151254000,0.0,75196,0.0
2025-07-25T07:49:57.629654,BTC-USDT,0.0,1151294000,0.0,556
2025-07-25T07:49:57.891198,BTC-USDT,0.0,1151255000,0.0,1055
2025-07-25T07:49:57.910662,BTC-USDT,1151255000,1151255000,6942,0
2025-07-25T07:49:57.929830,BTC-USDT,1151284000,1151286000,88414,110816
2025-07-25T07:49:57.949682,BTC-USDT,1151281000,1151285000,749,55408
2025-07-25T07:49:57.969855,BTC-USDT,1151284000,1151285000,88884,110816
2025-07-25T07:49:58.691309,BTC-USDT,1151284000,0.0,156322,0.0
2025-07-25T07:49:58.698332,BTC-USDT,1151284000,0.0,163264,0.0
2025-07-25T07:49:58.701320,BTC-USDT,0.0,1151291000,0.0,0
2025-07-25T07:49:58.701360,BTC-USDT,0.0,1151285000,0.0,111871
2025-07-25T07:49:58.701997,BTC-USDT,1151149000,0.0,2500,0.0
2025-07-25T07:49:58.703414,BTC-USDT,1151024000,1151292000,93444,0
2025-07-25T07:49:58.704138,BTC-USDT,0.0,1151285000,0.0,205315
2025-07-25T07:49:59.251508,BTC-USDT,0.0,1151285000,0.0,94499
2025-07-25T07:49:59.331775,BTC-USDT,0.0,1151285000,0.0,1055
2025-07-25T07:49:59.352710,BTC-USDT,1151284000,0.0,156322,0.0
2025-07-25T07:49:59.471990,BTC-USDT,0.0,1151285000,0.0,94497
2025-07-25T07:49:59.513652,BTC-USDT,0.0,1151285000,0.0,1055
2025-07-25T07:49:59.572040,BTC-USDT,0.0,1151285000,0.0,0
2025-07-25T07:49:59.591985,BTC-USDT,1151293000,1151335000,134484,144598
2025-07-25T07:49:59.612110,BTC-USDT,0.0,1151452000,0.0,1055
2025-07-25T07:49:59.652075,BTC-USDT,1151284000,1151335000,107857,0
2025-07-25T07:49:59.672241,BTC-USDT,0.0,1151433000,0.0,1055
2025-07-25T07:49:59.693429,BTC-USDT,0.0,1151355000,0.0,0
2025-07-25T07:49:59.712488,BTC-USDT,0.0,1151480000,0.0,0
2025-07-25T07:49:59.772605,BTC-USDT,0.0,1151389000,0.0,93442
2025-07-25T07:49:59.792583,BTC-USDT,1151293000,1151334000,164484,0
2025-07-25T07:49:59.832523,BTC-USDT,1151284000,1151507000,88414,0
2025-07-25T07:49:59.875031,BTC-USDT,0.0,1151462000,0.0,0
2025-07-25T07:49:59.920254,BTC-USDT,0.0,1151533000,0.0,0
2025-07-25T07:49:59.935435,BTC-USDT,0.0,1151724000,0.0,29554
2025-07-25T07:49:59.972927,BTC-USDT,0.0,1151413000,0.0,1055
2025-07-25T07:50:00.032976,BTC-USDT,0.0,1151480000,0.0,93441
2025-07-25T07:50:00.442268,BTC-USDT,0.0,1151664000,0.0,0
2025-07-25T07:50:00.448118,BTC-USDT,1151293000,0.0,164830,0.0
2025-07-25T07:50:00.450768,BTC-USDT,1151225000,0.0,349,0.0
2025-07-25T07:50:00.534179,BTC-USDT,1151153000,1151691000,0,2876
2025-07-25T07:50:00.734090,BTC-USDT,1151202000,0.0,93441,0.0
2025-07-25T07:50:01.214940,BTC-USDT,0.0,1151358000,0.0,1054
2025-07-25T07:50:01.414983,BTC-USDT,0.0,1151691000,0.0,0
2025-07-25T07:50:01.434932,BTC-USDT,0.0,1151642000,0.0,0
2025-07-25T07:50:01.475973,BTC-USDT,0.0,1151642000,0.0,17449
2025-07-25T07:50:02.594500,BTC-USDT,0.0,1151642000,0.0,0
2025-07-25T07:50:02.629385,BTC-USDT,0.0,1151642000,0.0,17449
2025-07-25T07:50:04.183731,BTC-USDT,0.0,1151526000,0.0,17449
2025-07-25T07:50:04.648832,BTC-USDT,1151293000,0.0,110145,0.0
2025-07-25T07:50:04.651664,BTC-USDT,1151293000,1151504000,54737,50010
2025-07-25T07:50:04.652669,BTC-USDT,1151225000,1151648000,0,0
2025-07-25T07:50:04.654063,BTC-USDT,1151293000,1151410000,36942,17449
2025-07-25T07:50:04.655543,BTC-USDT,0.0,1151294000,0.0,1055
2025-07-25T07:50:04.656829,BTC-USDT,1151293000,1151294000,86931,1054
2025-07-25T07:50:04.657592,BTC-USDT,1151294000,1151294000,6942,0
2025-07-25T07:50:04.658948,BTC-USDT,1151294000,1151310000,0,110816
2025-07-25T07:50:04.659692,BTC-USDT,1151294000,1151334000,6942,0
2025-07-25T07:50:04.660501,BTC-USDT,0.0,1151300000,0.0,55408
2025-07-25T07:50:04.661608,BTC-USDT,1150971000,1151300000,349,110816
2025-07-25T07:50:04.662523,BTC-USDT,1151202000,1151310000,0,0
2025-07-25T07:50:04.662778,BTC-USDT,1151299000,1151406000,19443,40000
2025-07-25T07:50:04.663262,BTC-USDT,1151293000,1151300000,45546,111870
2025-07-25T07:50:04.663882,BTC-USDT,1151293000,0.0,15000,0.0
2025-07-25T07:50:04.680559,BTC-USDT,1151299000,1151519000,50459,0
2025-07-25T07:50:05.027981,BTC-USDT,0.0,1151691000,0.0,2812
2025-07-25T07:50:05.034585,BTC-USDT,0.0,1151354000,0.0,16000
2025-07-25T07:50:05.034624,BTC-USDT,1151124000,1151354000,8000,24000
2025-07-25T07:50:05.035097,BTC-USDT,0.0,1151322000,0.0,880
2025-07-25T07:50:05.035652,BTC-USDT,0.0,1151351000,0.0,878
2025-07-25T07:50:05.578342,BTC-USDT,0.0,1151300000,0.0,112253
2025-07-25T07:50:05.580596,BTC-USDT,0.0,1151336000,0.0,6908
2025-07-25T07:50:05.582024,BTC-USDT,1151293000,1151334000,0,6908
2025-07-25T07:50:05.582776,BTC-USDT,0.0,1151300000,0.0,129754
2025-07-25T07:50:05.583485,BTC-USDT,0.0,1151452000,0.0,2917
2025-07-25T07:50:05.822458,BTC-USDT,0.0,1151452000,0.0,0
2025-07-25T07:50:05.842452,BTC-USDT,0.0,1151300000,0.0,132650
2025-07-25T07:50:06.783949,BTC-USDT,0.0,1151304000,0.0,93438
2025-07-25T07:50:07.525305,BTC-USDT,0.0,1151300000,0.0,115149
2025-07-25T07:50:07.545837,BTC-USDT,0.0,1151300000,0.0,4333
2025-07-25T07:50:08.017294,BTC-USDT,1151299000,1151300000,50459,4333
2025-07-25T07:50:09.072470,BTC-USDT,0.0,1151300000,0.0,21834
2025-07-25T07:50:09.084321,BTC-USDT,0.0,1151300000,0.0,171834
2025-07-25T07:50:10.246240,BTC-USDT,0.0,1151370000,0.0,0
2025-07-25T07:50:10.246345,BTC-USDT,0.0,1151642000,0.0,17501
2025-07-25T07:50:10.246432,BTC-USDT,0.0,1151556000,0.0,2813
2025-07-25T07:50:10.246514,BTC-USDT,0.0,1151300000,0.0,154333
2025-07-25T07:50:10.246594,BTC-USDT,1151299000,0.0,57401,0.0
2025-07-25T07:50:11.376022,BTC-USDT,0.0,1151300000,0.0,153279
2025-07-25T07:50:11.379094,BTC-USDT,0.0,1151308000,0.0,1055
2025-07-25T07:50:11.379815,BTC-USDT,0.0,1151300000,0.0,154334
2025-07-25T07:50:12.400927,BTC-USDT,0.0,1151300000,0.0,171835
2025-07-25T07:50:12.453025,BTC-USDT,0.0,1151300000,0.0,154334
2025-07-25T07:50:12.774618,BTC-USDT,0.0,1151300000,0.0,306190
2025-07-25T07:50:13.892230,BTC-USDT,0.0,1151300000,0.0,288689
2025-07-25T07:50:13.900381,BTC-USDT,0.0,1151300000,0.0,308689
2025-07-25T07:50:13.901933,BTC-USDT,0.0,1151642000,0.0,17501
2025-07-25T07:50:14.175666,BTC-USDT,1151299000,1151300000,56931,515801
2025-07-25T07:50:14.765125,BTC-USDT,1151299000,1151300000,37488,546768
2025-07-25T07:50:14.771178,BTC-USDT,1151299000,1151300000,6942,615871
2025-07-25T07:50:14.773358,BTC-USDT,1151299000,0.0,0,0.0
2025-07-25T07:50:14.775129,BTC-USDT,1151051000,1151216000,22416,101769
2025-07-25T07:50:14.775558,BTC-USDT,1151174000,1151216000,0,119270
2025-07-25T07:50:14.776272,BTC-USDT,1151215000,1151294000,49990,1
2025-07-25T07:50:14.777153,BTC-USDT,1151215000,0.0,49989,0.0
2025-07-25T07:50:14.778616,BTC-USDT,0.0,1151216000,0.0,119653
2025-07-25T07:50:14.778656,BTC-USDT,0.0,1151216000,0.0,129680
2025-07-25T07:50:14.778959,BTC-USDT,0.0,1151216000,0.0,145771
2025-07-25T07:50:14.779568,BTC-USDT,0.0,1151216000,0.0,152679
2025-07-25T07:50:14.917276,BTC-USDT,1151049000,0.0,0,0.0
2025-07-25T07:50:15.257028,BTC-USDT,0.0,1151216000,0.0,302679
2025-07-25T07:50:15.297696,BTC-USDT,0.0,1151254000,0.0,1
2025-07-25T07:50:15.337246,BTC-USDT,1151215000,1151216000,0,402749
2025-07-25T07:50:15.357445,BTC-USDT,1151215000,1151216000,470,384193
2025-07-25T07:50:15.398613,BTC-USDT,1151197000,1151216000,0,385248
2025-07-25T07:50:15.773716,BTC-USDT,1151215000,1151216000,0,710624
2025-07-25T07:50:15.779252,BTC-USDT,0.0,1151197000,0.0,267820
2025-07-25T07:50:15.780302,BTC-USDT,1151196000,1151216000,56931,228250
2025-07-25T07:50:15.781080,BTC-USDT,0.0,1151197000,0.0,284966
2025-07-25T07:50:15.781929,BTC-USDT,0.0,1151216000,0.0,16935
2025-07-25T07:50:15.782530,BTC-USDT,0.0,1151197000,0.0,378396
2025-07-25T07:50:15.918288,BTC-USDT,1151196000,0.0,57401,0.0
2025-07-25T07:50:15.958207,BTC-USDT,0.0,1151197000,0.0,378779
2025-07-25T07:50:16.559310,BTC-USDT,1151080000,1151197000,17106,361673
2025-07-25T07:50:16.619065,BTC-USDT,0.0,1151197000,0.0,380971
2025-07-25T07:50:16.779364,BTC-USDT,1151080000,0.0,0,0.0
2025-07-25T07:50:17.280190,BTC-USDT,0.0,1151533000,0.0,218400
2025-07-25T07:50:17.911524,BTC-USDT,0.0,1151459000,0.0,60871
2025-07-25T07:50:17.915392,BTC-USDT,0.0,1151459000,0.0,0
2025-07-25T07:50:20.304978,BTC-USDT,1151080000,0.0,17106,0.0
2025-07-25T07:50:21.494264,BTC-USDT,1151080000,0.0,0,0.0
2025-07-25T07:50:22.127621,BTC-USDT,1151080000,0.0,17106,0.0
2025-07-25T07:50:23.714760,BTC-USDT,0.0,1151197000,0.0,287541
2025-07-25T07:50:23.723427,BTC-USDT,0.0,1151197000,0.0,380965
2025-07-25T07:50:23.725397,BTC-USDT,0.0,1151197000,0.0,287541
2025-07-25T07:50:23.726531,BTC-USDT,1151196000,1151197000,57747,287158
2025-07-25T07:50:23.728612,BTC-USDT,0.0,1151197000,0.0,380581
2025-07-25T07:50:23.730020,BTC-USDT,0.0,1151197000,0.0,287158
2025-07-25T07:50:23.730258,BTC-USDT,0.0,1151197000,0.0,380581
2025-07-25T07:50:24.290543,BTC-USDT,0.0,1151256000,0.0,0
2025-07-25T07:50:24.530941,BTC-USDT,0.0,1151197000,0.0,287158
2025-07-25T07:50:24.690894,BTC-USDT,0.0,1151197000,0.0,380580
2025-07-25T07:50:24.811377,BTC-USDT,0.0,1151197000,0.0,287158
2025-07-25T07:50:24.851213,BTC-USDT,1151196000,0.0,57401,0.0
2025-07-25T07:50:24.911183,BTC-USDT,0.0,1151197000,0.0,380579
2025-07-25T07:50:25.645847,BTC-USDT,0.0,1151197000,0.0,380954
2025-07-25T07:50:32.862605,BTC-USDT,0.0,1151335000,0.0,672
2025-07-25T07:50:33.363208,BTC-USDT,1151099000,0.0,0,0.0
2025-07-25T07:50:33.526034,BTC-USDT,1151080000,0.0,0,0.0
2025-07-25T07:50:33.543352,BTC-USDT,1150837000,0.0,17544,0.0
2025-07-25T07:50:35.798894,BTC-USDT,1150872000,1151319000,61701,0
2025-07-25T07:50:36.128301,BTC-USDT,1151196000,0.0,50459,0.0
2025-07-25T07:50:36.148677,BTC-USDT,1151196000,1151197000,49989,641239
2025-07-25T07:50:36.188254,BTC-USDT,0.0,1151197000,0.0,706307
2025-07-25T07:50:36.229044,BTC-USDT,1150894000,1151197000,0,706308
2025-07-25T07:50:36.249049,BTC-USDT,1150837000,0.0,17177,0.0
2025-07-25T07:50:36.289158,BTC-USDT,0.0,1151234000,0.0,0
2025-07-25T07:50:36.328620,BTC-USDT,0.0,1151230000,0.0,0
2025-07-25T07:50:36.629374,BTC-USDT,1150894000,1151197000,8000,726308
2025-07-25T07:50:36.890504,BTC-USDT,0.0,1151284000,0.0,48517
2025-07-25T07:50:36.930258,BTC-USDT,0.0,1151284000,0.0,0
2025-07-25T07:50:37.405772,BTC-USDT,0.0,1151324000,0.0,48517
2025-07-25T07:50:37.450417,BTC-USDT,0.0,1151197000,0.0,632887
2025-07-25T07:50:37.550688,BTC-USDT,0.0,1151197000,0.0,726292
2025-07-25T07:50:37.871858,BTC-USDT,0.0,1151197000,0.0,632887
2025-07-25T07:50:37.971270,BTC-USDT,0.0,1151197000,0.0,726291
2025-07-25T07:50:38.071267,BTC-USDT,0.0,1151197000,0.0,632887
2025-07-25T07:50:38.171425,BTC-USDT,0.0,1151197000,0.0,726290
2025-07-25T07:50:39.934750,BTC-USDT,0.0,1151197000,0.0,704271
2025-07-25T07:50:40.542950,BTC-USDT,0.0,1151197000,0.0,726271
2025-07-25T07:50:41.012771,BTC-USDT,1151051000,0.0,0,0.0
2025-07-25T07:50:41.015712,BTC-USDT,1150837000,1151197000,17177,734274
2025-07-25T07:50:41.018106,BTC-USDT,1150953000,0.0,0,0.0
2025-07-25T07:50:41.019671,BTC-USDT,0.0,1151197000,0.0,730962
2025-07-25T07:50:41.020919,BTC-USDT,0.0,1151197000,0.0,734274
2025-07-25T07:50:41.021913,BTC-USDT,0.0,1151197000,0.0,809274
2025-07-25T07:50:41.022894,BTC-USDT,0.0,1151197000,0.0,1328375
2025-07-25T07:50:41.024004,BTC-USDT,0.0,1151197000,0.0,1394458
2025-07-25T07:50:41.025051,BTC-USDT,1150934000,0.0,22553,0.0
2025-07-25T07:50:41.055534,BTC-USDT,1150964000,0.0,17177,0.0
2025-07-25T07:50:41.706351,BTC-USDT,1151196000,0.0,56931,0.0
2025-07-25T07:50:41.714681,BTC-USDT,1150848000,0.0,17177,0.0
2025-07-25T07:50:41.817083,BTC-USDT,0.0,1151197000,0.0,1378575
2025-07-25T07:50:41.897105,BTC-USDT,0.0,1151197000,0.0,1285172
2025-07-25T07:50:41.937171,BTC-USDT,0.0,1151197000,0.0,1301039
2025-07-25T07:50:41.997296,BTC-USDT,0.0,1151197000,0.0,1394435
2025-07-25T07:50:42.117726,BTC-USDT,0.0,1151197000,0.0,1301039
2025-07-25T07:50:42.217368,BTC-USDT,0.0,1151197000,0.0,1394434
2025-07-25T07:50:42.586414,BTC-USDT,0.0,1151197000,0.0,1394428
2025-07-25T07:50:42.589517,BTC-USDT,0.0,1151501000,0.0,54217
2025-07-25T07:50:42.979074,BTC-USDT,0.0,1151197000,0.0,1301033
2025-07-25T07:50:42.981921,BTC-USDT,0.0,1151526000,0.0,17177
2025-07-25T07:50:43.039465,BTC-USDT,0.0,1151407000,0.0,218400
2025-07-25T07:50:43.059127,BTC-USDT,0.0,1151197000,0.0,1394427
2025-07-25T07:50:43.880145,BTC-USDT,0.0,1151197000,0.0,1372778
2025-07-25T07:50:43.901698,BTC-USDT,0.0,1151197000,0.0,1394405
2025-07-25T07:50:44.185901,BTC-USDT,1150964000,0.0,0,0.0
2025-07-25T07:50:44.188902,BTC-USDT,1150964000,0.0,17177,0.0
2025-07-25T07:50:44.801716,BTC-USDT,1150964000,0.0,0,0.0
2025-07-25T07:50:45.351852,BTC-USDT,1150964000,0.0,17439,0.0
2025-07-25T07:50:46.177987,BTC-USDT,0.0,1151197000,0.0,1468005
2025-07-25T07:50:47.049165,BTC-USDT,1151080000,1151197000,17439,1301011
2025-07-25T07:50:47.064756,BTC-USDT,0.0,1151197000,0.0,866616
2025-07-25T07:50:47.104541,BTC-USDT,0.0,1151197000,0.0,785100
2025-07-25T07:50:47.167176,BTC-USDT,0.0,1151197000,0.0,858115
2025-07-25T07:50:47.204995,BTC-USDT,1151196000,1151197000,74729,857059
2025-07-25T07:50:47.224830,BTC-USDT,1151196000,1151197000,75199,586447
2025-07-25T07:50:47.244651,BTC-USDT,1151196000,1151197000,57760,411679
2025-07-25T07:50:47.657351,BTC-USDT,1151196000,1151197000,75199,336679
2025-07-25T07:50:48.040887,BTC-USDT,1151196000,1151197000,125556,112688
2025-07-25T07:50:48.043468,BTC-USDT,1150904000,1151473000,61754,1056
2025-07-25T07:50:48.044734,BTC-USDT,1151010000,1151197000,93385,19298
2025-07-25T07:50:48.046038,BTC-USDT,0.0,1151409000,0.0,22011
2025-07-25T07:50:48.046742,BTC-USDT,1151196000,1151254000,180242,93386
2025-07-25T07:50:48.047844,BTC-USDT,0.0,1151408000,0.0,73600
2025-07-25T07:50:48.052250,BTC-USDT,0.0,1151598000,0.0,59508
2025-07-25T07:50:48.146088,BTC-USDT,0.0,1151254000,0.0,1
2025-07-25T07:50:48.247444,BTC-USDT,0.0,1151252000,0.0,93384
2025-07-25T07:50:48.467106,BTC-USDT,0.0,1151261000,0.0,20000
2025-07-25T07:50:48.667240,BTC-USDT,0.0,1151341000,0.0,73600
2025-07-25T07:50:48.687156,BTC-USDT,1151010000,0.0,0,0.0
2025-07-25T07:50:48.727292,BTC-USDT,1151196000,1151197000,108117,20354
2025-07-25T07:50:48.767544,BTC-USDT,0.0,1151642000,0.0,17439
2025-07-25T07:50:48.787304,BTC-USDT,1151030000,0.0,93383,0.0
2025-07-25T07:50:48.847427,BTC-USDT,1151196000,0.0,125556,0.0
2025-07-25T07:50:48.927831,BTC-USDT,0.0,1151252000,0.0,0
2025-07-25T07:50:49.027764,BTC-USDT,0.0,1151261000,0.0,113382
2025-07-25T07:50:49.648916,BTC-USDT,0.0,1151334000,0.0,73600
2025-07-25T07:50:50.696934,BTC-USDT,0.0,1151345000,0.0,73600
2025-07-25T07:50:51.130515,BTC-USDT,1151030000,0.0,0,0.0
2025-07-25T07:50:51.210602,BTC-USDT,0.0,1151197000,0.0,19298
2025-07-25T07:50:51.230520,BTC-USDT,1151044000,0.0,93378,0.0
2025-07-25T07:50:51.802385,BTC-USDT,0.0,1151345000,0.0,0
2025-07-25T07:50:51.807973,BTC-USDT,0.0,1151642000,0.0,17439
2025-07-25T07:50:52.609766,BTC-USDT,0.0,1151334000,0.0,0
2025-07-25T07:50:53.066943,BTC-USDT,0.0,1151436000,0.0,108536
2025-07-25T07:50:53.069683,BTC-USDT,0.0,1151410000,0.0,0
2025-07-25T07:50:53.071241,BTC-USDT,0.0,1151345000,0.0,73600
2025-07-25T07:50:53.072179,BTC-USDT,0.0,1151556000,0.0,0
2025-07-25T07:50:53.072718,BTC-USDT,0.0,1151345000,0.0,0
2025-07-25T07:50:53.075778,BTC-USDT,0.0,1151642000,0.0,17439
2025-07-25T07:50:53.668375,BTC-USDT,0.0,1151197000,0.0,0
2025-07-25T07:50:53.675591,BTC-USDT,1151253000,1151254000,129423,0
2025-07-25T07:50:53.677026,BTC-USDT,1151260000,1151463000,129423,0
2025-07-25T07:50:53.677547,BTC-USDT,1151253000,1151261000,0,0
2025-07-25T07:50:53.679086,BTC-USDT,1151293000,1151294000,74738,0
2025-07-25T07:50:53.679549,BTC-USDT,1151353000,1151354000,67796,8000
2025-07-25T07:50:53.681582,BTC-USDT,1151353000,1151354000,125197,0
2025-07-25T07:50:53.681621,BTC-USDT,1151374000,1151375000,74738,0
2025-07-25T07:50:53.682816,BTC-USDT,1151384000,1151415000,17439,0
2025-07-25T07:50:53.683281,BTC-USDT,1151374000,0.0,0,0.0
2025-07-25T07:50:53.684345,BTC-USDT,1151384000,1151385000,17439,150000
2025-07-25T07:50:53.684384,BTC-USDT,1151370000,1151385000,6942,325070
2025-07-25T07:50:53.685454,BTC-USDT,1151384000,1151385000,25210,175070
2025-07-25T07:50:53.685492,BTC-USDT,0.0,1151389000,0.0,0
2025-07-25T07:50:53.685520,BTC-USDT,1151384000,1151385000,7771,176125
2025-07-25T07:50:53.795101,BTC-USDT,1151384000,0.0,25210,0.0
2025-07-25T07:50:53.836243,BTC-USDT,0.0,1151501000,0.0,0
2025-07-25T07:50:53.915230,BTC-USDT,0.0,1151433000,0.0,0
2025-07-25T07:50:54.556085,BTC-USDT,0.0,1151434000,0.0,0
2025-07-25T07:50:54.596291,BTC-USDT,0.0,1151455000,0.0,73600
2025-07-25T07:50:54.971954,BTC-USDT,0.0,1151385000,0.0,269498
2025-07-25T07:50:55.322426,BTC-USDT,0.0,1151501000,0.0,17513
2025-07-25T07:50:55.325081,BTC-USDT,1151384000,0.0,7771,0.0
2025-07-25T07:50:55.326278,BTC-USDT,1151384000,0.0,7412,0.0
2025-07-25T07:50:55.327339,BTC-USDT,1151255000,0.0,1,0.0
2025-07-25T07:50:55.577920,BTC-USDT,0.0,1151443000,0.0,73600
2025-07-25T07:50:55.818331,BTC-USDT,0.0,1151385000,0.0,269876
2025-07-25T07:50:56.198411,BTC-USDT,1151215000,0.0,1,0.0
2025-07-25T07:50:56.218508,BTC-USDT,1151295000,0.0,1,0.0
2025-07-25T07:50:56.773969,BTC-USDT,1151343000,1151385000,73600,343476
2025-07-25T07:50:56.777247,BTC-USDT,1151343000,0.0,0,0.0
2025-07-25T07:50:56.783176,BTC-USDT,0.0,1151409000,0.0,0
2025-07-25T07:50:56.783241,BTC-USDT,0.0,1151479000,0.0,21724
2025-07-25T07:50:56.783272,BTC-USDT,0.0,1151675000,0.0,0
2025-07-25T07:50:57.429070,BTC-USDT,0.0,1151385000,0.0,268476
2025-07-25T07:50:57.434192,BTC-USDT,0.0,1151680000,0.0,2908
2025-07-25T07:50:57.928944,BTC-USDT,1151286000,0.0,73600,0.0
2025-07-25T07:50:58.162114,BTC-USDT,0.0,1151385000,0.0,194876
2025-07-25T07:50:58.181837,BTC-USDT,1151358000,0.0,634,0.0
2025-07-25T07:50:58.542105,BTC-USDT,1151296000,1151385000,73600,268476
2025-07-25T07:50:59.083581,BTC-USDT,1151384000,0.0,24925,0.0
2025-07-25T07:50:59.163176,BTC-USDT,1151384000,0.0,7412,0.0
2025-07-25T07:50:59.985550,BTC-USDT,1151296000,0.0,0,0.0
2025-07-25T07:51:00.004619,BTC-USDT,1151286000,0.0,0,0.0
2025-07-25T07:51:00.144630,BTC-USDT,0.0,1151433000,0.0,20000
2025-07-25T07:51:00.164591,BTC-USDT,0.0,1151385000,0.0,194876
2025-07-25T07:51:00.284811,BTC-USDT,1151237000,1151385000,0,212389
2025-07-25T07:51:00.304930,BTC-USDT,1151260000,1151385000,0,362389
2025-07-25T07:51:00.658661,BTC-USDT,0.0,1151385000,0.0,364666
2025-07-25T07:51:00.664071,BTC-USDT,0.0,1151412000,0.0,20000
2025-07-25T07:51:00.665292,BTC-USDT,1151061000,0.0,168704,0.0
2025-07-25T07:51:00.665890,BTC-USDT,0.0,1151455000,0.0,0
2025-07-25T07:51:00.666830,BTC-USDT,1151384000,1151385000,0,807287
2025-07-25T07:51:00.668330,BTC-USDT,1151358000,1151359000,0,269282
2025-07-25T07:51:00.669215,BTC-USDT,1151150000,1151343000,0,229766
2025-07-25T07:51:00.669485,BTC-USDT,1151341000,1151343000,0,485980
2025-07-25T07:51:00.670014,BTC-USDT,1150964000,1151343000,17513,726490
2025-07-25T07:51:00.685474,BTC-USDT,1151342000,1151385000,0,171624
2025-07-25T07:51:00.705608,BTC-USDT,1151321000,1151322000,0,210315
2025-07-25T07:51:00.725719,BTC-USDT,1151303000,1151304000,0,400749
2025-07-25T07:51:00.745910,BTC-USDT,1151265000,1151286000,0,87870
2025-07-25T07:51:00.765944,BTC-USDT,1151285000,1151286000,0,219563
2025-07-25T07:51:00.785851,BTC-USDT,0.0,1151284000,0.0,288110
2025-07-25T07:51:00.806084,BTC-USDT,1151283000,1151284000,0,444334
2025-07-25T07:51:00.825692,BTC-USDT,0.0,1151283000,0.0,183632
2025-07-25T07:51:00.846233,BTC-USDT,1151281000,1151283000,0,318977
2025-07-25T07:51:00.906142,BTC-USDT,0.0,1151283000,0.0,446190
2025-07-25T07:51:00.946075,BTC-USDT,1151274000,1151283000,6942,665153
2025-07-25T07:51:01.357662,BTC-USDT,1151062000,1151303000,23235,22568
2025-07-25T07:51:01.361467,BTC-USDT,0.0,1151283000,0.0,647640
2025-07-25T07:51:01.363061,BTC-USDT,1151166000,0.0,17513,0.0
2025-07-25T07:51:01.364114,BTC-USDT,0.0,1151283000,0.0,663731
2025-07-25T07:51:01.364577,BTC-USDT,0.0,1151283000,0.0,712638
2025-07-25T07:51:01.365317,BTC-USDT,1151166000,1151283000,0,731162
2025-07-25T07:51:01.467767,BTC-USDT,0.0,1151304000,0.0,43309
2025-07-25T07:51:01.506897,BTC-USDT,0.0,1151358000,0.0,7286
2025-07-25T07:51:01.567498,BTC-USDT,1151150000,0.0,73600,0.0
2025-07-25T07:51:01.607313,BTC-USDT,0.0,1151375000,0.0,1
2025-07-25T07:51:02.007854,BTC-USDT,1151282000,0.0,0,0.0
2025-07-25T07:51:02.028463,BTC-USDT,1151194000,1151275000,112420,150000
2025-07-25T07:51:02.047735,BTC-USDT,1151263000,1151275000,95089,341827
2025-07-25T07:51:02.067937,BTC-USDT,1151274000,1151275000,37488,469966
2025-07-25T07:51:02.145778,BTC-USDT,0.0,1151275000,0.0,471021
2025-07-25T07:51:02.188038,BTC-USDT,0.0,1151275000,0.0,494666
2025-07-25T07:51:02.228198,BTC-USDT,0.0,1151275000,0.0,812348
2025-07-25T07:51:02.508688,BTC-USDT,1151150000,1151277000,0,0
2025-07-25T07:51:02.840370,BTC-USDT,0.0,1151335000,0.0,1
2025-07-25T07:51:03.142492,BTC-USDT,1151158000,1151275000,17513,794835
2025-07-25T07:51:03.144058,BTC-USDT,1151158000,0.0,0,0.0
2025-07-25T07:51:03.229978,BTC-USDT,1151158000,0.0,17513,0.0
2025-07-25T07:51:03.490719,BTC-USDT,0.0,1151275000,0.0,721235
2025-07-25T07:51:04.126095,BTC-USDT,0.0,1151275000,0.0,705144
2025-07-25T07:51:04.130603,BTC-USDT,0.0,1151275000,0.0,721222
2025-07-25T07:51:04.472083,BTC-USDT,1151175000,1151275000,73600,794822
2025-07-25T07:51:04.911297,BTC-USDT,1151175000,0.0,0,0.0
2025-07-25T07:51:04.914659,BTC-USDT,0.0,1151275000,0.0,694108
2025-07-25T07:51:05.610521,BTC-USDT,1151158000,0.0,0,0.0
2025-07-25T07:51:05.612970,BTC-USDT,1151175000,0.0,73600,0.0
2025-07-25T07:51:05.616315,BTC-USDT,0.0,1151418000,0.0,124321
2025-07-25T07:51:05.616851,BTC-USDT,1151175000,0.0,0,0.0
2025-07-25T07:51:06.254761,BTC-USDT,1151158000,0.0,17598,0.0
2025-07-25T07:51:06.734645,BTC-USDT,1151175000,1151275000,73600,620508
2025-07-25T07:51:06.738692,BTC-USDT,1151175000,0.0,0,0.0
2025-07-25T07:51:06.739659,BTC-USDT,1150931000,0.0,0,0.0
2025-07-25T07:51:06.975978,BTC-USDT,1151274000,1151275000,55086,527149
2025-07-25T07:51:06.995937,BTC-USDT,1151274000,0.0,56931,0.0
2025-07-25T07:51:07.076090,BTC-USDT,0.0,1151275000,0.0,620497
2025-07-25T07:51:07.136171,BTC-USDT,0.0,1151282000,0.0,0
2025-07-25T07:51:07.155966,BTC-USDT,1151195000,1151353000,23536,22030
2025-07-25T07:51:07.256385,BTC-USDT,1151274000,0.0,37488,0.0
2025-07-25T07:51:07.786603,BTC-USDT,1151274000,0.0,56931,0.0
2025-07-25T07:51:07.791413,BTC-USDT,1151196000,1151275000,73600,694097
2025-07-25T07:51:07.793082,BTC-USDT,1151274000,0.0,37488,0.0
2025-07-25T07:51:07.937766,BTC-USDT,1151196000,0.0,0,0.0
2025-07-25T07:51:08.015517,BTC-USDT,1151274000,1151275000,37488,694097
2025-07-25T07:51:08.858135,BTC-USDT,0.0,1151275000,0.0,600749
2025-07-25T07:51:08.864837,BTC-USDT,1151196000,1151275000,73600,694094
2025-07-25T07:51:08.866303,BTC-USDT,0.0,1151275000,0.0,600749
2025-07-25T07:51:08.867694,BTC-USDT,0.0,1151275000,0.0,694094
2025-07-25T07:51:08.868651,BTC-USDT,1151196000,0.0,0,0.0
2025-07-25T07:51:09.421127,BTC-USDT,1151196000,1151275000,73600,620494
2025-07-25T07:51:09.619927,BTC-USDT,1151196000,0.0,0,0.0
2025-07-25T07:51:10.020296,BTC-USDT,0.0,1151275000,0.0,527149
2025-07-25T07:51:10.120437,BTC-USDT,0.0,1151275000,0.0,620491
2025-07-25T07:51:11.121072,BTC-USDT,0.0,1151275000,0.0,694091
2025-07-25T07:51:11.121104,BTC-USDT,0.0,1151275000,0.0,600749
2025-07-25T07:51:11.121129,BTC-USDT,0.0,1151275000,0.0,694090
2025-07-25T07:51:11.121159,BTC-USDT,1151158000,0.0,0,0.0
2025-07-25T07:51:11.121190,BTC-USDT,1151158000,0.0,17598,0.0
2025-07-25T07:51:11.121220,BTC-USDT,1151274000,1151275000,6942,763193
2025-07-25T07:51:11.121246,BTC-USDT,0.0,1151275000,0.0,793105
2025-07-25T07:51:11.122713,BTC-USDT,1151082000,0.0,21860,0.0
2025-07-25T07:51:11.462248,BTC-USDT,0.0,1151275000,0.0,793105
2025-07-25T07:51:11.502557,BTC-USDT,0.0,1151304000,0.0,40000
2025-07-25T07:51:11.522355,BTC-USDT,0.0,1151275000,0.0,794386
2025-07-25T07:51:11.562960,BTC-USDT,1151274000,1151264000,0,1055
2025-07-25T07:51:11.582526,BTC-USDT,0.0,1151264000,0.0,392714
2025-07-25T07:51:11.602521,BTC-USDT,0.0,1151264000,0.0,481021
2025-07-25T07:51:11.642672,BTC-USDT,0.0,1151264000,0.0,801349
2025-07-25T07:51:11.682666,BTC-USDT,0.0,1151264000,0.0,834098
2025-07-25T07:51:11.923333,BTC-USDT,1151263000,0.0,0,0.0
2025-07-25T07:51:11.943827,BTC-USDT,0.0,1151262000,0.0,269367
2025-07-25T07:51:11.963997,BTC-USDT,0.0,1151262000,0.0,380241
2025-07-25T07:51:11.983233,BTC-USDT,1151261000,1151262000,0,678051
2025-07-25T07:51:12.003310,BTC-USDT,0.0,1151255000,0.0,119367
2025-07-25T07:51:12.023691,BTC-USDT,0.0,1151255000,0.0,325079
2025-07-25T07:51:12.043410,BTC-USDT,0.0,1151255000,0.0,707470
2025-07-25T07:51:12.143750,BTC-USDT,0.0,1151264000,0.0,34408
2025-07-25T07:51:12.184140,BTC-USDT,0.0,1151255000,0.0,811825
2025-07-25T07:51:12.587995,BTC-USDT,0.0,1151255000,0.0,846233
2025-07-25T07:51:12.591348,BTC-USDT,0.0,1151263000,0.0,21733
2025-07-25T07:51:12.764544,BTC-USDT,1151254000,0.0,0,0.0
2025-07-25T07:51:12.784522,BTC-USDT,1151231000,1151232000,0,269367
2025-07-25T07:51:12.804467,BTC-USDT,1151224000,1151225000,0,328980
2025-07-25T07:51:12.824407,BTC-USDT,1151222000,1151223000,0,376992
2025-07-25T07:51:12.844512,BTC-USDT,1150964000,1151214000,0,85088
2025-07-25T07:51:12.864674,BTC-USDT,1151147000,1151214000,557,267752
2025-07-25T07:51:12.884738,BTC-USDT,0.0,1151214000,0.0,313477
2025-07-25T07:51:12.924629,BTC-USDT,0.0,1151214000,0.0,472255
2025-07-25T07:51:13.416832,BTC-USDT,0.0,1151214000,0.0,663645
2025-07-25T07:51:13.422158,BTC-USDT,0.0,1151214000,0.0,813645
2025-07-25T07:51:13.423516,BTC-USDT,1150981000,0.0,17598,0.0
2025-07-25T07:51:13.424193,BTC-USDT,0.0,1151214000,0.0,906982
2025-07-25T07:51:13.424705,BTC-USDT,1151213000,0.0,57240,0.0
2025-07-25T07:51:13.425462,BTC-USDT,1151213000,1151195000,0,151070
2025-07-25T07:51:13.426879,BTC-USDT,1150925000,1151195000,34776,431847
2025-07-25T07:51:13.427726,BTC-USDT,0.0,1151195000,0.0,462089
2025-07-25T07:51:13.428264,BTC-USDT,0.0,1151195000,0.0,688400
2025-07-25T07:51:13.428764,BTC-USDT,1151194000,1151195000,162409,734045
2025-07-25T07:51:13.446246,BTC-USDT,0.0,1151195000,0.0,735326
2025-07-25T07:51:13.485721,BTC-USDT,0.0,1151214000,0.0,206757
2025-07-25T07:51:13.585928,BTC-USDT,0.0,1151195000,0.0,763013
2025-07-25T07:51:13.685745,BTC-USDT,0.0,1151195000,0.0,834419
2025-07-25T07:51:13.725822,BTC-USDT,0.0,1151214000,0.0,126999
2025-07-25T07:51:14.234028,BTC-USDT,0.0,1151195000,0.0,834403
2025-07-25T07:51:14.367133,BTC-USDT,0.0,1151195000,0.0,760803
2025-07-25T07:51:15.368875,BTC-USDT,0.0,1151195000,0.0,834403
2025-07-25T07:51:15.609414,BTC-USDT,1151194000,0.0,49989,0.0
2025-07-25T07:51:15.629835,BTC-USDT,0.0,1151195000,0.0,833348
2025-07-25T07:51:15.649326,BTC-USDT,0.0,1151195000,0.0,834403
2025-07-25T07:51:15.978908,BTC-USDT,0.0,1151437000,0.0,246034
2025-07-25T07:51:16.010905,BTC-USDT,0.0,1151383000,0.0,833
2025-07-25T07:51:16.210111,BTC-USDT,0.0,1151195000,0.0,834404
2025-07-25T07:51:16.570522,BTC-USDT,1150981000,0.0,0,0.0
2025-07-25T07:51:17.905120,BTC-USDT,0.0,1151195000,0.0,760804
2025-07-25T07:51:18.252975,BTC-USDT,0.0,1151223000,0.0,15874
2025-07-25T07:51:18.293055,BTC-USDT,0.0,1151382000,0.0,0
2025-07-25T07:51:18.333877,BTC-USDT,0.0,1151195000,0.0,834404
2025-07-25T07:51:19.578150,BTC-USDT,0.0,1151214000,0.0,109204
2025-07-25T07:51:20.298972,BTC-USDT,0.0,1151195000,0.0,760804
2025-07-25T07:51:20.315903,BTC-USDT,1151082000,0.0,0,0.0
2025-07-25T07:51:21.671913,BTC-USDT,0.0,1151195000,0.0,834404
2025-07-25T07:51:21.680437,BTC-USDT,1151062000,0.0,22522,0.0
2025-07-25T07:51:21.682046,BTC-USDT,0.0,1151195000,0.0,833123
2025-07-25T07:51:21.683234,BTC-USDT,0.0,1151195000,0.0,834403
2025-07-25T07:51:21.697857,BTC-USDT,0.0,1151214000,0.0,15867
2025-07-25T07:51:21.798615,BTC-USDT,0.0,1151195000,0.0,927727
2025-07-25T07:51:23.513066,BTC-USDT,0.0,1151195000,0.0,854127
2025-07-25T07:51:23.960122,BTC-USDT,0.0,1151379000,0.0,20000
2025-07-25T07:51:24.555563,BTC-USDT,0.0,1151195000,0.0,927727
2025-07-25T07:51:24.559804,BTC-USDT,1151062000,0.0,0,0.0
2025-07-25T07:51:24.621912,BTC-USDT,1151149000,0.0,64329,0.0
2025-07-25T07:51:24.641752,BTC-USDT,1151072000,0.0,21629,0.0
2025-07-25T07:51:24.942220,BTC-USDT,0.0,1151195000,0.0,926117
2025-07-25T07:51:24.963618,BTC-USDT,0.0,1151195000,0.0,927727
2025-07-25T07:51:25.742022,BTC-USDT,1151072000,0.0,0,0.0
2025-07-25T07:51:26.154589,BTC-USDT,1150986000,0.0,21629,0.0
2025-07-25T07:51:26.161245,BTC-USDT,0.0,1151195000,0.0,1017727
2025-07-25T07:51:26.162893,BTC-USDT,1150894000,1151195000,0,1138142
2025-07-25T07:51:26.165421,BTC-USDT,1151081000,1151195000,1,1187667
2025-07-25T07:51:26.165650,BTC-USDT,1151129000,0.0,6942,0.0
2025-07-25T07:51:26.168608,BTC-USDT,0.0,1151254000,0.0,48304
2025-07-25T07:51:26.169909,BTC-USDT,0.0,1151225000,0.0,347
2025-07-25T07:51:26.171092,BTC-USDT,1150929000,1151195000,0,1263507
2025-07-25T07:51:26.172258,BTC-USDT,0.0,1151195000,0.0,1617732
2025-07-25T07:51:26.264558,BTC-USDT,0.0,1151195000,0.0,1544132
2025-07-25T07:51:26.325315,BTC-USDT,1151137000,0.0,0,0.0
2025-07-25T07:51:26.384767,BTC-USDT,1150868000,1151195000,0,1572710
2025-07-25T07:51:26.785320,BTC-USDT,1150986000,1151254000,6942,1
2025-07-25T07:51:26.793380,BTC-USDT,1151112000,1151263000,6942,48279
2025-07-25T07:51:27.129396,BTC-USDT,0.0,1151195000,0.0,1627910
2025-07-25T07:51:27.131902,BTC-USDT,0.0,1151258000,0.0,2916
2025-07-25T07:51:27.133621,BTC-USDT,1151112000,0.0,0,0.0
2025-07-25T07:51:27.134060,BTC-USDT,1151025000,1151195000,6942,1950549
2025-07-25T07:51:27.135736,BTC-USDT,1151194000,1151195000,0,2072265
2025-07-25T07:51:27.137578,BTC-USDT,1150893000,1151150000,0,364223
2025-07-25T07:51:27.138002,BTC-USDT,1151149000,1151150000,0,1538512
2025-07-25T07:51:27.138093,BTC-USDT,1151081000,1151082000,0,51413
2025-07-25T07:51:27.524767,BTC-USDT,1150982000,1150983000,0,300618
2025-07-25T07:51:27.898518,BTC-USDT,1150772000,1150773000,0,24191
2025-07-25T07:51:27.905003,BTC-USDT,1150715000,1150716000,0,18509
2025-07-25T07:51:27.906606,BTC-USDT,1150685000,1150686000,0,79365
2025-07-25T07:51:27.907857,BTC-USDT,1150521000,1150668000,6942,200357
2025-07-25T07:51:27.908945,BTC-USDT,1150667000,1150668000,0,312611
2025-07-25T07:51:27.909858,BTC-USDT,0.0,1150663000,0.0,123263
2025-07-25T07:51:27.911227,BTC-USDT,1150662000,1150663000,0,357326
2025-07-25T07:51:27.912150,BTC-USDT,0.0,1150668000,0.0,38545
2025-07-25T07:51:27.913222,BTC-USDT,0.0,1150647000,0.0,120361
2025-07-25T07:51:27.914246,BTC-USDT,1150646000,1150647000,43838,474961
2025-07-25T07:51:27.915364,BTC-USDT,1150646000,1150647000,26385,594776
2025-07-25T07:51:27.915693,BTC-USDT,1150646000,1150647000,6942,763446
2025-07-25T07:51:27.916656,BTC-USDT,1150245000,1150647000,0,762390
2025-07-25T07:51:27.917222,BTC-USDT,1150646000,1150647000,0,763446
2025-07-25T07:51:27.917680,BTC-USDT,1150646000,1150647000,24395,478696
2025-07-25T07:51:27.918368,BTC-USDT,1150646000,1150643000,0,34695
2025-07-25T07:51:27.919230,BTC-USDT,0.0,1150643000,0.0,75000
2025-07-25T07:51:27.919616,BTC-USDT,1150642000,1150643000,85280,199336
2025-07-25T07:51:27.919680,BTC-USDT,1150642000,1150643000,84927,225196
2025-07-25T07:51:27.919901,BTC-USDT,0.0,1150643000,0.0,463127
2025-07-25T07:51:27.920144,BTC-USDT,0.0,1150643000,0.0,699708
2025-07-25T07:51:27.920777,BTC-USDT,1150352000,1150643000,20000,723353
2025-07-25T07:51:27.922245,BTC-USDT,1150642000,0.0,45628,0.0
2025-07-25T07:51:27.922283,BTC-USDT,0.0,1150742000,0.0,2838
2025-07-25T07:51:27.922311,BTC-USDT,0.0,1150643000,0.0,743353
2025-07-25T07:51:27.922334,BTC-USDT,0.0,1150643000,0.0,763353
2025-07-25T07:51:27.922365,BTC-USDT,0.0,1150663000,0.0,24000
2025-07-25T07:51:27.988167,BTC-USDT,0.0,1150742000,0.0,0
2025-07-25T07:51:28.008038,BTC-USDT,1150642000,0.0,0,0.0
2025-07-25T07:51:28.028350,BTC-USDT,1150570000,1150571000,0,101770
2025-07-25T07:51:28.068000,BTC-USDT,0.0,1150643000,0.0,695331
2025-07-25T07:51:28.128238,BTC-USDT,1150240000,1150570000,0,17453
2025-07-25T07:51:28.148110,BTC-USDT,1150497000,1150552000,155004,363137
2025-07-25T07:51:28.169231,BTC-USDT,0.0,1150552000,0.0,494995
2025-07-25T07:51:28.188964,BTC-USDT,1150551000,1150503000,0,1056
2025-07-25T07:51:28.209321,BTC-USDT,1150502000,1150503000,0,184651
2025-07-25T07:51:28.230475,BTC-USDT,1150302000,1150498000,60041,322575
2025-07-25T07:51:28.249701,BTC-USDT,1150497000,1150498000,0,419602
2025-07-25T07:51:28.269377,BTC-USDT,1150127000,1150480000,188281,51413
2025-07-25T07:51:28.289439,BTC-USDT,1150479000,1150480000,0,141690
2025-07-25T07:51:28.309449,BTC-USDT,0.0,1150473000,0.0,50357
2025-07-25T07:51:28.329426,BTC-USDT,1150395000,1150473000,965,304544
2025-07-25T07:51:28.801272,BTC-USDT,0.0,1150473000,0.0,415990
2025-07-25T07:51:28.809259,BTC-USDT,1150472000,1150473000,0,427404
2025-07-25T07:51:30.101370,BTC-USDT,1150445000,1150446000,0,375433
2025-07-25T07:51:30.109829,BTC-USDT,1150409000,1150410000,0,209463
2025-07-25T07:51:30.112069,BTC-USDT,1150315000,1150320000,754,100714
2025-07-25T07:51:30.114355,BTC-USDT,1150319000,1150320000,0,136995
2025-07-25T07:51:30.115448,BTC-USDT,1150271000,1150316000,6942,118167
2025-07-25T07:51:30.116645,BTC-USDT,1150315000,1150316000,0,153918
2025-07-25T07:51:30.118158,BTC-USDT,0.0,1150308000,0.0,119223
2025-07-25T07:51:30.119054,BTC-USDT,0.0,1150316000,0.0,100714
2025-07-25T07:51:30.120343,BTC-USDT,0.0,1150308000,0.0,184885
2025-07-25T07:51:30.121885,BTC-USDT,0.0,1150308000,0.0,219293
2025-07-25T07:51:30.122892,BTC-USDT,0.0,1150710000,0.0,29371
2025-07-25T07:51:30.124618,BTC-USDT,1149965000,1150318000,0,6903
2025-07-25T07:51:30.126109,BTC-USDT,0.0,1150308000,0.0,547477
2025-07-25T07:51:30.127440,BTC-USDT,1150271000,1150308000,0,577473
2025-07-25T07:51:30.127844,BTC-USDT,0.0,1150308000,0.0,705901
2025-07-25T07:51:30.129082,BTC-USDT,0.0,1150308000,0.0,855901
2025-07-25T07:51:30.130532,BTC-USDT,0.0,1150472000,0.0,22923
2025-07-25T07:51:30.131292,BTC-USDT,1150278000,0.0,6942,0.0
2025-07-25T07:51:30.132499,BTC-USDT,1150278000,1150308000,0,1038470
2025-07-25T07:51:30.133093,BTC-USDT,1150307000,1150308000,0,1341118
2025-07-25T07:51:30.134052,BTC-USDT,1150220000,1150221000,280,194597
2025-07-25T07:51:30.134966,BTC-USDT,1150191000,1150221000,0,606248
2025-07-25T07:51:30.135977,BTC-USDT,1150057000,1150221000,64028,959685
2025-07-25T07:51:30.136470,BTC-USDT,1150142000,1150221000,0,1100350
2025-07-25T07:51:30.137429,BTC-USDT,1150007000,1150221000,6942,1250350
2025-07-25T07:51:30.137827,BTC-USDT,1150125000,1150221000,6942,1230350
2025-07-25T07:51:30.138283,BTC-USDT,1150104000,1150221000,17453,879744
2025-07-25T07:51:30.138814,BTC-USDT,1150104000,1150221000,0,806039
2025-07-25T07:51:30.139197,BTC-USDT,1149772000,1150221000,58764,930314
2025-07-25T07:51:30.139873,BTC-USDT,1150220000,1150221000,50650,835950
2025-07-25T07:51:30.140423,BTC-USDT,1150220000,1150221000,280,837006
2025-07-25T07:51:30.141414,BTC-USDT,1149818000,1150221000,29389,1019856
2025-07-25T07:51:30.141453,BTC-USDT,0.0,1150221000,0.0,1113164
2025-07-25T07:51:30.142344,BTC-USDT,0.0,1150450000,0.0,20000
2025-07-25T07:51:30.142473,BTC-USDT,1149847000,0.0,23757,0.0
2025-07-25T07:51:30.142527,BTC-USDT,1149818000,0.0,0,0.0
2025-07-25T07:51:30.142835,BTC-USDT,1149820000,0.0,29374,0.0
2025-07-25T07:51:30.143065,BTC-USDT,1149791000,1150417000,93307,20000
2025-07-25T07:51:30.143462,BTC-USDT,1149791000,0.0,0,0.0
2025-07-25T07:51:30.143765,BTC-USDT,1149788000,0.0,93307,0.0
2025-07-25T07:51:30.232286,BTC-USDT,0.0,1150221000,0.0,1151287
2025-07-25T07:51:30.252397,BTC-USDT,1149805000,1150221000,20000,1539677
2025-07-25T07:51:30.292575,BTC-USDT,0.0,1150221000,0.0,1562591
2025-07-25T07:51:30.332417,BTC-USDT,1150104000,0.0,17453,0.0
2025-07-25T07:51:30.783762,BTC-USDT,1150104000,0.0,0,0.0
2025-07-25T07:51:30.789770,BTC-USDT,1149988000,0.0,0,0.0
2025-07-25T07:51:30.814736,BTC-USDT,1150178000,1150221000,0,1594498
2025-07-25T07:51:30.853365,BTC-USDT,1149756000,1150221000,17453,1655154
2025-07-25T07:51:30.953928,BTC-USDT,1149788000,0.0,0,0.0
2025-07-25T07:51:31.053813,BTC-USDT,1149872000,1150229000,0,347
2025-07-25T07:51:31.093852,BTC-USDT,1149772000,1150221000,29385,1711877
2025-07-25T07:51:31.165263,BTC-USDT,1150136000,1150221000,582,2006360
2025-07-25T07:51:31.165310,BTC-USDT,1150081000,0.0,0,0.0
2025-07-25T07:51:31.194294,BTC-USDT,1150136000,0.0,0,0.0
2025-07-25T07:51:31.254647,BTC-USDT,1150086000,1150221000,609,2006361
2025-07-25T07:51:31.274128,BTC-USDT,1150130000,1150221000,0,2061461
2025-07-25T07:51:31.314370,BTC-USDT,1149775000,0.0,0,0.0
2025-07-25T07:51:31.434178,BTC-USDT,1150066000,1150237000,6942,2831
2025-07-25T07:51:31.474452,BTC-USDT,1149950000,0.0,0,0.0
2025-07-25T07:51:31.514338,BTC-USDT,1149640000,0.0,17453,0.0
2025-07-25T07:51:31.654984,BTC-USDT,0.0,1150221000,0.0,2006361
2025-07-25T07:51:31.674973,BTC-USDT,0.0,1150221000,0.0,2043961
2025-07-25T07:51:32.175753,BTC-USDT,0.0,1150221000,0.0,2022338
2025-07-25T07:51:32.196240,BTC-USDT,0.0,1150221000,0.0,2043924
2025-07-25T07:51:33.567605,BTC-USDT,1149872000,0.0,17453,0.0
2025-07-25T07:51:33.581611,BTC-USDT,1149988000,1150221000,17453,1950616
2025-07-25T07:51:33.584922,BTC-USDT,1149744000,1150221000,8000,1913116
2025-07-25T07:51:33.587475,BTC-USDT,1150184000,1150221000,6942,1913016
2025-07-25T07:51:33.588943,BTC-USDT,1150184000,0.0,0,0.0
2025-07-25T07:51:33.589980,BTC-USDT,1150073000,0.0,6942,0.0
2025-07-25T07:51:33.592349,BTC-USDT,0.0,1150221000,0.0,1913016
2025-07-25T07:51:33.592684,BTC-USDT,0.0,1150221000,0.0,2006320
2025-07-25T07:51:33.593832,BTC-USDT,0.0,1150421000,0.0,23360
2025-07-25T07:51:33.594918,BTC-USDT,0.0,1150488000,0.0,347
2025-07-25T07:51:33.596329,BTC-USDT,1150074000,1150238000,6901,971
2025-07-25T07:51:33.597473,BTC-USDT,1149781000,0.0,346,0.0
2025-07-25T07:51:33.598634,BTC-USDT,0.0,1150221000,0.0,1913016
2025-07-25T07:51:33.600012,BTC-USDT,1150007000,0.0,73600,0.0
2025-07-25T07:51:33.600639,BTC-USDT,1150007000,0.0,0,0.0
2025-07-25T07:51:33.601451,BTC-USDT,1149791000,0.0,20000,0.0
2025-07-25T07:51:33.602908,BTC-USDT,0.0,1150221000,0.0,1261133
2025-07-25T07:51:33.603428,BTC-USDT,0.0,1150221000,0.0,1211508
2025-07-25T07:51:33.604513,BTC-USDT,0.0,1150221000,0.0,1118204
2025-07-25T07:51:33.638240,BTC-USDT,0.0,1150237000,0.0,0
2025-07-25T07:51:34.041164,BTC-USDT,1150220000,1150221000,50650,1127879
2025-07-25T07:51:34.046674,BTC-USDT,1150220000,1150221000,68103,1003519
2025-07-25T07:51:34.048017,BTC-USDT,1150220000,1150300000,75045,0
2025-07-25T07:51:34.049745,BTC-USDT,1150220000,1150221000,75402,943519
2025-07-25T07:51:34.049827,BTC-USDT,0.0,1150221000,0.0,1036822
2025-07-25T07:51:34.051197,BTC-USDT,1150220000,1150221000,57949,1037879
2025-07-25T07:51:34.051952,BTC-USDT,0.0,1150221000,0.0,944576
2025-07-25T07:51:34.078895,BTC-USDT,0.0,1150221000,0.0,1037879
2025-07-25T07:51:34.139066,BTC-USDT,1149992000,0.0,73600,0.0
2025-07-25T07:51:34.199140,BTC-USDT,1150007000,0.0,73600,0.0
2025-07-25T07:51:34.279231,BTC-USDT,0.0,1150286000,0.0,20000
2025-07-25T07:51:34.639738,BTC-USDT,1150220000,0.0,75402,0.0
2025-07-25T07:51:34.780532,BTC-USDT,1150220000,0.0,57949,0.0
2025-07-25T07:51:34.980298,BTC-USDT,1150220000,1150221000,75071,944576
2025-07-25T07:51:35.040267,BTC-USDT,1149805000,0.0,1,0.0
2025-07-25T07:51:35.081889,BTC-USDT,1150220000,1150221000,132406,407594
2025-07-25T07:51:35.100491,BTC-USDT,1149974000,1150221000,8000,317312
2025-07-25T07:51:35.160876,BTC-USDT,1150220000,1150221000,206006,167312
2025-07-25T07:51:35.200470,BTC-USDT,0.0,1150328000,0.0,1057
2025-07-25T07:51:35.220477,BTC-USDT,0.0,1150488000,0.0,0
2025-07-25T07:51:35.240719,BTC-USDT,0.0,1150846000,0.0,17122
2025-07-25T07:51:35.280839,BTC-USDT,0.0,1150221000,0.0,260615
2025-07-25T07:51:35.321044,BTC-USDT,1150220000,0.0,132406,0.0
2025-07-25T07:51:35.360828,BTC-USDT,0.0,1150428000,0.0,47507
2025-07-25T07:51:35.731652,BTC-USDT,0.0,1150653000,0.0,347
2025-07-25T07:51:35.737350,BTC-USDT,1149991000,0.0,280080,0.0
2025-07-25T07:51:35.738236,BTC-USDT,0.0,1150221000,0.0,167312
2025-07-25T07:51:35.739189,BTC-USDT,0.0,1150221000,0.0,260615
2025-07-25T07:51:35.740241,BTC-USDT,0.0,1150453000,0.0,17122
2025-07-25T07:51:35.741074,BTC-USDT,1149781000,1150221000,0,261672
2025-07-25T07:51:35.981957,BTC-USDT,1149922000,1150221000,346,168369
2025-07-25T07:51:36.021893,BTC-USDT,0.0,1150221000,0.0,167312
2025-07-25T07:51:36.041907,BTC-USDT,1150007000,0.0,73601,0.0
2025-07-25T07:51:36.063525,BTC-USDT,0.0,1150453000,0.0,0
2025-07-25T07:51:36.082115,BTC-USDT,0.0,1150221000,0.0,260615
2025-07-25T07:51:36.121997,BTC-USDT,1150220000,0.0,206006,0.0
2025-07-25T07:51:36.162895,BTC-USDT,1150220000,0.0,132406,0.0
2025-07-25T07:51:36.182084,BTC-USDT,0.0,1150453000,0.0,17122
2025-07-25T07:51:36.202302,BTC-USDT,0.0,1150237000,0.0,1055
2025-07-25T07:51:36.242274,BTC-USDT,0.0,1150221000,0.0,167312
2025-07-25T07:51:36.282614,BTC-USDT,1150215000,1150453000,146641,0
2025-07-25T07:51:36.302993,BTC-USDT,0.0,1150357000,0.0,1055
2025-07-25T07:51:36.342500,BTC-USDT,0.0,1150237000,0.0,0
2025-07-25T07:51:36.382730,BTC-USDT,0.0,1150357000,0.0,0
2025-07-25T07:51:36.422580,BTC-USDT,0.0,1150224000,0.0,93302
2025-07-25T07:51:36.462731,BTC-USDT,0.0,1150400000,0.0,0
2025-07-25T07:51:36.502820,BTC-USDT,0.0,1150278000,0.0,1055
2025-07-25T07:51:36.983931,BTC-USDT,0.0,1150224000,0.0,0
2025-07-25T07:51:37.043667,BTC-USDT,1150047000,0.0,1,0.0
2025-07-25T07:51:37.084094,BTC-USDT,0.0,1150246000,0.0,93302
2025-07-25T07:51:37.103835,BTC-USDT,1150105000,0.0,0,0.0
2025-07-25T07:51:37.123909,BTC-USDT,1150220000,0.0,206006,0.0
2025-07-25T07:51:37.284568,BTC-USDT,1150220000,0.0,132406,0.0
2025-07-25T07:51:37.324207,BTC-USDT,1149872000,1150453000,17122,17122
2025-07-25T07:51:37.544483,BTC-USDT,1150220000,0.0,132316,0.0
2025-07-25T07:51:37.644755,BTC-USDT,0.0,1150453000,0.0,0
2025-07-25T07:51:37.826065,BTC-USDT,0.0,1150453000,0.0,17122
2025-07-25T07:51:37.925349,BTC-USDT,0.0,1150453000,0.0,0
2025-07-25T07:51:38.005599,BTC-USDT,1150220000,0.0,132126,0.0
2025-07-25T07:51:38.085501,BTC-USDT,1150127000,0.0,1,0.0
2025-07-25T07:51:38.166175,BTC-USDT,0.0,1150221000,0.0,92312
2025-07-25T07:51:38.552168,BTC-USDT,0.0,1150246000,0.0,0
2025-07-25T07:51:38.556654,BTC-USDT,0.0,1150221000,0.0,0
2025-07-25T07:51:38.557729,BTC-USDT,1150285000,1150434000,179476,0
2025-07-25T07:51:38.560062,BTC-USDT,1150285000,1150475000,229910,1055
2025-07-25T07:51:38.560982,BTC-USDT,1150220000,1150286000,6901,113301
2025-07-25T07:51:38.561275,BTC-USDT,1150101000,1150342000,2835,1055
2025-07-25T07:51:38.561757,BTC-USDT,0.0,1150342000,0.0,0
2025-07-25T07:51:38.563279,BTC-USDT,1150285000,1150286000,230267,114356
2025-07-25T07:51:38.907043,BTC-USDT,1150285000,0.0,175582,0.0
2025-07-25T07:51:39.027257,BTC-USDT,1150221000,0.0,0,0.0
2025-07-25T07:51:39.066891,BTC-USDT,1150208000,0.0,1,0.0
2025-07-25T07:51:39.113013,BTC-USDT,1150216000,0.0,73600,0.0
2025-07-25T07:51:39.307919,BTC-USDT,0.0,1150286000,0.0,21055
2025-07-25T07:51:39.347359,BTC-USDT,0.0,1150286000,0.0,96055
2025-07-25T07:51:39.407466,BTC-USDT,0.0,1150287000,0.0,93301
2025-07-25T07:51:39.548132,BTC-USDT,0.0,1150696000,0.0,0
2025-07-25T07:51:39.667825,BTC-USDT,0.0,1150699000,0.0,2889
2025-07-25T07:51:40.048383,BTC-USDT,0.0,1150771000,0.0,1
2025-07-25T07:51:40.088626,BTC-USDT,1150221000,0.0,73600,0.0
