timestamp,symbol,bid,ask,bid_vol,ask_vol
2025-07-25T07:28:33.216303,BTC-USDT,1155451000,1155452000,182406,1
2025-07-25T07:28:33.216345,BTC-USDT,0.0,1155563000,0.0,708
2025-07-25T07:28:33.216367,BTC-USDT,0.0,1155572000,0.0,0
2025-07-25T07:28:33.216385,BTC-USDT,1155451000,1155505000,184346,0
2025-07-25T07:28:33.216402,BTC-USDT,1155451000,1155517000,184700,0
2025-07-25T07:28:33.216428,BTC-USDT,1155451000,1155573000,184865,2898
2025-07-25T07:28:33.216460,BTC-USDT,1155212000,0.0,0,0.0
2025-07-25T07:28:33.216491,BTC-USDT,1155367000,1155684000,20000,17730
2025-07-25T07:28:33.216524,BTC-USDT,0.0,1155865000,0.0,0
2025-07-25T07:28:33.216555,BTC-USDT,0.0,1155685000,0.0,20000
2025-07-25T07:28:33.216582,BTC-USDT,1155451000,1155606000,167135,77700
2025-07-25T07:28:33.216611,BTC-USDT,1155451000,0.0,184865,0.0
2025-07-25T07:28:33.216641,BTC-USDT,1155451000,0.0,167135,0.0
2025-07-25T07:28:33.217250,BTC-USDT,1155451000,0.0,94205,0.0
2025-07-25T07:28:33.217285,BTC-USDT,1155451000,0.0,111935,0.0
2025-07-25T07:28:33.217303,BTC-USDT,0.0,1155725000,0.0,360
2025-07-25T07:28:33.394197,BTC-USDT,0.0,1155606000,0.0,0
2025-07-25T07:28:33.714631,BTC-USDT,1155451000,1155683000,34235,77700
2025-07-25T07:28:33.935322,BTC-USDT,1155413000,0.0,1,0.0
2025-07-25T07:28:34.696218,BTC-USDT,1155451000,1155619000,111935,77700
2025-07-25T07:28:35.117342,BTC-USDT,0.0,1155619000,0.0,0
2025-07-25T07:28:35.698354,BTC-USDT,0.0,1155667000,0.0,77700
2025-07-25T07:28:36.355322,BTC-USDT,1155451000,0.0,111934,0.0
2025-07-25T07:28:36.398604,BTC-USDT,1155261000,0.0,0,0.0
2025-07-25T07:28:36.680390,BTC-USDT,1155451000,1155683000,34234,0
2025-07-25T07:28:36.880996,BTC-USDT,1155418000,0.0,877,0.0
2025-07-25T07:28:37.320499,BTC-USDT,0.0,1155607000,0.0,107511
2025-07-25T07:28:37.660589,BTC-USDT,1155451000,1155606000,111934,77700
2025-07-25T07:28:37.682114,BTC-USDT,0.0,1155606000,0.0,0
2025-07-25T07:28:37.800868,BTC-USDT,1155148000,0.0,58842,0.0
2025-07-25T07:28:38.662746,BTC-USDT,0.0,1155641000,0.0,77700
2025-07-25T07:28:39.969505,BTC-USDT,1155451000,1155606000,34234,0
2025-07-25T07:28:39.974035,BTC-USDT,1155451000,0.0,16504,0.0
2025-07-25T07:28:39.975895,BTC-USDT,0.0,1155485000,0.0,7998
2025-07-25T07:28:39.976574,BTC-USDT,0.0,1155573000,0.0,2899
2025-07-25T07:28:40.064191,BTC-USDT,1155451000,0.0,16156,0.0
2025-07-25T07:28:40.164394,BTC-USDT,0.0,1155619000,0.0,0
2025-07-25T07:28:40.224590,BTC-USDT,1155451000,0.0,33427,0.0
2025-07-25T07:28:40.284658,BTC-USDT,0.0,1155641000,0.0,0
2025-07-25T07:28:40.325570,BTC-USDT,1155451000,0.0,16156,0.0
2025-07-25T07:28:40.646006,BTC-USDT,1155451000,1155641000,93856,77700
2025-07-25T07:28:40.866299,BTC-USDT,1155451000,0.0,111127,0.0
2025-07-25T07:28:41.387353,BTC-USDT,0.0,1155452000,0.0,0
2025-07-25T07:28:41.406515,BTC-USDT,1155484000,1155485000,73833,0
2025-07-25T07:28:41.426850,BTC-USDT,1155553000,1155571000,906,30000
2025-07-25T07:28:41.446343,BTC-USDT,1155407000,0.0,96009,0.0
2025-07-25T07:28:41.486628,BTC-USDT,1155494000,1155554000,1,7451
2025-07-25T07:28:41.507065,BTC-USDT,1155451000,1155571000,237,15000
2025-07-25T07:28:41.546614,BTC-USDT,1155451000,1155554000,0,471028
2025-07-25T07:28:41.587950,BTC-USDT,0.0,1155554000,0.0,736850
2025-07-25T07:28:41.666882,BTC-USDT,0.0,1155554000,0.0,796862
2025-07-25T07:28:41.927820,BTC-USDT,1155540000,0.0,144066,0.0
2025-07-25T07:28:42.648162,BTC-USDT,1155408000,0.0,0,0.0
2025-07-25T07:28:42.670047,BTC-USDT,1155219000,0.0,17271,0.0
2025-07-25T07:28:42.768356,BTC-USDT,1155553000,0.0,1830,0.0
2025-07-25T07:28:43.871751,BTC-USDT,1155490000,0.0,0,0.0
2025-07-25T07:28:43.877169,BTC-USDT,0.0,1155554000,0.0,874562
2025-07-25T07:28:43.890050,BTC-USDT,0.0,1155554000,0.0,852829
2025-07-25T07:28:43.909952,BTC-USDT,0.0,1155554000,0.0,874542
2025-07-25T07:28:44.010556,BTC-USDT,1155553000,0.0,906,0.0
2025-07-25T07:28:44.070243,BTC-USDT,1155553000,1155554000,0,975439
2025-07-25T07:28:44.467225,BTC-USDT,1155540000,1155541000,0,172011
2025-07-25T07:28:44.471610,BTC-USDT,1155536000,1155537000,0,172011
2025-07-25T07:28:44.472631,BTC-USDT,0.0,1155503000,0.0,147666
2025-07-25T07:28:44.473680,BTC-USDT,1155502000,1155536000,0,101905
2025-07-25T07:28:44.474523,BTC-USDT,1155502000,1155503000,1799,147666
2025-07-25T07:28:44.475395,BTC-USDT,0.0,1155503000,0.0,154740
2025-07-25T07:28:44.476285,BTC-USDT,0.0,1155536000,0.0,84634
2025-07-25T07:28:44.476550,BTC-USDT,0.0,1155503000,0.0,155117
2025-07-25T07:28:44.476587,BTC-USDT,0.0,1155554000,0.0,55757
2025-07-25T07:28:44.477174,BTC-USDT,1155502000,0.0,5700,0.0
2025-07-25T07:28:44.551255,BTC-USDT,0.0,1155503000,0.0,155117
2025-07-25T07:28:44.591177,BTC-USDT,0.0,1155537000,0.0,0
2025-07-25T07:28:44.631245,BTC-USDT,0.0,1155540000,0.0,30000
2025-07-25T07:28:45.218335,BTC-USDT,1155502000,0.0,6624,0.0
2025-07-25T07:28:45.222226,BTC-USDT,0.0,1155503000,0.0,7451
2025-07-25T07:28:45.223483,BTC-USDT,0.0,1155536000,0.0,6934
2025-07-25T07:28:45.412623,BTC-USDT,0.0,1155573000,0.0,1
2025-07-25T07:28:45.492611,BTC-USDT,1155367000,0.0,0,0.0
2025-07-25T07:28:45.512592,BTC-USDT,1155275000,1155685000,0,0
2025-07-25T07:28:45.572748,BTC-USDT,0.0,1155535000,0.0,77700
2025-07-25T07:28:45.813335,BTC-USDT,0.0,1155535000,0.0,0
2025-07-25T07:28:46.535156,BTC-USDT,0.0,1155503000,0.0,7074
2025-07-25T07:28:46.538275,BTC-USDT,1155503000,1155503000,924,0
2025-07-25T07:28:46.539724,BTC-USDT,1155502000,1155534000,1799,100897
2025-07-25T07:28:46.540327,BTC-USDT,1155504000,1155533000,3901,7074
2025-07-25T07:28:46.574687,BTC-USDT,1155505000,1155534000,924,0
2025-07-25T07:28:46.614634,BTC-USDT,0.0,1155533000,0.0,0
2025-07-25T07:28:46.654922,BTC-USDT,1155505000,1155532000,0,22084
2025-07-25T07:28:46.694806,BTC-USDT,1155494000,1155532000,17382,175920
2025-07-25T07:28:46.735005,BTC-USDT,1155511000,1155532000,17381,98220
2025-07-25T07:28:46.775138,BTC-USDT,1155512000,1155531000,924,163716
2025-07-25T07:28:46.815267,BTC-USDT,1155512000,1155530000,0,7074
2025-07-25T07:28:46.855336,BTC-USDT,1155496000,1155529000,0,31250
2025-07-25T07:28:46.895295,BTC-USDT,1155480000,1155528000,1799,115754
2025-07-25T07:28:46.915558,BTC-USDT,1155481000,0.0,924,0.0
2025-07-25T07:28:46.993399,BTC-USDT,1155483000,1155529000,17381,7074
2025-07-25T07:28:46.995652,BTC-USDT,1155484000,1155528000,2723,122828
2025-07-25T07:28:47.015418,BTC-USDT,1155500000,0.0,17381,0.0
2025-07-25T07:28:47.055663,BTC-USDT,1155485000,1155527000,0,31250
2025-07-25T07:28:47.095614,BTC-USDT,1155501000,1155526000,924,41730
2025-07-25T07:28:47.115462,BTC-USDT,1155505000,0.0,17381,0.0
2025-07-25T07:28:47.155983,BTC-USDT,1155506000,1155525000,924,51098
2025-07-25T07:28:47.195896,BTC-USDT,0.0,1155524000,0.0,65906
2025-07-25T07:28:47.216676,BTC-USDT,0.0,1155523000,0.0,7074
2025-07-25T07:28:47.596363,BTC-USDT,1155509000,1155522000,17381,34991
2025-07-25T07:28:47.600212,BTC-USDT,1155506000,1155521000,0,7074
2025-07-25T07:28:47.601230,BTC-USDT,1155510000,1155520000,924,16107
2025-07-25T07:28:47.602557,BTC-USDT,1155510000,0.0,0,0.0
2025-07-25T07:28:47.604282,BTC-USDT,1155519000,0.0,924,0.0
2025-07-25T07:28:47.604325,BTC-USDT,1155509000,0.0,0,0.0
2025-07-25T07:28:47.604589,BTC-USDT,1155519000,0.0,0,0.0
2025-07-25T07:28:47.604621,BTC-USDT,1155483000,1155617000,17381,77700
2025-07-25T07:28:47.616548,BTC-USDT,1155484000,0.0,924,0.0
2025-07-25T07:28:47.656491,BTC-USDT,1155486000,0.0,17381,0.0
2025-07-25T07:28:47.696612,BTC-USDT,1155487000,0.0,924,0.0
2025-07-25T07:28:47.717018,BTC-USDT,1155519000,0.0,924,0.0
2025-07-25T07:28:47.756730,BTC-USDT,1155501000,0.0,17381,0.0
2025-07-25T07:28:47.816823,BTC-USDT,1155519000,0.0,18305,0.0
2025-07-25T07:28:48.077474,BTC-USDT,0.0,1155681000,0.0,300413
2025-07-25T07:28:48.122732,BTC-USDT,0.0,1155606000,0.0,0
2025-07-25T07:28:48.157482,BTC-USDT,1155519000,1155616000,18653,20000
2025-07-25T07:28:48.559085,BTC-USDT,0.0,1155520000,0.0,23181
2025-07-25T07:28:48.563943,BTC-USDT,0.0,1155606000,0.0,77600
2025-07-25T07:28:48.565591,BTC-USDT,0.0,1155615000,0.0,77600
2025-07-25T07:28:49.139759,BTC-USDT,1155504000,0.0,92755,0.0
2025-07-25T07:28:49.539407,BTC-USDT,0.0,1155613000,0.0,77600
2025-07-25T07:28:50.120610,BTC-USDT,1155519000,1155520000,24353,0
2025-07-25T07:28:50.141407,BTC-USDT,1155535000,1155536000,91235,0
2025-07-25T07:28:50.160173,BTC-USDT,1155572000,1155573000,90311,0
2025-07-25T07:28:50.180208,BTC-USDT,1155572000,1155612000,76831,30000
2025-07-25T07:28:50.240602,BTC-USDT,1155611000,1155612000,74729,15000
2025-07-25T07:28:50.260937,BTC-USDT,1155611000,1155616000,92110,0
2025-07-25T07:28:50.280278,BTC-USDT,1155611000,1155751000,96935,20000
2025-07-25T07:28:50.320461,BTC-USDT,1155611000,1155612000,96011,0
2025-07-25T07:28:50.362754,BTC-USDT,1155613000,1155653000,17381,15000
2025-07-25T07:28:50.401201,BTC-USDT,1155652000,1155727000,348,77600
2025-07-25T07:28:50.420884,BTC-USDT,1155618000,0.0,0,0.0
2025-07-25T07:28:50.460568,BTC-USDT,1155652000,1155653000,23429,22074
2025-07-25T07:28:50.501404,BTC-USDT,1155344000,1155917000,327,360
2025-07-25T07:28:50.520656,BTC-USDT,0.0,1155750000,0.0,77600
2025-07-25T07:28:50.560816,BTC-USDT,0.0,1155733000,0.0,77600
2025-07-25T07:28:50.601369,BTC-USDT,1155652000,0.0,6048,0.0
2025-07-25T07:28:50.640977,BTC-USDT,1155652000,0.0,23429,0.0
2025-07-25T07:28:50.701927,BTC-USDT,1155652000,0.0,6048,0.0
2025-07-25T07:28:51.196448,BTC-USDT,1155614000,0.0,0,0.0
2025-07-25T07:28:51.482211,BTC-USDT,1155652000,0.0,23429,0.0
2025-07-25T07:28:51.522419,BTC-USDT,0.0,1155750000,0.0,0
2025-07-25T07:28:51.863332,BTC-USDT,1155652000,0.0,6048,0.0
2025-07-25T07:28:52.143271,BTC-USDT,1155574000,0.0,1,0.0
2025-07-25T07:28:52.183440,BTC-USDT,1155534000,0.0,1,0.0
2025-07-25T07:28:52.263672,BTC-USDT,1155652000,0.0,23429,0.0
2025-07-25T07:28:52.403730,BTC-USDT,1155652000,0.0,6048,0.0
2025-07-25T07:28:52.850499,BTC-USDT,0.0,1155702000,0.0,77600
2025-07-25T07:28:52.855571,BTC-USDT,0.0,1155818000,0.0,0
2025-07-25T07:28:53.344389,BTC-USDT,1155652000,1155702000,23429,0
2025-07-25T07:28:53.349767,BTC-USDT,1155615000,0.0,1,0.0
2025-07-25T07:28:53.350946,BTC-USDT,0.0,1155727000,0.0,0
2025-07-25T07:28:53.934333,BTC-USDT,0.0,1155727000,0.0,77600
2025-07-25T07:28:54.364545,BTC-USDT,0.0,1155657000,0.0,0
2025-07-25T07:28:54.366337,BTC-USDT,0.0,1156032000,0.0,17381
2025-07-25T07:28:54.368356,BTC-USDT,1155652000,1155703000,98188,0
2025-07-25T07:28:54.370506,BTC-USDT,0.0,1155653000,0.0,15000
2025-07-25T07:28:54.371257,BTC-USDT,0.0,1155653000,0.0,0
2025-07-25T07:28:54.373089,BTC-USDT,1155678000,1155733000,146763,0
2025-07-25T07:28:54.373910,BTC-USDT,1155678000,1155738000,170769,0
2025-07-25T07:28:54.374679,BTC-USDT,1155652000,1155679000,0,15000
2025-07-25T07:28:54.375463,BTC-USDT,0.0,1156032000,0.0,17381
2025-07-25T07:28:54.376096,BTC-USDT,1155678000,0.0,171117,0.0
2025-07-25T07:28:54.376929,BTC-USDT,1155636000,1155679000,107564,0
2025-07-25T07:28:54.377817,BTC-USDT,1155679000,0.0,165069,0.0
2025-07-25T07:28:54.378481,BTC-USDT,1155678000,0.0,148910,0.0
2025-07-25T07:28:54.378523,BTC-USDT,1155679000,0.0,170769,0.0
2025-07-25T07:28:54.428452,BTC-USDT,1155679000,0.0,171117,0.0
2025-07-25T07:28:54.486986,BTC-USDT,0.0,1155803000,0.0,77600
2025-07-25T07:28:54.747405,BTC-USDT,1155679000,1155796000,153736,17524
2025-07-25T07:28:55.127951,BTC-USDT,1155679000,1155796000,171260,0
2025-07-25T07:28:55.148187,BTC-USDT,0.0,1156032000,0.0,17524
2025-07-25T07:28:55.468337,BTC-USDT,0.0,1155784000,0.0,77600
2025-07-25T07:28:55.508400,BTC-USDT,0.0,1155796000,0.0,17524
2025-07-25T07:28:55.568866,BTC-USDT,0.0,1155784000,0.0,0
2025-07-25T07:28:55.628679,BTC-USDT,0.0,1155796000,0.0,0
2025-07-25T07:28:55.648370,BTC-USDT,0.0,1156032000,0.0,17524
2025-07-25T07:28:55.848839,BTC-USDT,1155679000,1155902000,171920,0
2025-07-25T07:28:55.868843,BTC-USDT,1155679000,0.0,172575,0.0
2025-07-25T07:28:55.889464,BTC-USDT,1155679000,1155680000,173221,0
2025-07-25T07:28:55.909098,BTC-USDT,1155734000,1155735000,165212,0
2025-07-25T07:28:55.929977,BTC-USDT,1155757000,0.0,164287,0.0
2025-07-25T07:28:55.949150,BTC-USDT,1155758000,1155758000,925,0
2025-07-25T07:28:55.990090,BTC-USDT,1155815000,1155816000,165212,0
2025-07-25T07:28:55.990323,BTC-USDT,1155846000,1155917000,92282,0
2025-07-25T07:28:56.009984,BTC-USDT,1155815000,0.0,73833,0.0
2025-07-25T07:28:56.049454,BTC-USDT,1155846000,1155897000,170912,0
2025-07-25T07:28:56.069627,BTC-USDT,1155846000,1155847000,172545,0
2025-07-25T07:28:56.090694,BTC-USDT,1155847000,1155909000,91379,0
2025-07-25T07:28:56.109244,BTC-USDT,1155847000,1155921000,166062,0
2025-07-25T07:28:56.129470,BTC-USDT,1155847000,1155848000,168294,0
2025-07-25T07:28:56.149566,BTC-USDT,1155937000,1155938000,146763,0
2025-07-25T07:28:56.169496,BTC-USDT,1155940000,1155966000,146763,7074
2025-07-25T07:28:56.209543,BTC-USDT,1155940000,1155941000,148562,137971
2025-07-25T07:28:56.249851,BTC-USDT,1155940000,1156187000,75632,377
2025-07-25T07:28:56.269581,BTC-USDT,1155940000,0.0,79533,0.0
2025-07-25T07:28:56.310246,BTC-USDT,1155679000,0.0,0,0.0
2025-07-25T07:28:56.430192,BTC-USDT,1155940000,1155941000,97057,37074
2025-07-25T07:28:56.450367,BTC-USDT,1155940000,0.0,97405,0.0
2025-07-25T07:28:56.490231,BTC-USDT,1155940000,1156035000,80806,77600
2025-07-25T07:28:56.530078,BTC-USDT,1155940000,0.0,97982,0.0
2025-07-25T07:28:56.610119,BTC-USDT,0.0,1155941000,0.0,22074
2025-07-25T07:28:56.674313,BTC-USDT,1155840000,1156058000,20000,20563
2025-07-25T07:28:56.730318,BTC-USDT,1155940000,0.0,80458,0.0
2025-07-25T07:28:57.112185,BTC-USDT,1155940000,0.0,6625,0.0
2025-07-25T07:28:57.371409,BTC-USDT,0.0,1155941000,0.0,39598
2025-07-25T07:28:57.411515,BTC-USDT,0.0,1155941000,0.0,39973
2025-07-25T07:28:57.451697,BTC-USDT,0.0,1155941000,0.0,117573
2025-07-25T07:28:57.491578,BTC-USDT,1155940000,0.0,5700,0.0
2025-07-25T07:28:57.957862,BTC-USDT,1155791000,0.0,0,0.0
2025-07-25T07:28:57.961946,BTC-USDT,0.0,1155941000,0.0,218470
2025-07-25T07:28:57.963240,BTC-USDT,1155591000,1156187000,0,0
2025-07-25T07:28:57.963801,BTC-USDT,1155777000,0.0,1,0.0
2025-07-25T07:28:58.113064,BTC-USDT,0.0,1156016000,0.0,377
2025-07-25T07:28:58.153100,BTC-USDT,0.0,1156007000,0.0,25259
2025-07-25T07:28:58.433154,BTC-USDT,0.0,1156006000,0.0,77600
2025-07-25T07:28:58.453078,BTC-USDT,0.0,1155941000,0.0,200946
2025-07-25T07:28:58.913734,BTC-USDT,1155817000,0.0,1,0.0
2025-07-25T07:28:58.934305,BTC-USDT,1155736000,0.0,1,0.0
2025-07-25T07:28:59.034013,BTC-USDT,0.0,1155941000,0.0,123346
2025-07-25T07:28:59.134147,BTC-USDT,0.0,1155941000,0.0,140870
2025-07-25T07:28:59.153993,BTC-USDT,1155877000,0.0,153872,0.0
2025-07-25T07:28:59.234051,BTC-USDT,1155824000,0.0,18449,0.0
2025-07-25T07:28:59.334460,BTC-USDT,0.0,1155941000,0.0,123346
2025-07-25T07:28:59.915430,BTC-USDT,1155858000,0.0,1,0.0
2025-07-25T07:28:59.935382,BTC-USDT,1155696000,0.0,1,0.0
2025-07-25T07:29:00.423999,BTC-USDT,0.0,1155941000,0.0,200946
2025-07-25T07:29:00.576571,BTC-USDT,0.0,1155941000,0.0,218470
2025-07-25T07:29:00.596320,BTC-USDT,1155824000,0.0,925,0.0
2025-07-25T07:29:00.696417,BTC-USDT,1155824000,0.0,18449,0.0
2025-07-25T07:29:00.736711,BTC-USDT,0.0,1155941000,0.0,200946
2025-07-25T07:29:00.918240,BTC-USDT,1155910000,0.0,661,0.0
2025-07-25T07:29:00.978230,BTC-USDT,0.0,1155941000,0.0,123346
2025-07-25T07:29:01.097146,BTC-USDT,1155824000,0.0,17524,0.0
2025-07-25T07:29:01.117301,BTC-USDT,1155906000,0.0,924,0.0
2025-07-25T07:29:01.437773,BTC-USDT,0.0,1155941000,0.0,124280
2025-07-25T07:29:02.026139,BTC-USDT,1155940000,0.0,24148,0.0
2025-07-25T07:29:02.405777,BTC-USDT,0.0,1155941000,0.0,123346
2025-07-25T07:29:02.407682,BTC-USDT,0.0,1155941000,0.0,22074
2025-07-25T07:29:02.408692,BTC-USDT,0.0,1156264000,0.0,17524
2025-07-25T07:29:02.409740,BTC-USDT,0.0,1156184000,0.0,23788
2025-07-25T07:29:02.410846,BTC-USDT,0.0,1155984000,0.0,543
2025-07-25T07:29:02.411885,BTC-USDT,1155940000,0.0,24496,0.0
2025-07-25T07:29:02.412738,BTC-USDT,1155847000,0.0,1190,0.0
2025-07-25T07:29:02.413486,BTC-USDT,0.0,1156221000,0.0,378
2025-07-25T07:29:02.414700,BTC-USDT,1155631000,0.0,327,0.0
2025-07-25T07:29:02.459311,BTC-USDT,0.0,1155941000,0.0,7074
2025-07-25T07:29:02.479176,BTC-USDT,1155941000,1155941000,924,0
2025-07-25T07:29:02.499699,BTC-USDT,1155940000,1155942000,4240,150000
2025-07-25T07:29:02.520064,BTC-USDT,1155941000,1155942000,97982,0
2025-07-25T07:29:02.539585,BTC-USDT,1155941000,1155942000,74189,7074
2025-07-25T07:29:02.559313,BTC-USDT,1155941000,1156130000,77543,0
2025-07-25T07:29:02.579534,BTC-USDT,1155941000,0.0,81444,0.0
2025-07-25T07:29:03.124581,BTC-USDT,1155941000,0.0,98968,0.0
2025-07-25T07:29:03.129096,BTC-USDT,1155941000,1155942000,100240,0
2025-07-25T07:29:03.130494,BTC-USDT,1155941000,1155967000,100240,12381
2025-07-25T07:29:03.131185,BTC-USDT,1155966000,1155972000,73833,0
2025-07-25T07:29:03.132010,BTC-USDT,1155941000,1155967000,1910,169455
2025-07-25T07:29:03.132660,BTC-USDT,1155708000,0.0,17524,0.0
2025-07-25T07:29:03.133613,BTC-USDT,1155942000,1156006000,0,0
2025-07-25T07:29:03.134383,BTC-USDT,1155966000,0.0,74757,0.0
2025-07-25T07:29:03.134843,BTC-USDT,1155966000,0.0,81639,0.0
2025-07-25T07:29:03.135769,BTC-USDT,1155966000,1156008000,87339,0
2025-07-25T07:29:03.201656,BTC-USDT,1155966000,0.0,104863,0.0
2025-07-25T07:29:03.381530,BTC-USDT,0.0,1156021000,0.0,77600
2025-07-25T07:29:03.421001,BTC-USDT,0.0,1156021000,0.0,0
2025-07-25T07:29:03.541170,BTC-USDT,1155966000,0.0,31030,0.0
2025-07-25T07:29:03.581279,BTC-USDT,1155966000,0.0,13506,0.0
2025-07-25T07:29:03.801437,BTC-USDT,0.0,1155967000,0.0,169830
2025-07-25T07:29:04.232141,BTC-USDT,0.0,1155967000,0.0,184830
2025-07-25T07:29:04.236619,BTC-USDT,1155966000,1155967000,7806,306809
2025-07-25T07:29:04.240248,BTC-USDT,1155966000,1155967000,6882,334606
2025-07-25T07:29:04.240284,BTC-USDT,1155631000,0.0,0,0.0
2025-07-25T07:29:04.240314,BTC-USDT,1155592000,0.0,17524,0.0
2025-07-25T07:29:04.241026,BTC-USDT,1155695000,0.0,24277,0.0
2025-07-25T07:29:04.262046,BTC-USDT,0.0,1156221000,0.0,1
2025-07-25T07:29:04.870237,BTC-USDT,0.0,1156054000,0.0,377
2025-07-25T07:29:04.877686,BTC-USDT,0.0,1155967000,0.0,352309
2025-07-25T07:29:04.878926,BTC-USDT,0.0,1155967000,0.0,383559
2025-07-25T07:29:04.880549,BTC-USDT,1155928000,1155967000,0,453206
2025-07-25T07:29:04.880589,BTC-USDT,1155592000,0.0,17703,0.0
2025-07-25T07:29:04.881117,BTC-USDT,1155910000,0.0,0,0.0
2025-07-25T07:29:04.883493,BTC-USDT,1155871000,1155983000,124713,25005
2025-07-25T07:29:05.123537,BTC-USDT,0.0,1155967000,0.0,452850
2025-07-25T07:29:05.572337,BTC-USDT,0.0,1155967000,0.0,530450
2025-07-25T07:29:05.864653,BTC-USDT,1155966000,1156144000,0,2179
2025-07-25T07:29:05.884654,BTC-USDT,0.0,1155942000,0.0,304740
2025-07-25T07:29:05.925078,BTC-USDT,1155941000,1155942000,4557,316987
2025-07-25T07:29:05.964905,BTC-USDT,1155941000,1155967000,6313,32703
2025-07-25T07:29:06.025208,BTC-USDT,0.0,1155967000,0.0,15000
2025-07-25T07:29:06.146107,BTC-USDT,0.0,1155942000,0.0,348237
2025-07-25T07:29:06.185057,BTC-USDT,0.0,1155942000,0.0,348612
2025-07-25T07:29:06.225586,BTC-USDT,0.0,1155942000,0.0,123346
2025-07-25T07:29:06.565904,BTC-USDT,0.0,1155966000,0.0,0
2025-07-25T07:29:07.159885,BTC-USDT,1155824000,1155942000,0,141049
2025-07-25T07:29:07.187462,BTC-USDT,1155941000,0.0,0,0.0
2025-07-25T07:29:07.207131,BTC-USDT,1155877000,1155878000,924,221500
2025-07-25T07:29:07.268023,BTC-USDT,1155877000,1155867000,0,7074
2025-07-25T07:29:07.664542,BTC-USDT,1155648000,1155867000,0,7074
2025-07-25T07:29:07.668860,BTC-USDT,0.0,1155867000,0.0,0
2025-07-25T07:29:07.669623,BTC-USDT,0.0,1155910000,0.0,41730
2025-07-25T07:29:07.670352,BTC-USDT,1155866000,1155909000,1714,73315
2025-07-25T07:29:07.671147,BTC-USDT,0.0,1155867000,0.0,7074
2025-07-25T07:29:07.671924,BTC-USDT,0.0,1155908000,0.0,0
2025-07-25T07:29:07.672543,BTC-USDT,0.0,1155867000,0.0,7074
2025-07-25T07:29:07.672580,BTC-USDT,1155867000,1155867000,924,0
2025-07-25T07:29:07.673174,BTC-USDT,1155867000,1155909000,0,34991
2025-07-25T07:29:07.673211,BTC-USDT,0.0,1155867000,0.0,7074
2025-07-25T07:29:07.687740,BTC-USDT,0.0,1155907000,0.0,77600
2025-07-25T07:29:07.728434,BTC-USDT,0.0,1155908000,0.0,0
2025-07-25T07:29:07.807926,BTC-USDT,0.0,1155867000,0.0,0
2025-07-25T07:29:07.848524,BTC-USDT,1155867000,1155906000,924,7074
2025-07-25T07:29:07.887965,BTC-USDT,0.0,1155906000,0.0,0
2025-07-25T07:29:07.908952,BTC-USDT,0.0,1155910000,0.0,7074
2025-07-25T07:29:07.928083,BTC-USDT,0.0,1155910000,0.0,42065
2025-07-25T07:29:07.993368,BTC-USDT,0.0,1155909000,0.0,7074
2025-07-25T07:29:08.004287,BTC-USDT,0.0,1155910000,0.0,0
2025-07-25T07:29:08.009381,BTC-USDT,1155867000,1155909000,924,7074
2025-07-25T07:29:08.048134,BTC-USDT,1155878000,1155908000,73833,100897
2025-07-25T07:29:08.088920,BTC-USDT,1155879000,1155907000,924,41730
2025-07-25T07:29:08.150982,BTC-USDT,1155879000,1155906000,0,66241
2025-07-25T07:29:08.168982,BTC-USDT,0.0,1155906000,0.0,66241
2025-07-25T07:29:08.208586,BTC-USDT,1155866000,1155905000,790,41730
2025-07-25T07:29:08.248567,BTC-USDT,0.0,1155904000,0.0,42065
2025-07-25T07:29:08.289307,BTC-USDT,1155867000,1155903000,924,7074
2025-07-25T07:29:08.309062,BTC-USDT,0.0,1155903000,0.0,84574
2025-07-25T07:29:08.348885,BTC-USDT,1155873000,1155902000,114983,7074
2025-07-25T07:29:08.388686,BTC-USDT,1155867000,1155902000,0,107971
2025-07-25T07:29:08.428700,BTC-USDT,0.0,1155901000,0.0,7074
2025-07-25T07:29:08.448729,BTC-USDT,1155874000,0.0,924,0.0
2025-07-25T07:29:08.489565,BTC-USDT,0.0,1155900000,0.0,69647
2025-07-25T07:29:08.528933,BTC-USDT,0.0,1155899000,0.0,7074
2025-07-25T07:29:08.569045,BTC-USDT,0.0,1155898000,0.0,34656
2025-07-25T07:29:08.588973,BTC-USDT,0.0,1155899000,0.0,34991
2025-07-25T07:29:08.628999,BTC-USDT,1155874000,1155897000,0,7074
2025-07-25T07:29:08.669412,BTC-USDT,1155874000,1155896000,924,34656
2025-07-25T07:29:08.709270,BTC-USDT,0.0,1155895000,0.0,7074
2025-07-25T07:29:08.729319,BTC-USDT,0.0,1155896000,0.0,0
2025-07-25T07:29:08.749336,BTC-USDT,0.0,1155895000,0.0,0
2025-07-25T07:29:09.241039,BTC-USDT,0.0,1155910000,0.0,7074
2025-07-25T07:29:09.729857,BTC-USDT,0.0,1155910000,0.0,100897
2025-07-25T07:29:09.732311,BTC-USDT,0.0,1155909000,0.0,7074
2025-07-25T07:29:09.733686,BTC-USDT,0.0,1155909000,0.0,84574
2025-07-25T07:29:09.734926,BTC-USDT,0.0,1155908000,0.0,73315
2025-07-25T07:29:09.735739,BTC-USDT,0.0,1155907000,0.0,7074
2025-07-25T07:29:09.736608,BTC-USDT,0.0,1155908000,0.0,66241
2025-07-25T07:29:09.737599,BTC-USDT,0.0,1155906000,0.0,66241
2025-07-25T07:29:09.738682,BTC-USDT,0.0,1155906000,0.0,100897
2025-07-25T07:29:09.739278,BTC-USDT,0.0,1155905000,0.0,7074
2025-07-25T07:29:09.739968,BTC-USDT,0.0,1155904000,0.0,69647
2025-07-25T07:29:09.740862,BTC-USDT,1155874000,1155903000,0,31250
2025-07-25T07:29:09.742009,BTC-USDT,0.0,1155904000,0.0,34991
2025-07-25T07:29:09.742826,BTC-USDT,1155875000,1155904000,17703,0
2025-07-25T07:29:09.742864,BTC-USDT,1155902000,1155964000,924,77500
2025-07-25T07:29:09.743150,BTC-USDT,0.0,1155903000,0.0,31625
2025-07-25T07:29:09.743187,BTC-USDT,0.0,1155903000,0.0,101272
2025-07-25T07:29:09.743216,BTC-USDT,1155902000,0.0,17703,0.0
2025-07-25T07:29:09.743979,BTC-USDT,0.0,1155903000,0.0,108346
2025-07-25T07:29:09.744016,BTC-USDT,1155902000,0.0,0,0.0
2025-07-25T07:29:09.744043,BTC-USDT,1155902000,0.0,924,0.0
2025-07-25T07:29:09.744074,BTC-USDT,1155902000,0.0,0,0.0
2025-07-25T07:29:09.744383,BTC-USDT,1155874000,0.0,924,0.0
2025-07-25T07:29:09.744430,BTC-USDT,0.0,1155903000,0.0,101272
2025-07-25T07:29:09.750805,BTC-USDT,0.0,1155902000,0.0,7074
2025-07-25T07:29:09.811025,BTC-USDT,1155874000,1155903000,0,375
2025-07-25T07:29:09.851313,BTC-USDT,0.0,1155903000,0.0,0
2025-07-25T07:29:09.871334,BTC-USDT,1155874000,1156171000,924,17703
2025-07-25T07:29:09.951215,BTC-USDT,1155874000,0.0,0,0.0
2025-07-25T07:29:09.971490,BTC-USDT,0.0,1155901000,0.0,65906
2025-07-25T07:29:10.400673,BTC-USDT,1155900000,1155901000,924,100897
2025-07-25T07:29:10.404187,BTC-USDT,1155900000,0.0,924,0.0
2025-07-25T07:29:10.405445,BTC-USDT,1155900000,0.0,924,0.0
2025-07-25T07:29:10.405987,BTC-USDT,1155900000,0.0,924,0.0
2025-07-25T07:29:10.406549,BTC-USDT,1155900000,0.0,0,0.0
2025-07-25T07:29:10.407142,BTC-USDT,0.0,1155972000,0.0,0
2025-07-25T07:29:10.407725,BTC-USDT,0.0,1155967000,0.0,92500
2025-07-25T07:29:10.408409,BTC-USDT,0.0,1155966000,0.0,77500
2025-07-25T07:29:10.409026,BTC-USDT,1155900000,0.0,924,0.0
2025-07-25T07:29:10.433041,BTC-USDT,1155900000,1155901000,0,107971
2025-07-25T07:29:10.472573,BTC-USDT,0.0,1155900000,0.0,7074
2025-07-25T07:29:10.492221,BTC-USDT,0.0,1155901000,0.0,31250
2025-07-25T07:29:10.532622,BTC-USDT,0.0,1155900000,0.0,7074
2025-07-25T07:29:10.572423,BTC-USDT,0.0,1155900000,0.0,0
2025-07-25T07:29:10.632434,BTC-USDT,0.0,1155900000,0.0,34656
2025-07-25T07:29:10.652448,BTC-USDT,0.0,1155900000,0.0,69647
2025-07-25T07:29:10.692587,BTC-USDT,0.0,1155906000,0.0,0
2025-07-25T07:29:10.732774,BTC-USDT,0.0,1155899000,0.0,7074
2025-07-25T07:29:10.752744,BTC-USDT,0.0,1155947000,0.0,77500
2025-07-25T07:29:10.793284,BTC-USDT,0.0,1155898000,0.0,100897
2025-07-25T07:29:10.832908,BTC-USDT,0.0,1155898000,0.0,0
2025-07-25T07:29:10.874983,BTC-USDT,0.0,1155915000,0.0,0
2025-07-25T07:29:10.892952,BTC-USDT,0.0,1155910000,0.0,7074
2025-07-25T07:29:10.932988,BTC-USDT,0.0,1155910000,0.0,100897
2025-07-25T07:29:10.993717,BTC-USDT,0.0,1155909000,0.0,7074
2025-07-25T07:29:10.994033,BTC-USDT,0.0,1155910000,0.0,31250
2025-07-25T07:29:11.298957,BTC-USDT,0.0,1155908000,0.0,69647
2025-07-25T07:29:11.303095,BTC-USDT,0.0,1155907000,0.0,7074
2025-07-25T07:29:11.303210,BTC-USDT,0.0,1155906000,0.0,69647
2025-07-25T07:29:11.303507,BTC-USDT,0.0,1155905000,0.0,38324
2025-07-25T07:29:11.303663,BTC-USDT,0.0,1155904000,0.0,7074
2025-07-25T07:29:11.304062,BTC-USDT,0.0,1155903000,0.0,69647
2025-07-25T07:29:11.304099,BTC-USDT,0.0,1155902000,0.0,31250
2025-07-25T07:29:11.304339,BTC-USDT,0.0,1155903000,0.0,34656
2025-07-25T07:29:11.333972,BTC-USDT,0.0,1155901000,0.0,76721
2025-07-25T07:29:11.668267,BTC-USDT,0.0,1155900000,0.0,7074
2025-07-25T07:29:11.670861,BTC-USDT,0.0,1155899000,0.0,100897
2025-07-25T07:29:11.671879,BTC-USDT,0.0,1155898000,0.0,7074
2025-07-25T07:29:11.672004,BTC-USDT,0.0,1155899000,0.0,0
2025-07-25T07:29:11.672863,BTC-USDT,0.0,1155897000,0.0,34656
2025-07-25T07:29:11.672906,BTC-USDT,0.0,1155897000,0.0,69647
2025-07-25T07:29:11.673174,BTC-USDT,0.0,1155896000,0.0,31250
2025-07-25T07:29:11.673206,BTC-USDT,0.0,1155896000,0.0,31250
2025-07-25T07:29:11.694352,BTC-USDT,0.0,1155895000,0.0,7074
2025-07-25T07:29:11.795192,BTC-USDT,0.0,1155894000,0.0,34656
2025-07-25T07:29:11.855753,BTC-USDT,1155875000,1155941000,17703,77500
2025-07-25T07:29:11.895443,BTC-USDT,1155876000,0.0,924,0.0
2025-07-25T07:29:11.974964,BTC-USDT,0.0,1155896000,0.0,0
2025-07-25T07:29:12.015496,BTC-USDT,0.0,1155894000,0.0,34656
2025-07-25T07:29:12.075060,BTC-USDT,0.0,1155898000,0.0,7074
2025-07-25T07:29:12.095394,BTC-USDT,0.0,1155898000,0.0,0
2025-07-25T07:29:12.135147,BTC-USDT,1155876000,1155894000,0,41730
2025-07-25T07:29:12.175635,BTC-USDT,1155876000,0.0,924,0.0
2025-07-25T07:29:12.197104,BTC-USDT,1155893000,0.0,924,0.0
2025-07-25T07:29:12.266470,BTC-USDT,1155893000,0.0,0,0.0
2025-07-25T07:29:12.277508,BTC-USDT,1155893000,0.0,18627,0.0
2025-07-25T07:29:12.458046,BTC-USDT,0.0,1155941000,0.0,0
2025-07-25T07:29:12.498249,BTC-USDT,0.0,1155964000,0.0,0
2025-07-25T07:29:12.576997,BTC-USDT,1155893000,0.0,924,0.0
2025-07-25T07:29:12.596329,BTC-USDT,1155893000,0.0,0,0.0
2025-07-25T07:29:12.636214,BTC-USDT,1155874000,1155894000,924,34656
2025-07-25T07:29:12.676067,BTC-USDT,1155893000,0.0,924,0.0
2025-07-25T07:29:12.715990,BTC-USDT,1155893000,0.0,924,0.0
2025-07-25T07:29:12.816510,BTC-USDT,1155893000,0.0,18627,0.0
2025-07-25T07:29:12.836201,BTC-USDT,0.0,1155983000,0.0,0
2025-07-25T07:29:12.876246,BTC-USDT,1155893000,1155894000,165739,0
2025-07-25T07:29:12.897179,BTC-USDT,1155897000,0.0,72930,0.0
2025-07-25T07:29:12.936514,BTC-USDT,1155897000,0.0,164466,0.0
2025-07-25T07:29:12.976679,BTC-USDT,1155893000,1156054000,0,0
2025-07-25T07:29:13.037027,BTC-USDT,0.0,1156235000,0.0,70240
2025-07-25T07:29:13.078060,BTC-USDT,1155898000,1155898000,924,0
2025-07-25T07:29:13.117105,BTC-USDT,1155941000,0.0,146763,0.0
2025-07-25T07:29:13.157149,BTC-USDT,1155941000,0.0,165738,0.0
2025-07-25T07:29:13.197811,BTC-USDT,0.0,1156224000,0.0,377
2025-07-25T07:29:13.239592,BTC-USDT,1155941000,0.0,148035,0.0
2025-07-25T07:29:13.277303,BTC-USDT,1155941000,0.0,75105,0.0
2025-07-25T07:29:13.637654,BTC-USDT,0.0,1155942000,0.0,22074
2025-07-25T07:29:13.898223,BTC-USDT,1155941000,0.0,74757,0.0
2025-07-25T07:29:14.486014,BTC-USDT,1155941000,0.0,924,0.0
2025-07-25T07:29:14.821672,BTC-USDT,1155941000,0.0,0,0.0
2025-07-25T07:29:14.822678,BTC-USDT,1155941000,0.0,924,0.0
2025-07-25T07:29:14.823646,BTC-USDT,1155825000,0.0,17703,0.0
2025-07-25T07:29:14.823687,BTC-USDT,1155917000,0.0,924,0.0
2025-07-25T07:29:14.824425,BTC-USDT,1155941000,0.0,0,0.0
2025-07-25T07:29:14.824944,BTC-USDT,0.0,1155942000,0.0,15000
2025-07-25T07:29:14.825424,BTC-USDT,0.0,1155941000,0.0,7074
2025-07-25T07:29:14.826105,BTC-USDT,0.0,1155940000,0.0,15000
2025-07-25T07:29:14.826884,BTC-USDT,1155939000,0.0,924,0.0
2025-07-25T07:29:14.859463,BTC-USDT,1155939000,0.0,924,0.0
2025-07-25T07:29:16.056899,BTC-USDT,1155939000,0.0,924,0.0
2025-07-25T07:29:16.064974,BTC-USDT,1155939000,0.0,924,0.0
2025-07-25T07:29:16.066037,BTC-USDT,1155939000,0.0,0,0.0
2025-07-25T07:29:16.066939,BTC-USDT,1155917000,0.0,924,0.0
2025-07-25T07:29:16.068169,BTC-USDT,1155917000,0.0,924,0.0
2025-07-25T07:29:16.068686,BTC-USDT,1155939000,0.0,924,0.0
2025-07-25T07:29:16.069420,BTC-USDT,1155939000,1155940000,1272,0
2025-07-25T07:29:16.070033,BTC-USDT,1155939000,1155941000,18102,0
2025-07-25T07:29:16.070852,BTC-USDT,1155948000,1155966000,17754,7074
2025-07-25T07:29:16.072553,BTC-USDT,1155940000,1155963000,0,8785
2025-07-25T07:29:16.073513,BTC-USDT,1155962000,0.0,73833,0.0
2025-07-25T07:29:16.073767,BTC-USDT,1155962000,0.0,74757,0.0
2025-07-25T07:29:16.074058,BTC-USDT,1155962000,0.0,92511,0.0
2025-07-25T07:29:16.074529,BTC-USDT,1155948000,1155963000,0,158785
2025-07-25T07:29:16.082105,BTC-USDT,1155962000,0.0,924,0.0
2025-07-25T07:29:16.122006,BTC-USDT,1155962000,1155963000,0,158785
2025-07-25T07:29:16.161496,BTC-USDT,1155928000,1155962000,924,7074
2025-07-25T07:29:16.201595,BTC-USDT,1155932000,1155957000,73833,6077
2025-07-25T07:29:16.241773,BTC-USDT,1155933000,1155962000,924,0
2025-07-25T07:29:16.261690,BTC-USDT,1155933000,1155933000,0,150000
2025-07-25T07:29:16.301740,BTC-USDT,1155932000,1155933000,924,0
2025-07-25T07:29:16.341773,BTC-USDT,1155932000,1155933000,348,150000
2025-07-25T07:29:16.362925,BTC-USDT,1155932000,1155933000,1272,0
2025-07-25T07:29:16.401951,BTC-USDT,1155932000,1155933000,348,150000
2025-07-25T07:29:16.441960,BTC-USDT,1155931000,1155933000,924,7074
2025-07-25T07:29:16.461954,BTC-USDT,1155931000,1155933000,0,0
2025-07-25T07:29:16.501977,BTC-USDT,1155933000,1155963000,924,8718
2025-07-25T07:29:16.542023,BTC-USDT,1155933000,1155962000,0,7074
2025-07-25T07:29:16.562084,BTC-USDT,1155932000,0.0,0,0.0
2025-07-25T07:29:16.602249,BTC-USDT,1155927000,1155933000,1643,150000
2025-07-25T07:29:16.642178,BTC-USDT,1155927000,1155928000,719,7074
2025-07-25T07:29:16.662360,BTC-USDT,1155913000,1155928000,0,0
2025-07-25T07:29:16.702373,BTC-USDT,1155592000,1155928000,17754,150000
2025-07-25T07:29:16.742478,BTC-USDT,1155907000,1155928000,924,7074
2025-07-25T07:29:16.762472,BTC-USDT,1155907000,1155928000,0,0
2025-07-25T07:29:16.802511,BTC-USDT,1155928000,1155963000,924,8687
2025-07-25T07:29:16.842649,BTC-USDT,0.0,1155962000,0.0,7074
2025-07-25T07:29:16.862657,BTC-USDT,0.0,1155929000,0.0,150000
2025-07-25T07:29:16.902610,BTC-USDT,0.0,1155929000,0.0,0
2025-07-25T07:29:16.942824,BTC-USDT,1155928000,1155929000,0,150000
2025-07-25T07:29:16.993185,BTC-USDT,1155927000,1155928000,719,154740
2025-07-25T07:29:17.002938,BTC-USDT,0.0,1155964000,0.0,0
2025-07-25T07:29:17.043060,BTC-USDT,1155901000,0.0,924,0.0
2025-07-25T07:29:17.543673,BTC-USDT,1155825000,1155928000,0,172494
2025-07-25T07:29:17.563943,BTC-USDT,1155592000,1155928000,17754,154740
2025-07-25T07:29:17.583777,BTC-USDT,0.0,1155928000,0.0,155115
2025-07-25T07:29:18.024648,BTC-USDT,1155655000,1156224000,1,0
2025-07-25T07:29:18.285133,BTC-USDT,0.0,1156062000,0.0,377
2025-07-25T07:29:18.698342,BTC-USDT,0.0,1155928000,0.0,273766
2025-07-25T07:29:18.703203,BTC-USDT,1155927000,0.0,0,0.0
2025-07-25T07:29:18.705008,BTC-USDT,1155877000,1155927000,670,7074
2025-07-25T07:29:18.706018,BTC-USDT,1155572000,1155902000,0,147666
2025-07-25T07:29:18.707247,BTC-USDT,1155814000,1155926000,125656,0
2025-07-25T07:29:18.707928,BTC-USDT,0.0,1155902000,0.0,165420
2025-07-25T07:29:18.708370,BTC-USDT,0.0,1155902000,0.0,231661
2025-07-25T07:29:18.708407,BTC-USDT,0.0,1155902000,0.0,266317
2025-07-25T07:29:18.805843,BTC-USDT,0.0,1155902000,0.0,248938
2025-07-25T07:29:18.865884,BTC-USDT,0.0,1155902000,0.0,266692
2025-07-25T07:29:18.966031,BTC-USDT,0.0,1155902000,0.0,248938
2025-07-25T07:29:19.446723,BTC-USDT,0.0,1155902000,0.0,266692
2025-07-25T07:29:20.379857,BTC-USDT,0.0,1155902000,0.0,248938
2025-07-25T07:29:20.508641,BTC-USDT,0.0,1155902000,0.0,266692
2025-07-25T07:29:20.548584,BTC-USDT,1155901000,0.0,0,0.0
2025-07-25T07:29:20.568319,BTC-USDT,1155840000,1155899000,0,172494
2025-07-25T07:29:20.588873,BTC-USDT,1155898000,1155899000,0,238735
2025-07-25T07:29:20.608532,BTC-USDT,1155805000,1155806000,0,147666
2025-07-25T07:29:20.631059,BTC-USDT,1155777000,1155879000,0,20000
2025-07-25T07:29:20.668762,BTC-USDT,1155760000,1155805000,924,7074
2025-07-25T07:29:20.690615,BTC-USDT,1155762000,1155804000,17754,147666
2025-07-25T07:29:20.748528,BTC-USDT,1155773000,1155803000,663,7074
2025-07-25T07:29:20.788711,BTC-USDT,1155774000,1155803000,924,0
2025-07-25T07:29:20.808610,BTC-USDT,0.0,1155870000,0.0,147666
2025-07-25T07:29:20.848829,BTC-USDT,0.0,1155775000,0.0,375
2025-07-25T07:29:20.869162,BTC-USDT,1155773000,1155820000,0,0
2025-07-25T07:29:20.888838,BTC-USDT,1155774000,1155869000,1520,41730
2025-07-25T07:29:20.908931,BTC-USDT,0.0,1155869000,0.0,7074
2025-07-25T07:29:20.989113,BTC-USDT,1155774000,1156160000,2444,17754
2025-07-25T07:29:21.109344,BTC-USDT,1155774000,0.0,1520,0.0
2025-07-25T07:29:21.150969,BTC-USDT,1155774000,0.0,2443,0.0
2025-07-25T07:29:22.591591,BTC-USDT,0.0,1155857000,0.0,1
2025-07-25T07:29:22.711660,BTC-USDT,0.0,1155909000,0.0,20000
2025-07-25T07:29:23.552842,BTC-USDT,1155774000,1155775000,1520,84035
2025-07-25T07:29:23.572967,BTC-USDT,1155476000,1155775000,17754,231703
2025-07-25T07:29:23.613039,BTC-USDT,0.0,1155775000,0.0,273768
2025-07-25T07:29:23.652838,BTC-USDT,0.0,1155775000,0.0,256014
2025-07-25T07:29:23.814851,BTC-USDT,0.0,1155884000,0.0,377
2025-07-25T07:29:23.913419,BTC-USDT,1155620000,1155775000,0,273768
2025-07-25T07:29:23.954419,BTC-USDT,1155569000,0.0,21,0.0
2025-07-25T07:29:24.355011,BTC-USDT,0.0,1155775000,0.0,256014
2025-07-25T07:29:24.695058,BTC-USDT,0.0,1155775000,0.0,108346
2025-07-25T07:29:24.714628,BTC-USDT,1155770000,0.0,923,0.0
2025-07-25T07:29:24.734620,BTC-USDT,1155774000,0.0,2443,0.0
2025-07-25T07:29:25.575972,BTC-USDT,0.0,1155800000,0.0,87045
2025-07-25T07:29:25.936452,BTC-USDT,1155774000,0.0,19853,0.0
2025-07-25T07:29:25.993509,BTC-USDT,1155774000,0.0,2443,0.0
2025-07-25T07:29:26.117017,BTC-USDT,1155774000,0.0,1520,0.0
2025-07-25T07:29:30.584740,BTC-USDT,1155774000,0.0,2444,0.0
2025-07-25T07:29:33.255231,BTC-USDT,1155774000,0.0,2352,0.0
2025-07-25T07:29:34.028757,BTC-USDT,1155721000,0.0,77400,0.0
2025-07-25T07:29:35.030277,BTC-USDT,1155720000,0.0,97400,0.0
2025-07-25T07:29:35.052015,BTC-USDT,1155476000,0.0,17603,0.0
2025-07-25T07:29:35.070926,BTC-USDT,1155659000,0.0,113,0.0
2025-07-25T07:29:35.190169,BTC-USDT,1155569000,0.0,0,0.0
2025-07-25T07:29:35.546000,BTC-USDT,1155476000,0.0,17603,0.0
2025-07-25T07:29:36.011451,BTC-USDT,1155727000,0.0,77400,0.0
2025-07-25T07:29:36.031266,BTC-USDT,1155740000,0.0,0,0.0
2025-07-25T07:29:36.051303,BTC-USDT,1155476000,0.0,17603,0.0
2025-07-25T07:29:36.111311,BTC-USDT,1155727000,0.0,0,0.0
2025-07-25T07:29:36.131438,BTC-USDT,1155738000,0.0,8000,0.0
2025-07-25T07:29:36.151436,BTC-USDT,1155738000,0.0,0,0.0
2025-07-25T07:29:36.231950,BTC-USDT,0.0,1155931000,0.0,0
2025-07-25T07:29:36.712459,BTC-USDT,0.0,1155863000,0.0,2180
2025-07-25T07:29:36.994256,BTC-USDT,1155721000,0.0,0,0.0
2025-07-25T07:29:37.615017,BTC-USDT,1155720000,1155775000,0,125949
2025-07-25T07:29:37.619884,BTC-USDT,0.0,1155775000,0.0,108346
2025-07-25T07:29:37.954498,BTC-USDT,0.0,1155775000,0.0,125949
2025-07-25T07:29:38.553775,BTC-USDT,0.0,1155775000,0.0,108346
2025-07-25T07:29:39.036145,BTC-USDT,0.0,1155775000,0.0,125949
2025-07-25T07:29:39.157914,BTC-USDT,0.0,1155775000,0.0,108346
2025-07-25T07:29:39.678015,BTC-USDT,0.0,1155775000,0.0,108346
2025-07-25T07:29:40.639941,BTC-USDT,0.0,1155775000,0.0,125949
2025-07-25T07:29:40.678660,BTC-USDT,1155774000,0.0,1428,0.0
2025-07-25T07:29:40.778623,BTC-USDT,0.0,1155775000,0.0,108346
2025-07-25T07:29:40.958999,BTC-USDT,1155774000,0.0,1398,0.0
2025-07-25T07:29:42.161109,BTC-USDT,0.0,1155775000,0.0,125949
2025-07-25T07:29:42.721416,BTC-USDT,0.0,1155775000,0.0,108346
2025-07-25T07:29:42.921775,BTC-USDT,0.0,1155863000,0.0,0
2025-07-25T07:29:43.362308,BTC-USDT,1155715000,1155775000,950,125949
2025-07-25T07:29:43.382490,BTC-USDT,0.0,1155947000,0.0,214502
2025-07-25T07:29:43.963949,BTC-USDT,1155659000,1155775000,0,108346
2025-07-25T07:29:43.983070,BTC-USDT,1155659000,0.0,109,0.0
2025-07-25T07:29:44.183772,BTC-USDT,1155774000,0.0,2322,0.0
2025-07-25T07:29:44.203947,BTC-USDT,1155476000,0.0,17603,0.0
2025-07-25T07:29:44.724530,BTC-USDT,0.0,1155775000,0.0,126076
2025-07-25T07:29:46.046108,BTC-USDT,1155774000,0.0,1398,0.0
2025-07-25T07:29:46.087100,BTC-USDT,1155759000,0.0,0,0.0
2025-07-25T07:29:46.107246,BTC-USDT,1155774000,0.0,1245,0.0
2025-07-25T07:29:46.207611,BTC-USDT,1155703000,1155784000,0,20000
2025-07-25T07:29:46.246511,BTC-USDT,1155689000,1155775000,0,276076
2025-07-25T07:29:46.406904,BTC-USDT,1155646000,0.0,924,0.0
2025-07-25T07:29:46.507071,BTC-USDT,0.0,1155775000,0.0,321510
2025-07-25T07:29:46.747798,BTC-USDT,0.0,1155775000,0.0,303780
2025-07-25T07:29:46.828857,BTC-USDT,0.0,1155775000,0.0,321510
2025-07-25T07:29:47.047872,BTC-USDT,0.0,1155775000,0.0,321502
2025-07-25T07:29:47.108035,BTC-USDT,0.0,1155775000,0.0,303772
2025-07-25T07:29:47.147987,BTC-USDT,0.0,1155775000,0.0,269116
2025-07-25T07:29:47.167995,BTC-USDT,0.0,1155775000,0.0,303772
2025-07-25T07:29:47.207991,BTC-USDT,0.0,1155775000,0.0,321502
2025-07-25T07:29:47.648934,BTC-USDT,0.0,1155775000,0.0,303772
2025-07-25T07:29:48.329752,BTC-USDT,0.0,1155947000,0.0,212278
2025-07-25T07:29:48.489907,BTC-USDT,0.0,1155918000,0.0,2208
2025-07-25T07:29:49.934122,BTC-USDT,1155774000,1155784000,18975,0
2025-07-25T07:29:49.937484,BTC-USDT,1155774000,1155927000,86097,20000
2025-07-25T07:29:49.938159,BTC-USDT,1155507000,1155775000,23500,153772
2025-07-25T07:29:49.938999,BTC-USDT,1155774000,1155775000,19899,100889
2025-07-25T07:29:49.940009,BTC-USDT,1155774000,1155775000,20247,107963
2025-07-25T07:29:49.940597,BTC-USDT,0.0,1155959000,0.0,2172
2025-07-25T07:29:49.941536,BTC-USDT,1155739000,0.0,24711,0.0
2025-07-25T07:29:49.942052,BTC-USDT,1155659000,0.0,106,0.0
2025-07-25T07:29:49.992972,BTC-USDT,1155496000,1155891000,327,17730
2025-07-25T07:29:50.032115,BTC-USDT,0.0,1155938000,0.0,1
2025-07-25T07:29:50.072396,BTC-USDT,1155774000,0.0,2517,0.0
2025-07-25T07:29:50.112423,BTC-USDT,0.0,1156020000,0.0,370
2025-07-25T07:29:50.412568,BTC-USDT,0.0,1156039000,0.0,62104
2025-07-25T07:29:50.532932,BTC-USDT,1155774000,0.0,2169,0.0
2025-07-25T07:29:50.733184,BTC-USDT,1155774000,0.0,1245,0.0
2025-07-25T07:29:51.113745,BTC-USDT,1155672000,0.0,925,0.0
2025-07-25T07:29:51.840307,BTC-USDT,1155753000,0.0,90384,0.0
2025-07-25T07:29:51.845928,BTC-USDT,1155659000,0.0,0,0.0
2025-07-25T07:29:51.847572,BTC-USDT,1155507000,0.0,16000,0.0
2025-07-25T07:29:52.696340,BTC-USDT,1155507000,0.0,23500,0.0
2025-07-25T07:29:52.715963,BTC-USDT,1155659000,0.0,106,0.0
2025-07-25T07:29:53.305249,BTC-USDT,0.0,1155959000,0.0,0
2025-07-25T07:29:53.312021,BTC-USDT,0.0,1155775000,0.0,76713
2025-07-25T07:29:53.312264,BTC-USDT,0.0,1155775000,0.0,107958
2025-07-25T07:29:53.312998,BTC-USDT,1155507000,0.0,16000,0.0
2025-07-25T07:29:53.457023,BTC-USDT,1155658000,1155775000,0,125688
2025-07-25T07:29:53.476926,BTC-USDT,1155659000,0.0,0,0.0
2025-07-25T07:29:53.517105,BTC-USDT,0.0,1155775000,0.0,126035
2025-07-25T07:29:53.558367,BTC-USDT,1155658000,0.0,17730,0.0
2025-07-25T07:29:53.697505,BTC-USDT,1155460000,0.0,0,0.0
2025-07-25T07:29:53.759586,BTC-USDT,0.0,1155775000,0.0,108305
2025-07-25T07:29:54.158230,BTC-USDT,0.0,1155931000,0.0,0
2025-07-25T07:29:54.607609,BTC-USDT,0.0,1155954000,0.0,2187
2025-07-25T07:29:54.659035,BTC-USDT,0.0,1155775000,0.0,108305
2025-07-25T07:29:54.682001,BTC-USDT,1155659000,0.0,106,0.0
2025-07-25T07:29:55.500338,BTC-USDT,1155658000,1155775000,0,125522
2025-07-25T07:29:55.640526,BTC-USDT,1155658000,0.0,17217,0.0
2025-07-25T07:29:55.662279,BTC-USDT,0.0,1155775000,0.0,108305
2025-07-25T07:29:55.880991,BTC-USDT,1155659000,0.0,0,0.0
2025-07-25T07:29:55.901433,BTC-USDT,1155659000,0.0,90,0.0
2025-07-25T07:29:56.161325,BTC-USDT,1155658000,1155775000,0,125522
2025-07-25T07:29:56.562030,BTC-USDT,1155658000,0.0,17217,0.0
2025-07-25T07:29:57.287478,BTC-USDT,1155658000,0.0,0,0.0
2025-07-25T07:29:57.291869,BTC-USDT,1155658000,1155775000,17217,108305
2025-07-25T07:29:57.292750,BTC-USDT,1155752000,0.0,0,0.0
2025-07-25T07:29:57.293902,BTC-USDT,1155659000,0.0,90,0.0
2025-07-25T07:29:57.295875,BTC-USDT,1155542000,0.0,20000,0.0
2025-07-25T07:29:57.384025,BTC-USDT,0.0,1155775000,0.0,125522
2025-07-25T07:29:57.403430,BTC-USDT,1155658000,0.0,0,0.0
2025-07-25T07:29:57.643853,BTC-USDT,1155739000,0.0,0,0.0
2025-07-25T07:29:57.664246,BTC-USDT,1155628000,0.0,23967,0.0
2025-07-25T07:29:57.703953,BTC-USDT,0.0,1155954000,0.0,0
2025-07-25T07:29:57.765557,BTC-USDT,0.0,1156020000,0.0,0
2025-07-25T07:29:57.804227,BTC-USDT,0.0,1155810000,0.0,20000
2025-07-25T07:29:57.825121,BTC-USDT,0.0,1155981000,0.0,2207
2025-07-25T07:29:57.944519,BTC-USDT,1155659000,0.0,20090,0.0
2025-07-25T07:29:58.004553,BTC-USDT,0.0,1155875000,0.0,367
2025-07-25T07:29:58.126151,BTC-USDT,1155753000,0.0,0,0.0
2025-07-25T07:29:58.146758,BTC-USDT,1155708000,0.0,0,0.0
2025-07-25T07:29:58.164709,BTC-USDT,1155512000,0.0,44654,0.0
2025-07-25T07:29:58.185346,BTC-USDT,1155688000,0.0,0,0.0
2025-07-25T07:29:58.205281,BTC-USDT,1155659000,0.0,90,0.0
2025-07-25T07:29:58.245942,BTC-USDT,1155558000,1155775000,20000,290790
2025-07-25T07:29:58.265376,BTC-USDT,1155649000,1155833000,142636,25440
2025-07-25T07:29:58.285184,BTC-USDT,1155774000,1155775000,441,1183428
2025-07-25T07:29:58.305921,BTC-USDT,1155373000,1155775000,23967,1521873
2025-07-25T07:29:58.325413,BTC-USDT,1155774000,1155775000,320,1617062
2025-07-25T07:29:58.345830,BTC-USDT,1155774000,1155775000,0,1744990
2025-07-25T07:29:58.365304,BTC-USDT,1155736000,1155737000,0,24291
2025-07-25T07:29:58.385305,BTC-USDT,1155655000,1155656000,0,504798
2025-07-25T07:29:58.406090,BTC-USDT,1155615000,1155616000,0,17217
2025-07-25T07:29:58.426578,BTC-USDT,1155582000,1155583000,0,38275
2025-07-25T07:29:58.445446,BTC-USDT,1155574000,1155575000,0,185817
2025-07-25T07:29:58.466015,BTC-USDT,1155540000,1155541000,0,75614
2025-07-25T07:29:58.485562,BTC-USDT,1155534000,1155535000,0,119344
2025-07-25T07:29:58.506409,BTC-USDT,0.0,1155521000,0.0,67122
2025-07-25T07:29:58.527403,BTC-USDT,1155500000,1155521000,734,74196
2025-07-25T07:29:58.545470,BTC-USDT,1155427000,1155521000,925,163443
2025-07-25T07:29:58.565908,BTC-USDT,1155520000,1155521000,0,299106
2025-07-25T07:29:58.585900,BTC-USDT,1155494000,1155495000,0,91413
2025-07-25T07:29:58.606330,BTC-USDT,0.0,1155473000,0.0,91413
2025-07-25T07:29:58.650362,BTC-USDT,1155472000,1155495000,0,0
2025-07-25T07:29:58.669612,BTC-USDT,1155290000,1155465000,21,91413
2025-07-25T07:29:58.706206,BTC-USDT,1155463000,1155465000,0,158890
2025-07-25T07:29:58.745923,BTC-USDT,1155464000,1155465000,0,259766
2025-07-25T07:29:58.786969,BTC-USDT,1155453000,1155454000,0,158535
2025-07-25T07:29:58.826753,BTC-USDT,0.0,1155437000,0.0,158535
2025-07-25T07:29:58.886146,BTC-USDT,1155413000,1155454000,0,0
2025-07-25T07:29:58.926683,BTC-USDT,0.0,1155453000,0.0,0
2025-07-25T07:29:58.993320,BTC-USDT,0.0,1155520000,0.0,0
2025-07-25T07:29:58.994297,BTC-USDT,0.0,1155437000,0.0,954488
2025-07-25T07:29:59.031331,BTC-USDT,0.0,1155582000,0.0,0
2025-07-25T07:29:59.086395,BTC-USDT,0.0,1155437000,0.0,954843
2025-07-25T07:29:59.588537,BTC-USDT,1155436000,1155437000,0,1055719
2025-07-25T07:29:59.607365,BTC-USDT,1155407000,1155408000,0,151461
2025-07-25T07:29:59.627509,BTC-USDT,1155292000,1155405000,0,176930
2025-07-25T07:29:59.668413,BTC-USDT,1155396000,1155405000,0,890189
2025-07-25T07:29:59.727456,BTC-USDT,0.0,1155405000,0.0,899842
2025-07-25T07:29:59.767549,BTC-USDT,0.0,1155405000,0.0,925804
2025-07-25T07:29:59.827732,BTC-USDT,1155236000,1155405000,20000,938580
2025-07-25T07:29:59.988258,BTC-USDT,1155385000,0.0,0,0.0
2025-07-25T07:30:00.008289,BTC-USDT,1155404000,1155405000,0,1039456
2025-07-25T07:30:00.028214,BTC-USDT,1155252000,1155377000,0,158535
2025-07-25T07:30:00.048003,BTC-USDT,1155376000,1155377000,0,259411
2025-07-25T07:30:00.068497,BTC-USDT,1155372000,1155373000,0,17217
2025-07-25T07:30:00.090342,BTC-USDT,0.0,1155360000,0.0,134244
2025-07-25T07:30:00.108583,BTC-USDT,1155359000,1155360000,0,141318
2025-07-25T07:30:00.128289,BTC-USDT,1155236000,1155340000,0,134244
2025-07-25T07:30:00.168310,BTC-USDT,1155331000,1155340000,0,141318
2025-07-25T07:30:00.334449,BTC-USDT,1155339000,1155405000,1589,1286
2025-07-25T07:30:00.418350,BTC-USDT,0.0,1155340000,0.0,141673
2025-07-25T07:30:00.429072,BTC-USDT,1155339000,0.0,925,0.0
2025-07-25T07:30:00.439040,BTC-USDT,1155339000,1155523000,0,2189
2025-07-25T07:30:00.447698,BTC-USDT,1155332000,1155340000,0,134599
2025-07-25T07:30:00.459653,BTC-USDT,0.0,1155354000,0.0,7074
2025-07-25T07:30:00.494577,BTC-USDT,0.0,1155648000,0.0,0
2025-07-25T07:30:01.034170,BTC-USDT,1155319000,1155354000,0,0
2025-07-25T07:30:01.043052,BTC-USDT,1155339000,1155348000,925,7074
2025-07-25T07:30:01.044084,BTC-USDT,0.0,1155340000,0.0,355
2025-07-25T07:30:01.045950,BTC-USDT,0.0,1155405000,0.0,0
2025-07-25T07:30:01.047497,BTC-USDT,0.0,1155506000,0.0,0
2025-07-25T07:30:01.049097,BTC-USDT,1155339000,1155340000,18142,16457
2025-07-25T07:30:01.050371,BTC-USDT,0.0,1155340000,0.0,16102
2025-07-25T07:30:01.051590,BTC-USDT,1155339000,0.0,925,0.0
2025-07-25T07:30:01.070176,BTC-USDT,1155339000,1155348000,0,0
2025-07-25T07:30:01.110037,BTC-USDT,1155339000,1155340000,924,23176
2025-07-25T07:30:01.150361,BTC-USDT,1155339000,1155340000,0,23176
2025-07-25T07:30:01.192106,BTC-USDT,1155327000,1155328000,621,134244
2025-07-25T07:30:01.231222,BTC-USDT,1155327000,1155328000,0,158535
2025-07-25T07:30:01.290766,BTC-USDT,1155293000,1155306000,143376,158535
2025-07-25T07:30:01.330464,BTC-USDT,0.0,1155328000,0.0,355
2025-07-25T07:30:01.370716,BTC-USDT,0.0,1155328000,0.0,0
2025-07-25T07:30:01.510844,BTC-USDT,1155044000,0.0,3378,0.0
2025-07-25T07:30:01.571584,BTC-USDT,0.0,1155306000,0.0,158890
2025-07-25T07:30:01.891741,BTC-USDT,1155049000,0.0,1,0.0
2025-07-25T07:30:02.463938,BTC-USDT,0.0,1155306000,0.0,141673
2025-07-25T07:30:02.473479,BTC-USDT,0.0,1155306000,0.0,158890
2025-07-25T07:30:02.480955,BTC-USDT,1155044000,0.0,0,0.0
2025-07-25T07:30:02.646069,BTC-USDT,1155033000,0.0,7500,0.0
2025-07-25T07:30:03.252707,BTC-USDT,0.0,1155306000,0.0,141673
2025-07-25T07:30:03.261522,BTC-USDT,0.0,1155306000,0.0,7429
2025-07-25T07:30:03.263677,BTC-USDT,1155305000,0.0,1493,0.0
2025-07-25T07:30:03.264528,BTC-USDT,0.0,1155306000,0.0,24646
2025-07-25T07:30:03.266346,BTC-USDT,1155033000,0.0,0,0.0
2025-07-25T07:30:03.266967,BTC-USDT,0.0,1155306000,0.0,7074
2025-07-25T07:30:03.268888,BTC-USDT,1155305000,1155306000,18710,0
2025-07-25T07:30:03.268928,BTC-USDT,1155307000,1155341000,17217,949
2025-07-25T07:30:03.269639,BTC-USDT,1155307000,1155340000,0,107950
2025-07-25T07:30:03.271032,BTC-USDT,1154994000,1155325000,17217,134244
2025-07-25T07:30:03.274368,BTC-USDT,1155118000,1155339000,0,100876
2025-07-25T07:30:03.314282,BTC-USDT,1154970000,1155306000,20000,7074
2025-07-25T07:30:03.354814,BTC-USDT,1155281000,1155320000,924,11551
2025-07-25T07:30:03.397868,BTC-USDT,0.0,1155320000,0.0,0
2025-07-25T07:30:03.454661,BTC-USDT,0.0,1155306000,0.0,7429
2025-07-25T07:30:03.675087,BTC-USDT,1155281000,0.0,0,0.0
2025-07-25T07:30:03.736184,BTC-USDT,1155305000,0.0,1493,0.0
2025-07-25T07:30:03.775956,BTC-USDT,1155305000,0.0,924,0.0
2025-07-25T07:30:03.835412,BTC-USDT,1155305000,1155306000,0,10520
2025-07-25T07:30:03.875540,BTC-USDT,0.0,1155305000,0.0,7074
2025-07-25T07:30:03.915815,BTC-USDT,0.0,1155306000,0.0,355
2025-07-25T07:30:03.955545,BTC-USDT,1155194000,1155300000,20000,2640
2025-07-25T07:30:03.975642,BTC-USDT,1155299000,0.0,924,0.0
2025-07-25T07:30:04.015672,BTC-USDT,1155255000,0.0,152034,0.0
2025-07-25T07:30:04.055826,BTC-USDT,0.0,1155300000,0.0,19857
2025-07-25T07:30:04.075870,BTC-USDT,1155299000,1155294000,0,7074
2025-07-25T07:30:04.097348,BTC-USDT,1155288000,1155294000,0,186445
2025-07-25T07:30:04.115985,BTC-USDT,1155066000,0.0,924,0.0
2025-07-25T07:30:04.157177,BTC-USDT,1155194000,1155294000,0,169583
2025-07-25T07:30:04.176838,BTC-USDT,0.0,1155538000,0.0,20000
2025-07-25T07:30:04.216063,BTC-USDT,1155177000,1155294000,0,336800
2025-07-25T07:30:04.257545,BTC-USDT,1155177000,1155294000,17217,420459
2025-07-25T07:30:04.357890,BTC-USDT,1155293000,1155294000,19109,286215
2025-07-25T07:30:04.396455,BTC-USDT,0.0,1155533000,0.0,1
2025-07-25T07:30:04.476481,BTC-USDT,0.0,1155481000,0.0,367
2025-07-25T07:30:04.576878,BTC-USDT,1155293000,0.0,1892,0.0
2025-07-25T07:30:04.637175,BTC-USDT,0.0,1155500000,0.0,62337
2025-07-25T07:30:04.677082,BTC-USDT,1155293000,1155300000,19072,0
2025-07-25T07:30:05.117448,BTC-USDT,0.0,1155324000,0.0,0
2025-07-25T07:30:05.178163,BTC-USDT,1155105000,1155506000,20000,16000
2025-07-25T07:30:05.378222,BTC-USDT,0.0,1155493000,0.0,1
2025-07-25T07:30:05.558144,BTC-USDT,1155293000,1155416000,1892,20000
2025-07-25T07:30:05.678385,BTC-USDT,1155293000,0.0,19072,0.0
2025-07-25T07:30:06.099116,BTC-USDT,1155293000,0.0,18148,0.0
2025-07-25T07:30:06.361344,BTC-USDT,0.0,1155521000,0.0,0
2025-07-25T07:30:06.381682,BTC-USDT,1155293000,1155294000,19073,0
2025-07-25T07:30:06.422214,BTC-USDT,1155340000,1155341000,150542,0
2025-07-25T07:30:06.482127,BTC-USDT,1155368000,1155369000,84302,626
2025-07-25T07:30:06.501605,BTC-USDT,1155340000,1155369000,0,0
2025-07-25T07:30:06.522347,BTC-USDT,1155369000,1155416000,925,0
2025-07-25T07:30:06.967003,BTC-USDT,1155406000,1155409000,84302,0
2025-07-25T07:30:06.972666,BTC-USDT,1155406000,1155506000,85227,0
2025-07-25T07:30:06.972717,BTC-USDT,0.0,1155419000,0.0,0
2025-07-25T07:30:06.973467,BTC-USDT,1155406000,1155407000,18105,14008
2025-07-25T07:30:06.974134,BTC-USDT,1155071000,0.0,327,0.0
2025-07-25T07:30:06.974835,BTC-USDT,1155061000,0.0,17180,0.0
2025-07-25T07:30:06.975320,BTC-USDT,0.0,1155523000,0.0,19369
2025-07-25T07:30:06.976004,BTC-USDT,0.0,1155657000,0.0,367
2025-07-25T07:30:06.976818,BTC-USDT,1155406000,0.0,925,0.0
2025-07-25T07:30:06.977235,BTC-USDT,1155406000,1155406000,0,7074
2025-07-25T07:30:06.977273,BTC-USDT,1155342000,0.0,17180,0.0
2025-07-25T07:30:06.977900,BTC-USDT,1155295000,0.0,0,0.0
2025-07-25T07:30:07.002913,BTC-USDT,1155342000,0.0,18105,0.0
2025-07-25T07:30:07.042897,BTC-USDT,1155374000,0.0,17180,0.0
2025-07-25T07:30:07.085303,BTC-USDT,0.0,1155406000,0.0,7074
2025-07-25T07:30:07.142980,BTC-USDT,0.0,1155375000,0.0,7074
2025-07-25T07:30:07.183688,BTC-USDT,1155285000,1155375000,20000,0
2025-07-25T07:30:07.223106,BTC-USDT,1155375000,1155406000,925,0
2025-07-25T07:30:07.263540,BTC-USDT,1155406000,1155407000,17180,6934
2025-07-25T07:30:07.303189,BTC-USDT,1155275000,1155407000,16000,14008
2025-07-25T07:30:07.563587,BTC-USDT,1155406000,0.0,18105,0.0
2025-07-25T07:30:07.703906,BTC-USDT,0.0,1155427000,0.0,0
2025-07-25T07:30:07.743948,BTC-USDT,0.0,1155767000,0.0,17180
2025-07-25T07:30:07.764862,BTC-USDT,0.0,1155583000,0.0,0
2025-07-25T07:30:07.824501,BTC-USDT,0.0,1155457000,0.0,0
2025-07-25T07:30:07.844179,BTC-USDT,1155285000,1155460000,0,0
2025-07-25T07:30:07.884618,BTC-USDT,1155406000,1155523000,19018,0
2025-07-25T07:30:07.904288,BTC-USDT,1155406000,1155407000,152915,0
2025-07-25T07:30:07.946027,BTC-USDT,1155451000,1155480000,151467,0
2025-07-25T07:30:07.994118,BTC-USDT,1155406000,1155525000,1830,0
2025-07-25T07:30:08.006489,BTC-USDT,1155451000,1155510000,152460,0
2025-07-25T07:30:08.012150,BTC-USDT,1155451000,1155452000,152460,1
2025-07-25T07:30:08.014751,BTC-USDT,0.0,1155810000,0.0,2187
2025-07-25T07:30:08.025313,BTC-USDT,1155451000,0.0,152787,0.0
2025-07-25T07:30:08.066366,BTC-USDT,1155451000,1155533000,152914,0
2025-07-25T07:30:08.085566,BTC-USDT,0.0,1155538000,0.0,0
2025-07-25T07:30:08.126753,BTC-USDT,0.0,1155634000,0.0,995
2025-07-25T07:30:08.165127,BTC-USDT,1155071000,1155657000,0,0
2025-07-25T07:30:08.185374,BTC-USDT,0.0,1155607000,0.0,0
2025-07-25T07:30:08.225429,BTC-USDT,0.0,1155609000,0.0,0
2025-07-25T07:30:08.266973,BTC-USDT,1155451000,1155632000,153297,0
2025-07-25T07:30:08.306088,BTC-USDT,0.0,1155634000,0.0,0
2025-07-25T07:30:08.750474,BTC-USDT,0.0,1155766000,0.0,0
2025-07-25T07:30:08.755001,BTC-USDT,0.0,1155649000,0.0,0
2025-07-25T07:30:08.756514,BTC-USDT,1155451000,1155693000,170931,2187
2025-07-25T07:30:08.757223,BTC-USDT,1155451000,0.0,185931,0.0
2025-07-25T07:30:09.107222,BTC-USDT,0.0,1155684000,0.0,0
2025-07-25T07:30:09.126957,BTC-USDT,0.0,1155844000,0.0,6914
2025-07-25T07:30:09.187868,BTC-USDT,1155408000,1155641000,20000,0
2025-07-25T07:30:09.227484,BTC-USDT,1155275000,1155646000,16000,0
2025-07-25T07:30:09.267646,BTC-USDT,1155365000,1155648000,7500,0
2025-07-25T07:30:09.287280,BTC-USDT,1155369000,1155690000,7500,0
2025-07-25T07:30:09.307304,BTC-USDT,0.0,1155638000,0.0,0
2025-07-25T07:30:09.347402,BTC-USDT,1155451000,1155709000,200931,7074
2025-07-25T07:30:09.387421,BTC-USDT,0.0,1155706000,0.0,0
2025-07-25T07:30:09.428907,BTC-USDT,0.0,1155762000,0.0,0
2025-07-25T07:30:09.467812,BTC-USDT,1155451000,1155776000,275931,1
2025-07-25T07:30:09.507903,BTC-USDT,1155451000,1155452000,290931,0
2025-07-25T07:30:09.532456,BTC-USDT,1155572000,1155573000,154287,0
2025-07-25T07:30:09.548801,BTC-USDT,1155708000,1155909000,67122,130164
2025-07-25T07:30:09.568609,BTC-USDT,1155734000,1155709000,925,0
2025-07-25T07:30:09.588515,BTC-USDT,1155774000,1155776000,18105,0
2025-07-25T07:30:09.608081,BTC-USDT,1155774000,0.0,17180,0.0
2025-07-25T07:30:09.648489,BTC-USDT,1155758000,1156148000,925,17180
2025-07-25T07:30:09.688367,BTC-USDT,1155572000,1155775000,87122,14007
2025-07-25T07:30:09.728299,BTC-USDT,1155774000,0.0,18105,0.0
2025-07-25T07:30:09.768517,BTC-USDT,1155774000,0.0,84345,0.0
2025-07-25T07:30:09.808573,BTC-USDT,1155708000,1156093000,1182,49636
2025-07-25T07:30:09.868630,BTC-USDT,1155774000,0.0,151850,0.0
2025-07-25T07:30:09.928772,BTC-USDT,1155736000,0.0,20000,0.0
2025-07-25T07:30:09.969144,BTC-USDT,1155572000,1155888000,0,20000
2025-07-25T07:30:10.493576,BTC-USDT,1155774000,0.0,85610,0.0
2025-07-25T07:30:10.497213,BTC-USDT,0.0,1155908000,0.0,0
2025-07-25T07:30:10.498916,BTC-USDT,1155738000,0.0,8000,0.0
2025-07-25T07:30:10.529596,BTC-USDT,1155774000,1155833000,85695,0
2025-07-25T07:30:10.569556,BTC-USDT,1155774000,0.0,86349,0.0
2025-07-25T07:30:10.609620,BTC-USDT,0.0,1155888000,0.0,0
2025-07-25T07:30:10.709823,BTC-USDT,0.0,1155932000,0.0,890
2025-07-25T07:30:10.749814,BTC-USDT,0.0,1155885000,0.0,895
2025-07-25T07:30:10.930389,BTC-USDT,1155774000,0.0,86612,0.0
2025-07-25T07:30:11.130726,BTC-USDT,0.0,1155855000,0.0,0
2025-07-25T07:30:11.150699,BTC-USDT,1155774000,1155874000,86770,0
2025-07-25T07:30:11.170585,BTC-USDT,1155774000,1155775000,86925,6933
2025-07-25T07:30:11.210605,BTC-USDT,1155774000,1155775000,87071,0
2025-07-25T07:30:11.231566,BTC-USDT,1155815000,1155816000,151466,0
2025-07-25T07:30:11.250772,BTC-USDT,1155895000,1156118000,150542,2205
2025-07-25T07:30:11.270690,BTC-USDT,1155444000,0.0,24163,0.0
2025-07-25T07:30:11.310898,BTC-USDT,1155815000,0.0,0,0.0
2025-07-25T07:30:11.350702,BTC-USDT,1155895000,0.0,151466,0.0
2025-07-25T07:30:11.391036,BTC-USDT,1155895000,1155896000,924,14010
2025-07-25T07:30:11.451003,BTC-USDT,1155895000,1155896000,0,482948
2025-07-25T07:30:11.491729,BTC-USDT,0.0,1155895000,0.0,7074
2025-07-25T07:30:11.511077,BTC-USDT,1155792000,1155895000,17180,84274
2025-07-25T07:30:11.531461,BTC-USDT,1155793000,1155894000,924,156683
2025-07-25T07:30:11.551400,BTC-USDT,1155794000,1155851000,17180,134244
2025-07-25T07:30:11.591863,BTC-USDT,1155793000,1155893000,0,49191
2025-07-25T07:30:11.632223,BTC-USDT,1155795000,1155851000,924,7074
2025-07-25T07:30:11.671469,BTC-USDT,1155835000,1155851000,67122,0
2025-07-25T07:30:11.691932,BTC-USDT,0.0,1155896000,0.0,21936
2025-07-25T07:30:11.731602,BTC-USDT,1155836000,1155894000,924,7074
2025-07-25T07:30:11.771707,BTC-USDT,1155836000,1155893000,0,385859
2025-07-25T07:30:11.831848,BTC-USDT,1155825000,1155890000,0,17180
2025-07-25T07:30:11.852292,BTC-USDT,1155407000,1155889000,24819,7074
2025-07-25T07:30:11.872703,BTC-USDT,1155795000,1155889000,67122,125085
2025-07-25T07:30:11.992136,BTC-USDT,1155789000,1155836000,0,355
2025-07-25T07:30:12.012303,BTC-USDT,0.0,1155878000,0.0,67122
2025-07-25T07:30:12.032923,BTC-USDT,1155796000,1155878000,924,0
2025-07-25T07:30:12.072207,BTC-USDT,1155795000,1155835000,0,7074
2025-07-25T07:30:12.092228,BTC-USDT,0.0,1156038000,0.0,0
2025-07-25T07:30:12.513774,BTC-USDT,1155796000,1155836000,0,0
2025-07-25T07:30:12.519728,BTC-USDT,1155789000,1155835000,0,0
2025-07-25T07:30:12.521661,BTC-USDT,1155764000,1155789000,924,7074
2025-07-25T07:30:12.522862,BTC-USDT,1155789000,1155789000,924,0
2025-07-25T07:30:12.523846,BTC-USDT,1155793000,1155843000,88388,134244
2025-07-25T07:30:12.524652,BTC-USDT,1155789000,1155794000,0,134244
2025-07-25T07:30:12.525384,BTC-USDT,1155793000,1155794000,0,141318
2025-07-25T07:30:12.526065,BTC-USDT,1155438000,1155789000,0,207546
2025-07-25T07:30:12.527272,BTC-USDT,0.0,1155789000,0.0,207901
2025-07-25T07:30:12.527601,BTC-USDT,1155783000,1155789000,0,242549
2025-07-25T07:30:12.528453,BTC-USDT,1155788000,1155789000,0,258651
2025-07-25T07:30:12.530094,BTC-USDT,1155780000,1155781000,0,158498
2025-07-25T07:30:12.530131,BTC-USDT,1155745000,1155746000,0,175966
2025-07-25T07:30:12.533799,BTC-USDT,0.0,1155780000,0.0,0
2025-07-25T07:30:12.573696,BTC-USDT,1155738000,1155739000,0,134244
2025-07-25T07:30:12.593988,BTC-USDT,1155732000,1155737000,0,141318
2025-07-25T07:30:12.614168,BTC-USDT,0.0,1155739000,0.0,0
2025-07-25T07:30:12.653205,BTC-USDT,1155736000,1155855000,0,17180
2025-07-25T07:30:12.693618,BTC-USDT,1155598000,1155737000,20000,134244
2025-07-25T07:30:12.753926,BTC-USDT,1155723000,1155737000,17180,67122
2025-07-25T07:30:12.793874,BTC-USDT,1155736000,1155737000,67122,0
2025-07-25T07:30:12.833639,BTC-USDT,1155737000,1155758000,924,100876
2025-07-25T07:30:12.873911,BTC-USDT,1155737000,1155737000,0,7074
2025-07-25T07:30:12.913984,BTC-USDT,1155719000,1155737000,1912,0
2025-07-25T07:30:12.953959,BTC-USDT,1155724000,1155756000,924,100876
2025-07-25T07:30:13.014183,BTC-USDT,1155724000,1155755000,0,7074
2025-07-25T07:30:13.054063,BTC-USDT,1155723000,1155755000,924,73302
2025-07-25T07:30:13.074005,BTC-USDT,0.0,1155754000,0.0,7074
2025-07-25T07:30:13.114165,BTC-USDT,0.0,1155754000,0.0,41722
2025-07-25T07:30:13.154224,BTC-USDT,1155725000,1155753000,17180,66228
2025-07-25T07:30:13.194455,BTC-USDT,1155727000,1155754000,67122,7074
2025-07-25T07:30:13.236215,BTC-USDT,1155752000,0.0,133362,0.0
2025-07-25T07:30:13.254403,BTC-USDT,1155727000,0.0,924,0.0
2025-07-25T07:30:13.303714,BTC-USDT,1155752000,1156129000,151466,6957
2025-07-25T07:30:13.335147,BTC-USDT,0.0,1155753000,0.0,107950
2025-07-25T07:30:13.354824,BTC-USDT,1155752000,0.0,85226,0.0
2025-07-25T07:30:13.414578,BTC-USDT,0.0,1155811000,0.0,0
2025-07-25T07:30:13.534975,BTC-USDT,1155752000,0.0,68046,0.0
2025-07-25T07:30:13.595019,BTC-USDT,0.0,1155869000,0.0,17180
2025-07-25T07:30:13.655554,BTC-USDT,1155752000,0.0,85226,0.0
2025-07-25T07:30:13.696128,BTC-USDT,0.0,1155869000,0.0,0
2025-07-25T07:30:14.266492,BTC-USDT,0.0,1155869000,0.0,17180
2025-07-25T07:30:14.357710,BTC-USDT,1155752000,0.0,18104,0.0
2025-07-25T07:30:14.376442,BTC-USDT,1155494000,1155869000,1,0
2025-07-25T07:30:14.436356,BTC-USDT,1155752000,1155753000,151467,7074
2025-07-25T07:30:14.456425,BTC-USDT,1155752000,1155812000,150543,0
2025-07-25T07:30:14.517449,BTC-USDT,1155773000,1155753000,924,0
2025-07-25T07:30:14.536638,BTC-USDT,1155773000,0.0,67165,0.0
2025-07-25T07:30:14.576733,BTC-USDT,1155773000,1155950000,151467,103329
2025-07-25T07:30:14.676875,BTC-USDT,1155752000,1156150000,89,61418
2025-07-25T07:30:14.737104,BTC-USDT,0.0,1156110000,0.0,367
2025-07-25T07:30:14.797598,BTC-USDT,1155424000,0.0,327,0.0
2025-07-25T07:30:14.919973,BTC-USDT,1155773000,0.0,151850,0.0
2025-07-25T07:30:15.597951,BTC-USDT,1155574000,0.0,1,0.0
2025-07-25T07:30:15.598842,BTC-USDT,1155691000,0.0,4962,0.0
2025-07-25T07:30:15.600198,BTC-USDT,1155773000,0.0,85609,0.0
2025-07-25T07:30:15.600876,BTC-USDT,1155773000,0.0,18487,0.0
2025-07-25T07:30:15.601414,BTC-USDT,1155773000,1155774000,1307,14010
2025-07-25T07:30:15.602260,BTC-USDT,0.0,1155890000,0.0,77200
2025-07-25T07:30:15.602845,BTC-USDT,0.0,1155890000,0.0,94483
2025-07-25T07:30:15.618675,BTC-USDT,1155773000,0.0,924,0.0
2025-07-25T07:30:15.639352,BTC-USDT,1155773000,0.0,0,0.0
2025-07-25T07:30:16.039979,BTC-USDT,1155753000,1155773000,924,7074
2025-07-25T07:30:16.045238,BTC-USDT,1155747000,1155754000,39940,134244
2025-07-25T07:30:16.046524,BTC-USDT,1155747000,0.0,0,0.0
2025-07-25T07:30:16.048120,BTC-USDT,1155752000,1155754000,0,211444
2025-07-25T07:30:16.049834,BTC-USDT,1155738000,0.0,0,0.0
2025-07-25T07:30:16.050872,BTC-USDT,0.0,1155754000,0.0,77200
2025-07-25T07:30:16.050917,BTC-USDT,1155424000,1155754000,0,77555
2025-07-25T07:30:16.280727,BTC-USDT,0.0,1155946000,0.0,367
2025-07-25T07:30:16.420711,BTC-USDT,1155753000,1155753000,0,7074
2025-07-25T07:30:16.460112,BTC-USDT,1155639000,1155726000,153121,7074
2025-07-25T07:30:16.500739,BTC-USDT,1155520000,1155726000,0,7074
2025-07-25T07:30:16.560274,BTC-USDT,1155725000,0.0,0,0.0
2025-07-25T07:30:16.600950,BTC-USDT,0.0,1155723000,0.0,141318
2025-07-25T07:30:16.642245,BTC-USDT,1155720000,1155723000,0,134244
2025-07-25T07:30:16.681201,BTC-USDT,1155672000,1155723000,924,141318
2025-07-25T07:30:16.741134,BTC-USDT,0.0,1155723000,0.0,141673
2025-07-25T07:30:16.780654,BTC-USDT,0.0,1155976000,0.0,2158
2025-07-25T07:30:16.860974,BTC-USDT,1155722000,0.0,983,0.0
2025-07-25T07:30:16.901741,BTC-USDT,1155722000,0.0,1966,0.0
2025-07-25T07:30:16.997147,BTC-USDT,0.0,1155723000,0.0,7429
2025-07-25T07:30:17.021295,BTC-USDT,1155722000,0.0,2890,0.0
2025-07-25T07:30:17.061316,BTC-USDT,1155672000,0.0,0,0.0
2025-07-25T07:30:17.141848,BTC-USDT,1155722000,0.0,1926,0.0
2025-07-25T07:30:17.181467,BTC-USDT,0.0,1155723000,0.0,141673
2025-07-25T07:30:17.879767,BTC-USDT,0.0,1155816000,0.0,1
2025-07-25T07:30:17.885756,BTC-USDT,0.0,1155723000,0.0,132501
2025-07-25T07:30:17.885830,BTC-USDT,1155722000,1155723000,1002,140499
2025-07-25T07:30:17.887262,BTC-USDT,0.0,1155737000,0.0,8000
2025-07-25T07:30:17.888468,BTC-USDT,0.0,1155723000,0.0,140854
2025-07-25T07:30:17.888507,BTC-USDT,0.0,1155723000,0.0,158137
2025-07-25T07:30:17.923093,BTC-USDT,1155722000,0.0,983,0.0
2025-07-25T07:30:17.962578,BTC-USDT,0.0,1155723000,0.0,140854
2025-07-25T07:30:18.002729,BTC-USDT,0.0,1155723000,0.0,156956
2025-07-25T07:30:18.043111,BTC-USDT,1155573000,0.0,15000,0.0
2025-07-25T07:30:18.203358,BTC-USDT,0.0,1155723000,0.0,174239
2025-07-25T07:30:18.243073,BTC-USDT,1155414000,1155856000,25530,25458
2025-07-25T07:30:18.303866,BTC-USDT,1155721000,0.0,0,0.0
2025-07-25T07:30:18.323212,BTC-USDT,1155719000,1155723000,0,356398
2025-07-25T07:30:18.343156,BTC-USDT,0.0,1155723000,0.0,401263
2025-07-25T07:30:18.383170,BTC-USDT,1155608000,1155774000,0,6936
2025-07-25T07:30:18.423411,BTC-USDT,1155615000,1155737000,1,0
2025-07-25T07:30:18.445437,BTC-USDT,1155695000,0.0,0,0.0
2025-07-25T07:30:18.483448,BTC-USDT,1155545000,1155723000,0,551263
2025-07-25T07:30:18.523626,BTC-USDT,1155456000,1155723000,12,612681
2025-07-25T07:30:18.564832,BTC-USDT,1155668000,1155723000,0,652681
2025-07-25T07:30:18.623885,BTC-USDT,1155639000,1155792000,0,367
2025-07-25T07:30:18.644741,BTC-USDT,1155596000,0.0,0,0.0
2025-07-25T07:30:18.663762,BTC-USDT,1155722000,1155723000,0,1202790
2025-07-25T07:30:18.684384,BTC-USDT,1155456000,1155616000,0,159525
2025-07-25T07:30:18.704830,BTC-USDT,1155268000,1155616000,25530,267336
2025-07-25T07:30:18.724008,BTC-USDT,1155451000,1155616000,17180,284082
2025-07-25T07:30:18.764208,BTC-USDT,1155388000,1155616000,12,416799
2025-07-25T07:30:18.924389,BTC-USDT,0.0,1155723000,0.0,140341
2025-07-25T07:30:18.964447,BTC-USDT,0.0,1155616000,0.0,417154
2025-07-25T07:30:19.064628,BTC-USDT,0.0,1155723000,0.0,116418
2025-07-25T07:30:19.144963,BTC-USDT,0.0,1155843000,0.0,0
2025-07-25T07:30:19.184864,BTC-USDT,0.0,1155646000,0.0,20000
2025-07-25T07:30:20.026182,BTC-USDT,1155562000,0.0,7998,0.0
2025-07-25T07:30:20.386477,BTC-USDT,0.0,1155735000,0.0,1
2025-07-25T07:30:20.687117,BTC-USDT,0.0,1155616000,0.0,900701
2025-07-25T07:30:20.727216,BTC-USDT,0.0,1155616000,0.0,1228093
2025-07-25T07:30:21.108242,BTC-USDT,1155562000,1155616000,0,1228094
2025-07-25T07:30:21.611890,BTC-USDT,0.0,1155695000,0.0,1
2025-07-25T07:30:22.190020,BTC-USDT,0.0,1155824000,0.0,0
2025-07-25T07:30:22.490326,BTC-USDT,0.0,1155616000,0.0,1305194
2025-07-25T07:30:22.570463,BTC-USDT,0.0,1155773000,0.0,2170
2025-07-25T07:30:23.426200,BTC-USDT,0.0,1155616000,0.0,1014523
2025-07-25T07:30:23.429177,BTC-USDT,0.0,1155616000,0.0,850290
2025-07-25T07:30:23.430004,BTC-USDT,0.0,1155616000,0.0,510357
2025-07-25T07:30:23.431135,BTC-USDT,0.0,1155616000,0.0,443235
2025-07-25T07:30:23.432124,BTC-USDT,0.0,1155616000,0.0,376113
2025-07-25T07:30:23.472345,BTC-USDT,0.0,1155620000,0.0,77100
2025-07-25T07:30:23.652374,BTC-USDT,1155567000,0.0,0,0.0
2025-07-25T07:30:23.673222,BTC-USDT,1155219000,1155616000,17283,928124
2025-07-25T07:30:23.712599,BTC-USDT,0.0,1155616000,0.0,1142266
2025-07-25T07:30:23.752279,BTC-USDT,1155542000,0.0,0,0.0
2025-07-25T07:30:23.835202,BTC-USDT,1155198000,0.0,0,0.0
2025-07-25T07:30:23.872519,BTC-USDT,1155491000,0.0,0,0.0
2025-07-25T07:30:23.912757,BTC-USDT,1155479000,1155634000,130458,23997
2025-07-25T07:30:23.953010,BTC-USDT,1155508000,1155616000,0,1170950
2025-07-25T07:30:23.972739,BTC-USDT,1155265000,0.0,154377,0.0
2025-07-25T07:30:24.153398,BTC-USDT,1155485000,0.0,0,0.0
2025-07-25T07:30:24.651226,BTC-USDT,0.0,1155773000,0.0,0
2025-07-25T07:30:24.654991,BTC-USDT,1155528000,1155616000,7999,1093850
2025-07-25T07:30:25.129636,BTC-USDT,0.0,1155616000,0.0,1068839
2025-07-25T07:30:25.336192,BTC-USDT,0.0,1155616000,0.0,1093851
2025-07-25T07:30:25.456144,BTC-USDT,0.0,1155616000,0.0,1170951
2025-07-25T07:30:27.439123,BTC-USDT,0.0,1155616000,0.0,1093851
2025-07-25T07:30:27.679755,BTC-USDT,0.0,1155616000,0.0,1075456
2025-07-25T07:30:27.699817,BTC-USDT,0.0,1155616000,0.0,1043437
2025-07-25T07:30:27.720413,BTC-USDT,0.0,1155616000,0.0,1093858
2025-07-25T07:30:28.462992,BTC-USDT,0.0,1155616000,0.0,1170958
2025-07-25T07:30:30.388574,BTC-USDT,1155265000,0.0,0,0.0
2025-07-25T07:30:30.404480,BTC-USDT,0.0,1155616000,0.0,1093858
2025-07-25T07:30:30.885766,BTC-USDT,1155398000,0.0,835,0.0
2025-07-25T07:30:31.425763,BTC-USDT,0.0,1155616000,0.0,648542
2025-07-25T07:30:31.431819,BTC-USDT,0.0,1155616000,0.0,481796
2025-07-25T07:30:31.435476,BTC-USDT,0.0,1155616000,0.0,153313
2025-07-25T07:30:31.439230,BTC-USDT,0.0,1155616000,0.0,192910
2025-07-25T07:30:31.525511,BTC-USDT,1155615000,0.0,374,0.0
2025-07-25T07:30:31.545596,BTC-USDT,0.0,1155815000,0.0,23717
2025-07-25T07:30:31.585814,BTC-USDT,1155615000,0.0,373,0.0
2025-07-25T07:30:32.063961,BTC-USDT,1155615000,0.0,0,0.0
2025-07-25T07:30:32.068826,BTC-USDT,1155583000,1155616000,103862,192909
2025-07-25T07:30:32.069057,BTC-USDT,1155615000,1155616000,7999,184911
2025-07-25T07:30:32.070870,BTC-USDT,1155615000,1155616000,0,192910
2025-07-25T07:30:32.126561,BTC-USDT,0.0,1155615000,0.0,7999
2025-07-25T07:30:32.147116,BTC-USDT,0.0,1155615000,0.0,85099
2025-07-25T07:30:32.186660,BTC-USDT,0.0,1155614000,0.0,7999
2025-07-25T07:30:32.226726,BTC-USDT,1155584000,1155614000,7999,177976
2025-07-25T07:30:32.266862,BTC-USDT,1155584000,1155613000,7999,7999
2025-07-25T07:30:32.286683,BTC-USDT,1155583000,0.0,103862,0.0
2025-07-25T07:30:32.326738,BTC-USDT,0.0,1155613000,0.0,77100
2025-07-25T07:30:32.367961,BTC-USDT,1155583000,1155612000,111861,7999
2025-07-25T07:30:32.387676,BTC-USDT,1155584000,0.0,0,0.0
2025-07-25T07:30:32.427925,BTC-USDT,0.0,1155612000,0.0,177976
2025-07-25T07:30:32.467913,BTC-USDT,0.0,1155612000,0.0,177976
2025-07-25T07:30:32.507925,BTC-USDT,0.0,1155584000,0.0,7999
2025-07-25T07:30:32.890058,BTC-USDT,0.0,1155584000,0.0,0
2025-07-25T07:30:32.893625,BTC-USDT,1155583000,1155611000,7999,34983
2025-07-25T07:30:32.894881,BTC-USDT,1155583000,1155584000,0,67122
2025-07-25T07:30:32.895627,BTC-USDT,1155578000,1155584000,8895,0
2025-07-25T07:30:32.896150,BTC-USDT,0.0,1155611000,0.0,69631
2025-07-25T07:30:32.896932,BTC-USDT,0.0,1155610000,0.0,31245
2025-07-25T07:30:32.898386,BTC-USDT,0.0,1155612000,0.0,0
2025-07-25T07:30:32.898436,BTC-USDT,0.0,1155579000,0.0,7999
2025-07-25T07:30:32.898471,BTC-USDT,0.0,1155579000,0.0,0
2025-07-25T07:30:32.899602,BTC-USDT,0.0,1155608000,0.0,74227
2025-07-25T07:30:32.908674,BTC-USDT,0.0,1155608000,0.0,100876
2025-07-25T07:30:32.988905,BTC-USDT,0.0,1155579000,0.0,7999
2025-07-25T07:30:33.028891,BTC-USDT,0.0,1155608000,0.0,0
2025-07-25T07:30:33.068896,BTC-USDT,0.0,1155579000,0.0,0
2025-07-25T07:30:33.089356,BTC-USDT,0.0,1155614000,0.0,31245
2025-07-25T07:30:33.129174,BTC-USDT,0.0,1155579000,0.0,134244
2025-07-25T07:30:33.189488,BTC-USDT,0.0,1155613000,0.0,0
2025-07-25T07:30:33.229387,BTC-USDT,0.0,1155579000,0.0,142243
2025-07-25T07:30:33.250529,BTC-USDT,0.0,1155612000,0.0,77100
2025-07-25T07:30:34.224630,BTC-USDT,0.0,1155579000,0.0,219343
2025-07-25T07:30:34.224665,BTC-USDT,0.0,1155612000,0.0,0
2025-07-25T07:30:34.224691,BTC-USDT,0.0,1155579000,0.0,219718
2025-07-25T07:30:34.224721,BTC-USDT,0.0,1155579000,0.0,338387
2025-07-25T07:30:34.224759,BTC-USDT,1155313000,1155579000,0,354489
2025-07-25T07:30:35.134143,BTC-USDT,0.0,1155620000,0.0,77100
2025-07-25T07:30:35.135905,BTC-USDT,1155578000,0.0,7999,0.0
2025-07-25T07:30:35.138475,BTC-USDT,0.0,1155579000,0.0,354489
2025-07-25T07:30:35.139754,BTC-USDT,0.0,1155579000,0.0,354489
2025-07-25T07:30:35.141342,BTC-USDT,0.0,1155579000,0.0,346490
2025-07-25T07:30:35.142830,BTC-USDT,0.0,1155580000,0.0,0
2025-07-25T07:30:35.143635,BTC-USDT,0.0,1155579000,0.0,346490
2025-07-25T07:30:35.145144,BTC-USDT,0.0,1155586000,0.0,7999
2025-07-25T07:30:35.145631,BTC-USDT,0.0,1155579000,0.0,269390
2025-07-25T07:30:35.152917,BTC-USDT,0.0,1155579000,0.0,277389
2025-07-25T07:30:35.192891,BTC-USDT,1155578000,0.0,0,0.0
2025-07-25T07:30:35.232669,BTC-USDT,1155575000,0.0,892,0.0
2025-07-25T07:30:35.272743,BTC-USDT,0.0,1155576000,0.0,134244
2025-07-25T07:30:35.293562,BTC-USDT,0.0,1155579000,0.0,99419
2025-07-25T07:30:35.757758,BTC-USDT,0.0,1155576000,0.0,322192
2025-07-25T07:30:35.761143,BTC-USDT,0.0,1155576000,0.0,330191
2025-07-25T07:30:35.793588,BTC-USDT,1155257000,0.0,7500,0.0
2025-07-25T07:30:35.913871,BTC-USDT,1155575000,1155576000,8891,253091
2025-07-25T07:30:35.956101,BTC-USDT,0.0,1155576000,0.0,118847
2025-07-25T07:30:35.994278,BTC-USDT,0.0,1155578000,0.0,0
2025-07-25T07:30:36.034402,BTC-USDT,1155575000,0.0,7999,0.0
2025-07-25T07:30:36.054450,BTC-USDT,1155575000,0.0,0,0.0
2025-07-25T07:30:36.073995,BTC-USDT,1155303000,0.0,7,0.0
2025-07-25T07:30:36.114886,BTC-USDT,1155552000,1155576000,7998,110848
2025-07-25T07:30:36.234318,BTC-USDT,0.0,1155589000,0.0,0
2025-07-25T07:30:36.274293,BTC-USDT,0.0,1155576000,0.0,118846
2025-07-25T07:30:36.334663,BTC-USDT,1155515000,1155576000,970,195946
2025-07-25T07:30:36.374722,BTC-USDT,0.0,1155575000,0.0,7998
2025-07-25T07:30:36.415212,BTC-USDT,0.0,1155574000,0.0,46700
2025-07-25T07:30:36.454923,BTC-USDT,0.0,1155553000,0.0,134244
2025-07-25T07:30:36.474866,BTC-USDT,1155551000,0.0,0,0.0
2025-07-25T07:30:36.515052,BTC-USDT,1155532000,1155553000,0,211344
2025-07-25T07:30:36.554994,BTC-USDT,0.0,1155573000,0.0,0
2025-07-25T07:30:36.715227,BTC-USDT,0.0,1155553000,0.0,211344
2025-07-25T07:30:36.755821,BTC-USDT,1155552000,1155553000,0,219342
2025-07-25T07:30:36.815299,BTC-USDT,1155535000,1155553000,7998,211344
2025-07-25T07:30:36.835712,BTC-USDT,1155535000,0.0,0,0.0
2025-07-25T07:30:36.875939,BTC-USDT,0.0,1155552000,0.0,7998
2025-07-25T07:30:36.915656,BTC-USDT,1155450000,1155553000,816,0
2025-07-25T07:30:36.956014,BTC-USDT,0.0,1155552000,0.0,0
2025-07-25T07:30:36.975803,BTC-USDT,0.0,1155572000,0.0,16102
2025-07-25T07:30:37.016894,BTC-USDT,0.0,1155571000,0.0,7998
2025-07-25T07:30:37.056852,BTC-USDT,0.0,1155571000,0.0,0
2025-07-25T07:30:37.095676,BTC-USDT,0.0,1155572000,0.0,0
2025-07-25T07:30:37.136502,BTC-USDT,0.0,1155612000,0.0,81228
2025-07-25T07:30:37.155965,BTC-USDT,0.0,1155612000,0.0,15000
2025-07-25T07:30:37.195989,BTC-USDT,0.0,1155582000,0.0,134244
2025-07-25T07:30:37.236189,BTC-USDT,0.0,1155581000,0.0,7998
2025-07-25T07:30:37.255919,BTC-USDT,0.0,1155582000,0.0,67122
2025-07-25T07:30:37.296015,BTC-USDT,0.0,1155582000,0.0,0
2025-07-25T07:30:37.336020,BTC-USDT,0.0,1155581000,0.0,0
2025-07-25T07:30:37.356940,BTC-USDT,0.0,1155610000,0.0,69631
2025-07-25T07:30:37.396546,BTC-USDT,1155516000,1155584000,7998,134244
2025-07-25T07:30:37.456210,BTC-USDT,1155516000,1155583000,0,7998
2025-07-25T07:30:37.477258,BTC-USDT,1155516000,1155581000,7998,67122
2025-07-25T07:30:37.516710,BTC-USDT,1155504000,1155580000,77000,7998
2025-07-25T07:30:37.556561,BTC-USDT,0.0,1155581000,0.0,0
2025-07-25T07:30:37.576454,BTC-USDT,0.0,1155580000,0.0,0
2025-07-25T07:30:37.616466,BTC-USDT,1155517000,1155608000,17792,34648
2025-07-25T07:30:37.657537,BTC-USDT,1155518000,1155595000,7998,134244
2025-07-25T07:30:37.697333,BTC-USDT,1155518000,1155594000,102790,7998
2025-07-25T07:30:37.716700,BTC-USDT,1155518000,1155595000,94792,67122
2025-07-25T07:30:37.757253,BTC-USDT,1155520000,1155593000,17792,100876
2025-07-25T07:30:37.776855,BTC-USDT,1155521000,1155592000,7998,335666
2025-07-25T07:30:37.796727,BTC-USDT,1155520000,1155584000,0,134244
2025-07-25T07:30:37.816933,BTC-USDT,1155521000,1155579000,0,134244
2025-07-25T07:30:37.857317,BTC-USDT,1155515000,1155578000,970,50824
2025-07-25T07:30:37.917152,BTC-USDT,1155566000,1155577000,94417,73981
2025-07-25T07:30:37.996947,BTC-USDT,1155534000,1155577000,1,65983
2025-07-25T07:30:38.017194,BTC-USDT,1155566000,1155567000,0,7998
2025-07-25T07:30:38.057232,BTC-USDT,1155520000,1155567000,108489,0
2025-07-25T07:30:38.097280,BTC-USDT,1155516000,1155575000,0,7998
2025-07-25T07:30:38.117239,BTC-USDT,1155533000,0.0,0,0.0
2025-07-25T07:30:38.157466,BTC-USDT,1155534000,0.0,7999,0.0
2025-07-25T07:30:38.217777,BTC-USDT,1155534000,1155574000,7998,18903
2025-07-25T07:30:38.257642,BTC-USDT,1155534000,1155575000,0,0
2025-07-25T07:30:38.277657,BTC-USDT,1155521000,0.0,0,0.0
2025-07-25T07:30:38.317934,BTC-USDT,1155520000,1155525000,116487,134244
2025-07-25T07:30:38.337821,BTC-USDT,1155520000,1155521000,7998,142242
2025-07-25T07:30:38.378537,BTC-USDT,1155506000,1155521000,98874,134244
2025-07-25T07:30:38.417774,BTC-USDT,1155520000,1155521000,0,0
2025-07-25T07:30:38.438165,BTC-USDT,0.0,1155523000,0.0,67122
2025-07-25T07:30:38.479202,BTC-USDT,0.0,1155513000,0.0,134244
2025-07-25T07:30:38.497930,BTC-USDT,1155511000,1155513000,0,134244
2025-07-25T07:30:38.558286,BTC-USDT,1155219000,0.0,17792,0.0
2025-07-25T07:30:38.718855,BTC-USDT,0.0,1155513000,0.0,7998
2025-07-25T07:30:38.758407,BTC-USDT,1155512000,1155513000,0,0
2025-07-25T07:30:38.798398,BTC-USDT,1155479000,1155586000,77000,134244
2025-07-25T07:30:38.838205,BTC-USDT,0.0,1155560000,0.0,134244
2025-07-25T07:30:38.898474,BTC-USDT,1155503000,1155555000,0,134244
2025-07-25T07:30:38.939061,BTC-USDT,1155502000,1155554000,20000,7998
2025-07-25T07:30:38.979253,BTC-USDT,1155503000,1155553000,7998,77000
2025-07-25T07:30:39.018825,BTC-USDT,1155503000,1155552000,0,7998
2025-07-25T07:30:39.078809,BTC-USDT,1155503000,1155552000,7998,84998
2025-07-25T07:30:39.098890,BTC-USDT,0.0,1155551000,0.0,7998
2025-07-25T07:30:39.118851,BTC-USDT,1155505000,1155551000,17792,7998
2025-07-25T07:30:39.138720,BTC-USDT,1155503000,1155551000,0,0
2025-07-25T07:30:39.158909,BTC-USDT,1155512000,1155594000,66240,99395
2025-07-25T07:30:39.178852,BTC-USDT,1155513000,1155594000,7998,342602
2025-07-25T07:30:39.219029,BTC-USDT,1155513000,1155593000,0,108874
2025-07-25T07:30:39.238908,BTC-USDT,1155518000,1155589000,17792,67122
2025-07-25T07:30:39.261949,BTC-USDT,1155519000,1155592000,7998,190554
2025-07-25T07:30:39.299160,BTC-USDT,1155519000,1155588000,7998,33960
2025-07-25T07:30:39.319251,BTC-USDT,1155519000,1155587000,0,7998
2025-07-25T07:30:39.359274,BTC-USDT,1155495000,1155586000,25790,28446
2025-07-25T07:30:39.379320,BTC-USDT,1155495000,0.0,17792,0.0
2025-07-25T07:30:39.419585,BTC-USDT,1155496000,1155585000,7998,7998
2025-07-25T07:30:39.821752,BTC-USDT,1155565000,1155584000,553,134771
2025-07-25T07:30:39.825718,BTC-USDT,1155454000,1155585000,0,0
2025-07-25T07:30:39.827050,BTC-USDT,1155315000,1155566000,70488,7998
2025-07-25T07:30:39.827519,BTC-USDT,0.0,1155587000,0.0,0
2025-07-25T07:30:39.828663,BTC-USDT,1155495000,1155584000,0,0
2025-07-25T07:30:39.840132,BTC-USDT,0.0,1155566000,0.0,16102
2025-07-25T07:30:39.860284,BTC-USDT,0.0,1155611000,0.0,7998
2025-07-25T07:30:39.940564,BTC-USDT,0.0,1155611000,0.0,0
2025-07-25T07:30:39.980697,BTC-USDT,0.0,1155566000,0.0,24100
2025-07-25T07:30:40.280967,BTC-USDT,1155476000,0.0,77000,0.0
2025-07-25T07:30:40.321067,BTC-USDT,1155524000,1155566000,77000,101100
2025-07-25T07:30:40.381202,BTC-USDT,1155524000,0.0,0,0.0
2025-07-25T07:30:40.561584,BTC-USDT,0.0,1155566000,0.0,24100
2025-07-25T07:30:41.113024,BTC-USDT,1155565000,0.0,8551,0.0
2025-07-25T07:30:41.490414,BTC-USDT,1155524000,1155635000,77000,77000
2025-07-25T07:30:42.224809,BTC-USDT,0.0,1155736000,0.0,20000
2025-07-25T07:30:42.593484,BTC-USDT,1155495000,1155566000,77000,101100
2025-07-25T07:30:42.994951,BTC-USDT,0.0,1155566000,0.0,24100
2025-07-25T07:30:42.997115,BTC-USDT,1155565000,0.0,7998,0.0
2025-07-25T07:30:42.999127,BTC-USDT,1155565000,0.0,0,0.0
2025-07-25T07:30:43.002007,BTC-USDT,1155527000,0.0,17792,0.0
2025-07-25T07:30:43.003151,BTC-USDT,1155565000,0.0,7998,0.0
2025-07-25T07:30:43.004856,BTC-USDT,1155528000,0.0,77000,0.0
2025-07-25T07:30:43.006900,BTC-USDT,1155565000,0.0,25790,0.0
2025-07-25T07:30:43.026535,BTC-USDT,0.0,1155635000,0.0,0
2025-07-25T07:30:43.307040,BTC-USDT,1155481000,0.0,20000,0.0
2025-07-25T07:30:43.346676,BTC-USDT,1155565000,0.0,102790,0.0
2025-07-25T07:30:43.406733,BTC-USDT,1155258000,0.0,7500,0.0
2025-07-25T07:30:43.587234,BTC-USDT,1155565000,0.0,84998,0.0
2025-07-25T07:30:43.627705,BTC-USDT,1155565000,0.0,7998,0.0
2025-07-25T07:30:43.667054,BTC-USDT,1155565000,1155565000,0,7998
2025-07-25T07:30:43.708321,BTC-USDT,1155526000,1155635000,84998,77000
2025-07-25T07:30:43.767536,BTC-USDT,1155527000,1155566000,7998,0
2025-07-25T07:30:43.868332,BTC-USDT,0.0,1155565000,0.0,25790
2025-07-25T07:30:43.888405,BTC-USDT,0.0,1155564000,0.0,17792
2025-07-25T07:30:43.907741,BTC-USDT,1155527000,1155547000,7998,17792
2025-07-25T07:30:43.954912,BTC-USDT,1155527000,1155528000,0,375
2025-07-25T07:30:44.001100,BTC-USDT,1155523000,1155545000,0,77000
2025-07-25T07:30:44.008777,BTC-USDT,1155379000,1155525000,7998,7998
2025-07-25T07:30:44.047964,BTC-USDT,1155524000,1155525000,0,126666
2025-07-25T07:30:44.073571,BTC-USDT,1155494000,1155495000,0,7998
2025-07-25T07:30:44.108757,BTC-USDT,1155219000,1155495000,17792,84020
2025-07-25T07:30:44.148366,BTC-USDT,1155431000,1155473000,0,34648
2025-07-25T07:30:44.168409,BTC-USDT,0.0,1155473000,0.0,69631
2025-07-25T07:30:44.208500,BTC-USDT,1155454000,1155473000,94279,108874
2025-07-25T07:30:44.249973,BTC-USDT,1155413000,0.0,77001,0.0
2025-07-25T07:30:44.288750,BTC-USDT,0.0,1155488000,0.0,0
2025-07-25T07:30:44.310018,BTC-USDT,0.0,1155473000,0.0,109249
2025-07-25T07:30:44.349230,BTC-USDT,1155305000,1155848000,0,17792
2025-07-25T07:30:44.389960,BTC-USDT,1155472000,1155637000,8776,381
2025-07-25T07:30:45.069983,BTC-USDT,0.0,1155573000,0.0,1
2025-07-25T07:30:45.231270,BTC-USDT,1155455000,1155599000,77000,77000
2025-07-25T07:30:45.331670,BTC-USDT,1155455000,0.0,0,0.0
2025-07-25T07:30:45.752004,BTC-USDT,0.0,1155534000,0.0,2216
2025-07-25T07:30:46.092233,BTC-USDT,0.0,1155534000,0.0,0
2025-07-25T07:30:46.112370,BTC-USDT,1155472000,0.0,26168,0.0
2025-07-25T07:30:46.212507,BTC-USDT,1155472000,1155611000,103168,77000
2025-07-25T07:30:46.232449,BTC-USDT,1155472000,0.0,26168,0.0
2025-07-25T07:30:46.699155,BTC-USDT,0.0,1155615000,0.0,0
2025-07-25T07:30:46.703541,BTC-USDT,0.0,1155473000,0.0,108874
2025-07-25T07:30:46.705174,BTC-USDT,1155472000,0.0,25390,0.0
2025-07-25T07:30:46.705982,BTC-USDT,0.0,1155612000,0.0,92000
2025-07-25T07:30:46.706985,BTC-USDT,1155472000,0.0,25763,0.0
2025-07-25T07:30:46.813602,BTC-USDT,0.0,1155599000,0.0,0
2025-07-25T07:30:47.574130,BTC-USDT,1155218000,0.0,0,0.0
2025-07-25T07:30:47.981807,BTC-USDT,1155472000,1155599000,102763,77000
2025-07-25T07:30:47.991646,BTC-USDT,1155472000,1155589000,85371,17392
2025-07-25T07:30:47.995704,BTC-USDT,1155472000,0.0,8371,0.0
2025-07-25T07:30:47.997643,BTC-USDT,1155472000,0.0,7998,0.0
2025-07-25T07:30:48.000689,BTC-USDT,1155472000,0.0,0,0.0
2025-07-25T07:30:48.002286,BTC-USDT,1155456000,0.0,7998,0.0
2025-07-25T07:30:48.003216,BTC-USDT,1155472000,0.0,7998,0.0
2025-07-25T07:30:48.004469,BTC-USDT,1155472000,0.0,84998,0.0
2025-07-25T07:30:48.005872,BTC-USDT,1155472000,0.0,0,0.0
2025-07-25T07:30:48.006888,BTC-USDT,1155472000,0.0,7998,0.0
2025-07-25T07:30:48.008496,BTC-USDT,1155472000,0.0,94392,0.0
2025-07-25T07:30:48.009356,BTC-USDT,1155472000,0.0,102390,0.0
2025-07-25T07:30:48.056124,BTC-USDT,0.0,1155589000,0.0,0
2025-07-25T07:30:48.196418,BTC-USDT,1155418000,0.0,77000,0.0
2025-07-25T07:30:48.795427,BTC-USDT,1155472000,0.0,25390,0.0
2025-07-25T07:30:48.802254,BTC-USDT,1155472000,1155589000,7998,17392
2025-07-25T07:30:48.803260,BTC-USDT,1155456000,1155473000,7998,108874
2025-07-25T07:30:48.804073,BTC-USDT,1155472000,1155473000,17392,100876
2025-07-25T07:30:48.804953,BTC-USDT,1155472000,1155479000,25390,139437
2025-07-25T07:30:48.805823,BTC-USDT,1155455000,0.0,0,0.0
2025-07-25T07:30:48.806300,BTC-USDT,0.0,1155589000,0.0,17392
2025-07-25T07:30:48.806857,BTC-USDT,1155472000,1155473000,7998,108874
2025-07-25T07:30:48.837806,BTC-USDT,0.0,1155473000,0.0,100876
2025-07-25T07:30:48.898668,BTC-USDT,0.0,1155478000,0.0,7998
2025-07-25T07:30:48.958014,BTC-USDT,1155472000,1155472000,0,7998
2025-07-25T07:30:48.997993,BTC-USDT,1155461000,1155472000,766,84998
2025-07-25T07:30:49.038808,BTC-USDT,1155418000,1155462000,0,7998
2025-07-25T07:30:49.078362,BTC-USDT,1155324000,1155462000,0,84998
2025-07-25T07:30:49.098157,BTC-USDT,0.0,1155705000,0.0,17392
2025-07-25T07:30:49.159071,BTC-USDT,0.0,1155613000,0.0,0
2025-07-25T07:30:49.199347,BTC-USDT,0.0,1155462000,0.0,85373
2025-07-25T07:30:49.319097,BTC-USDT,0.0,1155462000,0.0,102765
2025-07-25T07:30:49.358967,BTC-USDT,0.0,1155598000,0.0,0
2025-07-25T07:30:49.398929,BTC-USDT,0.0,1155462000,0.0,85373
2025-07-25T07:30:50.059956,BTC-USDT,0.0,1155462000,0.0,8373
2025-07-25T07:30:50.080178,BTC-USDT,1155461000,0.0,8764,0.0
2025-07-25T07:30:50.180779,BTC-USDT,1155461000,1155462000,7998,85373
2025-07-25T07:30:50.220381,BTC-USDT,1155461000,0.0,0,0.0
2025-07-25T07:30:50.260243,BTC-USDT,1155243000,1155533000,78893,1
2025-07-25T07:30:50.324050,BTC-USDT,1155455000,0.0,7998,0.0
2025-07-25T07:30:50.340570,BTC-USDT,1155455000,0.0,0,0.0
2025-07-25T07:30:50.380458,BTC-USDT,1155455000,0.0,7998,0.0
2025-07-25T07:30:50.420623,BTC-USDT,1155456000,0.0,7998,0.0
2025-07-25T07:30:50.441751,BTC-USDT,1155456000,0.0,0,0.0
2025-07-25T07:30:50.480528,BTC-USDT,1155179000,0.0,0,0.0
2025-07-25T07:30:50.520564,BTC-USDT,1155454000,0.0,102277,0.0
2025-07-25T07:30:50.560698,BTC-USDT,0.0,1155462000,0.0,77375
2025-07-25T07:30:50.600732,BTC-USDT,1155454000,1155462000,7998,85373
2025-07-25T07:30:50.661326,BTC-USDT,0.0,1155462000,0.0,77375
2025-07-25T07:30:51.181668,BTC-USDT,0.0,1155495000,0.0,77000
2025-07-25T07:30:51.618835,BTC-USDT,1155335000,1155456000,0,17392
2025-07-25T07:30:51.622168,BTC-USDT,0.0,1155456000,0.0,94392
2025-07-25T07:30:51.623254,BTC-USDT,0.0,1155462000,0.0,0
2025-07-25T07:30:51.624446,BTC-USDT,1155423000,1155455000,101242,17392
2025-07-25T07:30:51.642430,BTC-USDT,1155338000,1155455000,17392,76900
2025-07-25T07:30:51.682890,BTC-USDT,0.0,1155455000,0.0,76900
2025-07-25T07:30:51.722413,BTC-USDT,0.0,1155455000,0.0,77275
2025-07-25T07:30:51.782678,BTC-USDT,0.0,1155465000,0.0,7998
2025-07-25T07:30:52.024507,BTC-USDT,0.0,1155465000,0.0,0
2025-07-25T07:30:52.083231,BTC-USDT,0.0,1155455000,0.0,77275
2025-07-25T07:30:52.124002,BTC-USDT,0.0,1155455000,0.0,77275
2025-07-25T07:30:52.163736,BTC-USDT,0.0,1155503000,0.0,39500
2025-07-25T07:30:52.183375,BTC-USDT,0.0,1155455000,0.0,77275
2025-07-25T07:30:52.244063,BTC-USDT,0.0,1155455000,0.0,77275
2025-07-25T07:30:52.878291,BTC-USDT,0.0,1155457000,0.0,7998
2025-07-25T07:30:52.883370,BTC-USDT,0.0,1155457000,0.0,0
2025-07-25T07:30:52.885128,BTC-USDT,0.0,1155455000,0.0,77275
2025-07-25T07:30:52.885844,BTC-USDT,0.0,1155459000,0.0,7998
2025-07-25T07:30:52.886358,BTC-USDT,0.0,1155459000,0.0,0
2025-07-25T07:30:52.887257,BTC-USDT,0.0,1155455000,0.0,77275
2025-07-25T07:30:52.924890,BTC-USDT,0.0,1155455000,0.0,77275
2025-07-25T07:30:53.607157,BTC-USDT,0.0,1155455000,0.0,85273
2025-07-25T07:30:53.626521,BTC-USDT,1155454000,0.0,0,0.0
2025-07-25T07:30:53.687842,BTC-USDT,1155453000,0.0,0,0.0
2025-07-25T07:30:53.726559,BTC-USDT,1155445000,1155454000,0,7998
2025-07-25T07:30:53.766559,BTC-USDT,0.0,1155454000,0.0,0
2025-07-25T07:30:54.199258,BTC-USDT,1155440000,1155455000,0,0
2025-07-25T07:30:54.205297,BTC-USDT,1155440000,1155465000,7998,0
2025-07-25T07:30:54.206300,BTC-USDT,0.0,1155705000,0.0,17392
2025-07-25T07:30:54.206519,BTC-USDT,0.0,1155477000,0.0,108874
2025-07-25T07:30:54.207902,BTC-USDT,1155440000,1155476000,0,7998
2025-07-25T07:30:54.208198,BTC-USDT,1155440000,0.0,7998,0.0
2025-07-25T07:30:54.208929,BTC-USDT,0.0,1155477000,0.0,66228
2025-07-25T07:30:54.209505,BTC-USDT,0.0,1155477000,0.0,0
2025-07-25T07:30:54.210840,BTC-USDT,0.0,1155476000,0.0,0
2025-07-25T07:30:54.210885,BTC-USDT,0.0,1155478000,0.0,0
2025-07-25T07:30:54.211101,BTC-USDT,0.0,1155475000,0.0,31245
2025-07-25T07:30:54.271453,BTC-USDT,0.0,1155477000,0.0,0
2025-07-25T07:30:54.271506,BTC-USDT,1155474000,0.0,7998,0.0
2025-07-25T07:30:54.328132,BTC-USDT,1155474000,1155474000,0,7998
2025-07-25T07:30:54.368105,BTC-USDT,1155445000,1155473000,7998,69631
2025-07-25T07:30:54.407546,BTC-USDT,1155445000,1155472000,0,34648
2025-07-25T07:30:54.447843,BTC-USDT,0.0,1155471000,0.0,34983
2025-07-25T07:30:54.467742,BTC-USDT,0.0,1155471000,0.0,0
2025-07-25T07:30:54.933294,BTC-USDT,0.0,1155471000,0.0,42981
2025-07-25T07:30:54.937923,BTC-USDT,0.0,1155470000,0.0,34648
2025-07-25T07:30:54.939538,BTC-USDT,0.0,1155470000,0.0,0
2025-07-25T07:30:54.940430,BTC-USDT,0.0,1155475000,0.0,0
2025-07-25T07:30:54.940976,BTC-USDT,0.0,1155478000,0.0,34983
2025-07-25T07:30:54.941569,BTC-USDT,0.0,1155478000,0.0,100876
2025-07-25T07:30:54.968601,BTC-USDT,1155442000,0.0,17760,0.0
2025-07-25T07:30:55.008915,BTC-USDT,1155442000,0.0,0,0.0
2025-07-25T07:30:55.068729,BTC-USDT,1155439000,1155477000,944,7998
2025-07-25T07:30:55.109210,BTC-USDT,1155440000,1155477000,7998,0
2025-07-25T07:30:55.209206,BTC-USDT,0.0,1155477000,0.0,34648
2025-07-25T07:30:55.249519,BTC-USDT,0.0,1155476000,0.0,7998
2025-07-25T07:30:55.309370,BTC-USDT,0.0,1155477000,0.0,0
2025-07-25T07:30:55.329309,BTC-USDT,0.0,1155475000,0.0,34648
2025-07-25T07:30:55.370035,BTC-USDT,0.0,1155474000,0.0,31245
2025-07-25T07:30:55.409428,BTC-USDT,0.0,1155475000,0.0,0
2025-07-25T07:30:55.449872,BTC-USDT,0.0,1155473000,0.0,34983
2025-07-25T07:30:55.549695,BTC-USDT,0.0,1155473000,0.0,42981
2025-07-25T07:30:55.589927,BTC-USDT,0.0,1155472000,0.0,34648
2025-07-25T07:30:55.629915,BTC-USDT,1155440000,1155472000,0,34648
2025-07-25T07:30:55.670132,BTC-USDT,1155440000,1155471000,7998,7998
2025-07-25T07:30:55.690126,BTC-USDT,0.0,1155471000,0.0,39243
2025-07-25T07:30:55.730158,BTC-USDT,1155440000,1155471000,0,31245
2025-07-25T07:30:55.770112,BTC-USDT,1155470000,1155471000,7998,39243
2025-07-25T07:30:55.810154,BTC-USDT,1155470000,1155471000,0,100876
2025-07-25T07:30:55.850555,BTC-USDT,1155174000,0.0,7500,0.0
2025-07-25T07:30:56.130975,BTC-USDT,1155440000,0.0,17760,0.0
2025-07-25T07:30:56.190929,BTC-USDT,1155439000,0.0,944,0.0
2025-07-25T07:30:57.674481,BTC-USDT,1155440000,0.0,0,0.0
2025-07-25T07:30:58.175454,BTC-USDT,1155421000,0.0,7998,0.0
2025-07-25T07:30:58.275539,BTC-USDT,0.0,1155470000,0.0,7998
2025-07-25T07:30:58.295448,BTC-USDT,0.0,1155471000,0.0,0
2025-07-25T07:30:58.315555,BTC-USDT,1155439000,1155469000,944,34648
2025-07-25T07:30:58.705554,BTC-USDT,1155437000,1155459000,0,134244
2025-07-25T07:30:58.710776,BTC-USDT,1155293000,1155440000,0,7998
2025-07-25T07:30:58.710849,BTC-USDT,0.0,1155459000,0.0,0
2025-07-25T07:30:58.712239,BTC-USDT,0.0,1155440000,0.0,0
2025-07-25T07:30:58.712285,BTC-USDT,0.0,1155477000,0.0,69631
2025-07-25T07:30:58.716209,BTC-USDT,1155439000,1155450000,8942,134244
2025-07-25T07:30:58.776365,BTC-USDT,0.0,1155457000,0.0,7998
2025-07-25T07:30:58.816278,BTC-USDT,0.0,1155440000,0.0,7998
2025-07-25T07:30:58.856528,BTC-USDT,1155439000,1155440000,9970,0
2025-07-25T07:30:58.896738,BTC-USDT,1155439000,1155450000,1972,0
2025-07-25T07:30:58.916932,BTC-USDT,0.0,1155478000,0.0,66228
2025-07-25T07:30:58.956916,BTC-USDT,0.0,1155478000,0.0,100876
2025-07-25T07:30:59.257630,BTC-USDT,1155439000,0.0,19732,0.0
2025-07-25T07:30:59.317701,BTC-USDT,1155472000,1155478000,20000,31245
2025-07-25T07:30:59.337351,BTC-USDT,1155477000,1155478000,151385,0
2025-07-25T07:30:59.358594,BTC-USDT,1155505000,1155506000,151122,0
2025-07-25T07:30:59.378439,BTC-USDT,1155532000,1155612000,151122,0
2025-07-25T07:30:59.397437,BTC-USDT,1155532000,1155705000,152009,0
2025-07-25T07:30:59.457684,BTC-USDT,1155532000,1155840000,152526,2220
2025-07-25T07:30:59.577969,BTC-USDT,1155532000,0.0,160524,0.0
2025-07-25T07:30:59.598980,BTC-USDT,0.0,1155569000,0.0,7998
2025-07-25T07:30:59.638333,BTC-USDT,0.0,1155573000,0.0,0
2025-07-25T07:30:59.698204,BTC-USDT,1155532000,0.0,160900,0.0
2025-07-25T07:30:59.758213,BTC-USDT,1155532000,0.0,76900,0.0
2025-07-25T07:30:59.798878,BTC-USDT,0.0,1155649000,0.0,17760
2025-07-25T07:30:59.820579,BTC-USDT,1155532000,0.0,9778,0.0
2025-07-25T07:30:59.858322,BTC-USDT,0.0,1155533000,0.0,7999
2025-07-25T07:30:59.901144,BTC-USDT,0.0,1155533000,0.0,7998
2025-07-25T07:31:00.254582,BTC-USDT,1155532000,0.0,9402,0.0
2025-07-25T07:31:00.259475,BTC-USDT,0.0,1155599000,0.0,7998
2025-07-25T07:31:00.261137,BTC-USDT,1155533000,1155533000,8269,0
2025-07-25T07:31:00.261801,BTC-USDT,1155534000,1155541000,17760,150000
2025-07-25T07:31:00.299137,BTC-USDT,1155557000,1155541000,84393,0
2025-07-25T07:31:00.319116,BTC-USDT,1155548000,1155558000,108001,150000
2025-07-25T07:31:00.339127,BTC-USDT,1155557000,1155558000,0,0
2025-07-25T07:31:00.379839,BTC-USDT,0.0,1155596000,0.0,240941
2025-07-25T07:31:00.419330,BTC-USDT,1155548000,1155549000,0,150000
2025-07-25T07:31:00.459309,BTC-USDT,1155453000,1155549000,1,0
2025-07-25T07:31:00.499814,BTC-USDT,1155533000,1155557000,0,7727
2025-07-25T07:31:00.539448,BTC-USDT,0.0,1155552000,0.0,6052
2025-07-25T07:31:00.579568,BTC-USDT,1155551000,0.0,8269,0.0
2025-07-25T07:31:00.640106,BTC-USDT,1155551000,1155573000,26029,7727
2025-07-25T07:31:00.679819,BTC-USDT,1155551000,0.0,17760,0.0
2025-07-25T07:31:01.000440,BTC-USDT,1155551000,0.0,0,0.0
2025-07-25T07:31:01.040393,BTC-USDT,1155539000,0.0,0,0.0
2025-07-25T07:31:01.080860,BTC-USDT,1155534000,1155551000,17760,7727
2025-07-25T07:31:01.140390,BTC-USDT,1155535000,1155546000,8269,3402
2025-07-25T07:31:01.180440,BTC-USDT,1155545000,0.0,8269,0.0
2025-07-25T07:31:01.200481,BTC-USDT,1155545000,0.0,26029,0.0
2025-07-25T07:31:01.584088,BTC-USDT,1155543000,0.0,0,0.0
2025-07-25T07:31:01.589187,BTC-USDT,1155545000,1155662000,8269,17760
2025-07-25T07:31:01.590714,BTC-USDT,1155545000,0.0,0,0.0
2025-07-25T07:31:01.592372,BTC-USDT,1155533000,0.0,8269,0.0
2025-07-25T07:31:01.592413,BTC-USDT,1155533000,0.0,0,0.0
2025-07-25T07:31:01.592889,BTC-USDT,0.0,1155551000,0.0,0
2025-07-25T07:31:01.594181,BTC-USDT,1155495000,1155545000,8269,7727
2025-07-25T07:31:01.621035,BTC-USDT,1155430000,1155533000,703,134244
2025-07-25T07:31:01.661362,BTC-USDT,1155522000,1155533000,0,141971
2025-07-25T07:31:01.701265,BTC-USDT,0.0,1155533000,0.0,142349
2025-07-25T07:31:01.861512,BTC-USDT,1155532000,0.0,724,0.0
2025-07-25T07:31:01.901739,BTC-USDT,0.0,1155653000,0.0,156993
2025-07-25T07:31:02.342321,BTC-USDT,1155494000,0.0,1,0.0
2025-07-25T07:31:02.442912,BTC-USDT,0.0,1155614000,0.0,1
2025-07-25T07:31:02.723330,BTC-USDT,0.0,1155533000,0.0,8105
2025-07-25T07:31:03.164965,BTC-USDT,1155532000,0.0,8993,0.0
2025-07-25T07:31:03.169031,BTC-USDT,1155532000,0.0,26753,0.0
2025-07-25T07:31:03.204164,BTC-USDT,0.0,1155662000,0.0,0
2025-07-25T07:31:03.264044,BTC-USDT,0.0,1155533000,0.0,7727
2025-07-25T07:31:03.304129,BTC-USDT,1155533000,1155533000,8269,0
2025-07-25T07:31:03.344437,BTC-USDT,1155532000,1155539000,724,150000
2025-07-25T07:31:03.404609,BTC-USDT,1155538000,1155539000,17760,0
2025-07-25T07:31:03.424478,BTC-USDT,1155538000,1155595000,8269,201998
2025-07-25T07:31:03.873633,BTC-USDT,1155538000,1155594000,0,34983
2025-07-25T07:31:03.882236,BTC-USDT,1155490000,1155536000,833,150000
2025-07-25T07:31:03.882902,BTC-USDT,1155533000,1155533000,0,7727
2025-07-25T07:31:03.884405,BTC-USDT,1155502000,0.0,0,0.0
2025-07-25T07:31:03.887151,BTC-USDT,1155337000,1155533000,181251,141971
2025-07-25T07:31:03.887209,BTC-USDT,0.0,1155533000,0.0,134244
2025-07-25T07:31:03.887352,BTC-USDT,0.0,1155533000,0.0,141971
2025-07-25T07:31:03.925503,BTC-USDT,0.0,1155533000,0.0,142349
2025-07-25T07:31:04.145608,BTC-USDT,0.0,1155533000,0.0,75227
2025-07-25T07:31:04.185847,BTC-USDT,1155532000,1155533000,9369,7727
2025-07-25T07:31:04.775343,BTC-USDT,1155532000,1155533000,8993,17760
2025-07-25T07:31:04.782591,BTC-USDT,0.0,1155533000,0.0,25487
2025-07-25T07:31:04.786066,BTC-USDT,0.0,1155533000,0.0,7727
2025-07-25T07:31:04.787590,BTC-USDT,0.0,1155533000,0.0,0
2025-07-25T07:31:04.788821,BTC-USDT,0.0,1155533000,0.0,7727
2025-07-25T07:31:04.789657,BTC-USDT,0.0,1155533000,0.0,134244
2025-07-25T07:31:04.790818,BTC-USDT,0.0,1155533000,0.0,152382
2025-07-25T07:31:04.791468,BTC-USDT,1155507000,1155533000,0,160109
2025-07-25T07:31:04.792261,BTC-USDT,1155440000,0.0,0,0.0
2025-07-25T07:31:04.794286,BTC-USDT,0.0,1155691000,0.0,350
2025-07-25T07:31:04.794949,BTC-USDT,1155292000,0.0,23853,0.0
2025-07-25T07:31:04.795527,BTC-USDT,0.0,1155533000,0.0,142349
2025-07-25T07:31:04.866911,BTC-USDT,0.0,1155625000,0.0,0
2025-07-25T07:31:05.007245,BTC-USDT,1155418000,0.0,76800,0.0
2025-07-25T07:31:05.227547,BTC-USDT,1155418000,0.0,0,0.0
2025-07-25T07:31:05.247506,BTC-USDT,0.0,1155533000,0.0,159518
2025-07-25T07:31:05.287478,BTC-USDT,0.0,1155533000,0.0,194166
2025-07-25T07:31:05.327840,BTC-USDT,1155532000,1155533000,724,260394
2025-07-25T07:31:05.367738,BTC-USDT,0.0,1155597000,0.0,25341
2025-07-25T07:31:05.668722,BTC-USDT,1155361000,1155594000,0,2200
2025-07-25T07:31:06.189178,BTC-USDT,1155491000,1155533000,0,410394
2025-07-25T07:31:06.209163,BTC-USDT,1155423000,1155533000,802,424811
2025-07-25T07:31:06.269202,BTC-USDT,0.0,1155620000,0.0,2200
2025-07-25T07:31:07.130218,BTC-USDT,1155416000,0.0,17169,0.0
2025-07-25T07:31:07.135657,BTC-USDT,0.0,1155533000,0.0,407642
2025-07-25T07:31:07.271150,BTC-USDT,0.0,1155533000,0.0,273398
2025-07-25T07:31:07.291256,BTC-USDT,1155532000,0.0,8993,0.0
2025-07-25T07:31:07.311274,BTC-USDT,0.0,1155600000,0.0,0
2025-07-25T07:31:07.331042,BTC-USDT,0.0,1155607000,0.0,0
2025-07-25T07:31:07.351115,BTC-USDT,0.0,1155533000,0.0,207170
2025-07-25T07:31:07.371059,BTC-USDT,1155532000,0.0,26162,0.0
2025-07-25T07:31:07.411137,BTC-USDT,0.0,1155533000,0.0,172144
2025-07-25T07:31:07.451242,BTC-USDT,1155532000,1155754000,26538,24879
2025-07-25T07:31:07.531506,BTC-USDT,0.0,1155785000,0.0,2196
2025-07-25T07:31:07.571626,BTC-USDT,1155472000,1155533000,25116,0
2025-07-25T07:31:07.591493,BTC-USDT,1155569000,1155597000,153439,34648
2025-07-25T07:31:07.631889,BTC-USDT,0.0,1155596000,0.0,38972
2025-07-25T07:31:07.672038,BTC-USDT,1155570000,1155595000,17169,77358
2025-07-25T07:31:07.711744,BTC-USDT,1155570000,1155594000,17169,31245
2025-07-25T07:31:07.752514,BTC-USDT,1155528000,1155593000,8269,77358
2025-07-25T07:31:07.771755,BTC-USDT,0.0,1155592000,0.0,7727
2025-07-25T07:31:07.811999,BTC-USDT,1155571000,1155592000,8269,0
2025-07-25T07:31:07.852418,BTC-USDT,1155587000,1155607000,17169,15000
2025-07-25T07:31:07.892829,BTC-USDT,1155588000,1155607000,8269,0
2025-07-25T07:31:07.952100,BTC-USDT,1155614000,1155785000,17169,0
2025-07-25T07:31:07.992360,BTC-USDT,1155588000,1155615000,8269,108603
2025-07-25T07:31:08.010004,BTC-USDT,1155614000,1155615000,17169,108603
2025-07-25T07:31:08.052205,BTC-USDT,1155300000,1155820000,17169,254468
2025-07-25T07:31:08.134703,BTC-USDT,0.0,1155805000,0.0,0
2025-07-25T07:31:08.173474,BTC-USDT,0.0,1155925000,0.0,20000
2025-07-25T07:31:08.948680,BTC-USDT,1155353000,1155737000,0,8000
2025-07-25T07:31:08.955946,BTC-USDT,1155526000,1155672000,20000,20000
2025-07-25T07:31:08.957553,BTC-USDT,0.0,1155615000,0.0,243357
2025-07-25T07:31:08.959468,BTC-USDT,1155534000,0.0,1,0.0
2025-07-25T07:31:08.960194,BTC-USDT,1155614000,0.0,0,0.0
2025-07-25T07:31:08.961714,BTC-USDT,0.0,1155589000,0.0,100876
2025-07-25T07:31:08.961751,BTC-USDT,0.0,1155615000,0.0,0
2025-07-25T07:31:09.194696,BTC-USDT,0.0,1155589000,0.0,100876
2025-07-25T07:31:09.234344,BTC-USDT,0.0,1155589000,0.0,100876
2025-07-25T07:31:09.414301,BTC-USDT,1155588000,0.0,0,0.0
2025-07-25T07:31:09.454439,BTC-USDT,1155588000,0.0,17169,0.0
2025-07-25T07:31:09.494382,BTC-USDT,1155588000,0.0,93969,0.0
2025-07-25T07:31:09.514585,BTC-USDT,1155555000,0.0,8269,0.0
2025-07-25T07:31:09.555349,BTC-USDT,0.0,1155590000,0.0,7727
2025-07-25T07:31:09.594694,BTC-USDT,0.0,1155589000,0.0,108603
2025-07-25T07:31:09.955315,BTC-USDT,1155570000,0.0,76800,0.0
2025-07-25T07:31:10.799654,BTC-USDT,1155588000,0.0,102238,0.0
2025-07-25T07:31:10.936916,BTC-USDT,1155588000,0.0,25438,0.0
2025-07-25T07:31:11.117079,BTC-USDT,1155588000,1155589000,17169,100876
2025-07-25T07:31:11.136834,BTC-USDT,0.0,1155589000,0.0,108604
2025-07-25T07:31:11.237079,BTC-USDT,1155588000,0.0,25439,0.0
2025-07-25T07:31:11.277341,BTC-USDT,1155568000,1155589000,76800,7728
2025-07-25T07:31:11.297514,BTC-USDT,1155588000,1155737000,84516,8000
2025-07-25T07:31:11.317421,BTC-USDT,1155588000,1155672000,85240,0
