timestamp,symbol,bid,ask,bid_vol,ask_vol
2025-07-25T07:43:55.655585,BTC-USDT,1151336000,1151337000,104304,839735
2025-07-25T07:43:55.655631,BTC-USDT,0.0,1151337000,0.0,654898
2025-07-25T07:43:55.655657,BTC-USDT,1151336000,1151337000,104304,195254
2025-07-25T07:43:55.655682,BTC-USDT,1151336000,1151337000,196049,180254
2025-07-25T07:43:55.655710,BTC-USDT,1151336000,1151354000,178451,8000
2025-07-25T07:43:55.655738,BTC-USDT,1151336000,1151578000,104651,0
2025-07-25T07:43:55.655768,BTC-USDT,0.0,1151414000,0.0,25881
2025-07-25T07:43:55.655818,BTC-USDT,1151114000,1151337000,353,274162
2025-07-25T07:43:55.820766,BTC-USDT,1151336000,0.0,122249,0.0
2025-07-25T07:43:56.000830,BTC-USDT,0.0,1151337000,0.0,180254
2025-07-25T07:43:56.100629,BTC-USDT,0.0,1151337000,0.0,274173
2025-07-25T07:43:56.260952,BTC-USDT,1151336000,0.0,104651,0.0
2025-07-25T07:43:56.301114,BTC-USDT,1151181000,1151413000,73800,73800
2025-07-25T07:43:56.421373,BTC-USDT,0.0,1151337000,0.0,180254
2025-07-25T07:43:56.441044,BTC-USDT,1151336000,0.0,122249,0.0
2025-07-25T07:43:56.521065,BTC-USDT,0.0,1151337000,0.0,274165
2025-07-25T07:43:56.741553,BTC-USDT,1151336000,0.0,104651,0.0
2025-07-25T07:43:56.782498,BTC-USDT,0.0,1151337000,0.0,281273
2025-07-25T07:43:56.821536,BTC-USDT,0.0,1151453000,0.0,0
2025-07-25T07:43:57.303572,BTC-USDT,0.0,1151374000,0.0,73800
2025-07-25T07:43:57.503113,BTC-USDT,1151330000,0.0,85073,0.0
2025-07-25T07:43:57.603021,BTC-USDT,1151336000,0.0,122249,0.0
2025-07-25T07:43:57.622937,BTC-USDT,0.0,1151374000,0.0,0
2025-07-25T07:43:57.663110,BTC-USDT,0.0,1151337000,0.0,187362
2025-07-25T07:43:57.783411,BTC-USDT,0.0,1151337000,0.0,281273
2025-07-25T07:43:57.823521,BTC-USDT,1151336000,0.0,104651,0.0
2025-07-25T07:43:58.482691,BTC-USDT,1151250000,1151374000,73800,73800
2025-07-25T07:43:59.285986,BTC-USDT,1151256000,0.0,73800,0.0
2025-07-25T07:44:00.187050,BTC-USDT,0.0,1151374000,0.0,0
2025-07-25T07:44:00.206866,BTC-USDT,0.0,1151647000,0.0,17598
2025-07-25T07:44:00.267344,BTC-USDT,1151336000,1151389000,104651,73800
2025-07-25T07:44:00.845617,BTC-USDT,1151336000,0.0,122249,0.0
2025-07-25T07:44:01.208666,BTC-USDT,0.0,1151608000,0.0,0
2025-07-25T07:44:01.230220,BTC-USDT,0.0,1151337000,0.0,180254
2025-07-25T07:44:01.250073,BTC-USDT,1151331000,1151375000,73800,0
2025-07-25T07:44:01.318303,BTC-USDT,1151336000,1151354000,196049,0
2025-07-25T07:44:01.352522,BTC-USDT,1151124000,1151338000,0,7108
2025-07-25T07:44:01.372939,BTC-USDT,1151296000,0.0,24944,0.0
2025-07-25T07:44:02.411838,BTC-USDT,0.0,1151413000,0.0,0
2025-07-25T07:44:02.828475,BTC-USDT,0.0,1151337000,0.0,0
2025-07-25T07:44:02.834163,BTC-USDT,1151337000,1151531000,127691,0
2025-07-25T07:44:02.836068,BTC-USDT,1151337000,0.0,190758,0.0
2025-07-25T07:44:02.836896,BTC-USDT,1151337000,0.0,264558,0.0
2025-07-25T07:44:02.837398,BTC-USDT,1151337000,0.0,296909,0.0
2025-07-25T07:44:02.838283,BTC-USDT,0.0,1151414000,0.0,0
2025-07-25T07:44:02.838935,BTC-USDT,1151337000,0.0,242224,0.0
2025-07-25T07:44:02.839597,BTC-USDT,1151337000,0.0,242607,0.0
2025-07-25T07:44:02.839637,BTC-USDT,0.0,1151495000,0.0,23974
2025-07-25T07:44:02.840465,BTC-USDT,1151098000,0.0,93780,0.0
2025-07-25T07:44:02.851599,BTC-USDT,0.0,1151338000,0.0,0
2025-07-25T07:44:02.911830,BTC-USDT,1151341000,0.0,113016,0.0
2025-07-25T07:44:02.951486,BTC-USDT,1151341000,0.0,195702,0.0
2025-07-25T07:44:03.052382,BTC-USDT,0.0,1151342000,0.0,93825
2025-07-25T07:44:03.092223,BTC-USDT,1151114000,1151342000,0,0
2025-07-25T07:44:03.111985,BTC-USDT,1151414000,1151456000,127691,0
2025-07-25T07:44:03.132937,BTC-USDT,1151414000,0.0,160042,0.0
2025-07-25T07:44:03.172186,BTC-USDT,1151414000,0.0,303072,0.0
2025-07-25T07:44:03.239302,BTC-USDT,1151414000,0.0,312341,0.0
2025-07-25T07:44:03.272298,BTC-USDT,1151337000,1151415000,73800,5099
2025-07-25T07:44:03.312156,BTC-USDT,1151268000,1151415000,353,5098
2025-07-25T07:44:03.652866,BTC-USDT,0.0,1151421000,0.0,7108
2025-07-25T07:44:03.793064,BTC-USDT,1151414000,1151421000,166258,0
2025-07-25T07:44:03.812967,BTC-USDT,1151414000,0.0,110850,0.0
2025-07-25T07:44:03.833157,BTC-USDT,1151414000,0.0,128448,0.0
2025-07-25T07:44:03.853048,BTC-USDT,0.0,1151415000,0.0,12206
2025-07-25T07:44:03.873196,BTC-USDT,1151414000,1151531000,110850,17598
2025-07-25T07:44:04.013311,BTC-USDT,1151098000,0.0,0,0.0
2025-07-25T07:44:04.053662,BTC-USDT,1151414000,0.0,110467,0.0
2025-07-25T07:44:04.113594,BTC-USDT,1151268000,0.0,0,0.0
2025-07-25T07:44:04.154277,BTC-USDT,1151376000,0.0,1,0.0
2025-07-25T07:44:04.193735,BTC-USDT,0.0,1151415000,0.0,12586
2025-07-25T07:44:04.213846,BTC-USDT,1151331000,0.0,0,0.0
2025-07-25T07:44:04.254099,BTC-USDT,1151323000,1151415000,73800,86386
2025-07-25T07:44:04.313887,BTC-USDT,0.0,1151418000,0.0,23974
2025-07-25T07:44:04.334126,BTC-USDT,1151096000,0.0,353,0.0
2025-07-25T07:44:04.454696,BTC-USDT,1151337000,0.0,0,0.0
2025-07-25T07:44:04.494282,BTC-USDT,1151323000,1151415000,0,103984
2025-07-25T07:44:04.594602,BTC-USDT,1151296000,1151415000,0,86386
2025-07-25T07:44:04.774980,BTC-USDT,0.0,1151419000,0.0,0
2025-07-25T07:44:04.815001,BTC-USDT,1151221000,1151415000,24523,86386
2025-07-25T07:44:04.874925,BTC-USDT,0.0,1151415000,0.0,180178
2025-07-25T07:44:05.215763,BTC-USDT,1151331000,1151417000,73800,73800
2025-07-25T07:44:05.916848,BTC-USDT,0.0,1151415000,0.0,86386
2025-07-25T07:44:06.016779,BTC-USDT,0.0,1151415000,0.0,180182
2025-07-25T07:44:06.177155,BTC-USDT,1151414000,1151415000,101581,173074
2025-07-25T07:44:06.222681,BTC-USDT,1151404000,1151415000,8887,99274
2025-07-25T07:44:06.617693,BTC-USDT,0.0,1151415000,0.0,98894
2025-07-25T07:44:06.637860,BTC-USDT,1151414000,1151575000,110468,24906
2025-07-25T07:44:06.657707,BTC-USDT,1151414000,0.0,110851,0.0
2025-07-25T07:44:06.678259,BTC-USDT,1151414000,1151531000,127930,0
2025-07-25T07:44:06.878586,BTC-USDT,1151414000,1151531000,110851,17079
2025-07-25T07:44:07.159385,BTC-USDT,1151309000,0.0,125176,0.0
2025-07-25T07:44:07.179593,BTC-USDT,0.0,1151415000,0.0,172694
2025-07-25T07:44:07.238733,BTC-USDT,1151414000,0.0,110468,0.0
2025-07-25T07:44:07.701675,BTC-USDT,0.0,1151415000,0.0,179803
2025-07-25T07:44:08.122329,BTC-USDT,0.0,1151415000,0.0,106003
2025-07-25T07:44:08.125394,BTC-USDT,1151414000,1151415000,110468,106003
2025-07-25T07:44:08.125929,BTC-USDT,1151414000,0.0,127547,0.0
2025-07-25T07:44:08.160505,BTC-USDT,1151414000,1151531000,127930,0
2025-07-25T07:44:08.181045,BTC-USDT,1151414000,0.0,201730,0.0
2025-07-25T07:44:08.321025,BTC-USDT,0.0,1151443000,0.0,0
2025-07-25T07:44:08.341062,BTC-USDT,0.0,1151535000,0.0,25473
2025-07-25T07:44:08.741853,BTC-USDT,1151414000,0.0,127930,0.0
2025-07-25T07:44:09.468527,BTC-USDT,1151414000,1151443000,201730,73800
2025-07-25T07:44:09.471646,BTC-USDT,1151377000,0.0,24592,0.0
2025-07-25T07:44:09.472724,BTC-USDT,0.0,1151443000,0.0,0
2025-07-25T07:44:09.473192,BTC-USDT,0.0,1151450000,0.0,0
2025-07-25T07:44:09.883663,BTC-USDT,1151096000,1151415000,0,98894
2025-07-25T07:44:10.124429,BTC-USDT,1151257000,0.0,353,0.0
2025-07-25T07:44:10.444494,BTC-USDT,0.0,1151634000,0.0,2868
2025-07-25T07:44:10.684972,BTC-USDT,0.0,1151634000,0.0,0
2025-07-25T07:44:11.146007,BTC-USDT,1151414000,0.0,127930,0.0
2025-07-25T07:44:11.186021,BTC-USDT,1151414000,1151443000,127929,7108
2025-07-25T07:44:11.987179,BTC-USDT,0.0,1151535000,0.0,0
2025-07-25T07:44:12.007183,BTC-USDT,0.0,1151647000,0.0,42362
2025-07-25T07:44:12.127426,BTC-USDT,1151414000,0.0,201729,0.0
2025-07-25T07:44:13.088831,BTC-USDT,1151414000,1151415000,184650,106002
2025-07-25T07:44:13.128615,BTC-USDT,0.0,1151450000,0.0,73800
2025-07-25T07:44:13.489287,BTC-USDT,0.0,1151450000,0.0,0
2025-07-25T07:44:14.111318,BTC-USDT,1151414000,1151450000,110850,73800
2025-07-25T07:44:14.131007,BTC-USDT,0.0,1151450000,0.0,0
2025-07-25T07:44:14.251246,BTC-USDT,1151414000,1151531000,127929,0
2025-07-25T07:44:15.092111,BTC-USDT,1151414000,1151450000,201729,73800
2025-07-25T07:44:15.112356,BTC-USDT,0.0,1151450000,0.0,0
2025-07-25T07:44:16.715291,BTC-USDT,1151276000,1151647000,93684,24764
2025-07-25T07:44:16.734914,BTC-USDT,0.0,1151647000,0.0,42217
2025-07-25T07:44:17.075222,BTC-USDT,1151414000,0.0,127929,0.0
2025-07-25T07:44:17.716764,BTC-USDT,0.0,1151415000,0.0,12206
2025-07-25T07:44:17.737590,BTC-USDT,0.0,1151415000,0.0,0
2025-07-25T07:44:17.756574,BTC-USDT,1151431000,1151432000,136432,0
2025-07-25T07:44:17.776574,BTC-USDT,1151434000,1151664000,222964,17453
2025-07-25T07:44:17.816552,BTC-USDT,1151434000,1151457000,305650,88582
2025-07-25T07:44:17.856562,BTC-USDT,0.0,1151488000,0.0,93672
2025-07-25T07:44:18.077100,BTC-USDT,1151434000,0.0,306033,0.0
2025-07-25T07:44:18.237310,BTC-USDT,0.0,1151435000,0.0,0
2025-07-25T07:44:18.278054,BTC-USDT,1151440000,1151441000,81747,1972
2025-07-25T07:44:18.317553,BTC-USDT,1151440000,1151502000,146617,136787
2025-07-25T07:44:18.357718,BTC-USDT,1151440000,1151626000,177165,0
2025-07-25T07:44:18.417822,BTC-USDT,0.0,1151441000,0.0,939
2025-07-25T07:44:18.437847,BTC-USDT,0.0,1151664000,0.0,0
2025-07-25T07:44:18.458671,BTC-USDT,1151403000,1151441000,711,0
2025-07-25T07:44:18.478056,BTC-USDT,1151483000,1151696000,127546,24480
2025-07-25T07:44:18.498553,BTC-USDT,1151483000,1151496000,190445,20000
2025-07-25T07:44:18.881581,BTC-USDT,1151483000,1151539000,231850,7108
2025-07-25T07:44:18.885368,BTC-USDT,1151483000,1151534000,232233,93672
2025-07-25T07:44:19.314249,BTC-USDT,1151483000,1151484000,306033,27108
2025-07-25T07:44:19.317755,BTC-USDT,1151483000,0.0,232233,0.0
2025-07-25T07:44:19.439331,BTC-USDT,0.0,1151533000,0.0,0
2025-07-25T07:44:19.499430,BTC-USDT,1151483000,0.0,214780,0.0
2025-07-25T07:44:19.519828,BTC-USDT,1151483000,1151600000,104687,17453
2025-07-25T07:44:20.040372,BTC-USDT,1151378000,1151525000,73800,73800
2025-07-25T07:44:20.380890,BTC-USDT,1151483000,0.0,122140,0.0
2025-07-25T07:44:20.400913,BTC-USDT,0.0,1151600000,0.0,0
2025-07-25T07:44:20.500965,BTC-USDT,0.0,1151525000,0.0,0
2025-07-25T07:44:20.941873,BTC-USDT,1151276000,0.0,0,0.0
2025-07-25T07:44:21.004522,BTC-USDT,1151483000,1151600000,104687,17453
2025-07-25T07:44:21.021809,BTC-USDT,0.0,1151501000,0.0,73800
2025-07-25T07:44:21.042019,BTC-USDT,1151315000,0.0,93672,0.0
2025-07-25T07:44:21.102088,BTC-USDT,0.0,1151501000,0.0,0
2025-07-25T07:44:21.222281,BTC-USDT,1151315000,0.0,0,0.0
2025-07-25T07:44:21.242504,BTC-USDT,0.0,1151533000,0.0,24038
2025-07-25T07:44:21.322300,BTC-USDT,1151284000,0.0,93671,0.0
2025-07-25T07:44:22.023849,BTC-USDT,0.0,1151495000,0.0,73800
2025-07-25T07:44:22.283923,BTC-USDT,0.0,1151495000,0.0,0
2025-07-25T07:44:22.323921,BTC-USDT,0.0,1151501000,0.0,0
2025-07-25T07:44:23.005410,BTC-USDT,0.0,1151532000,0.0,73800
2025-07-25T07:44:23.285742,BTC-USDT,0.0,1151512000,0.0,0
2025-07-25T07:44:23.776833,BTC-USDT,1151483000,1151532000,122140,0
2025-07-25T07:44:23.782887,BTC-USDT,0.0,1151733000,0.0,71473
2025-07-25T07:44:24.007032,BTC-USDT,0.0,1151525000,0.0,0
2025-07-25T07:44:24.227202,BTC-USDT,1151483000,1151600000,104687,17453
2025-07-25T07:44:24.427688,BTC-USDT,1151483000,1151484000,104304,27488
2025-07-25T07:44:24.447687,BTC-USDT,1151104000,0.0,17453,0.0
2025-07-25T07:44:24.527590,BTC-USDT,1151293000,0.0,93670,0.0
2025-07-25T07:44:24.668147,BTC-USDT,0.0,1151633000,0.0,360
2025-07-25T07:44:24.988732,BTC-USDT,1151404000,1151501000,73800,73800
2025-07-25T07:44:25.468979,BTC-USDT,1151340000,0.0,69735,0.0
2025-07-25T07:44:25.489056,BTC-USDT,1151474000,0.0,0,0.0
2025-07-25T07:44:25.593142,BTC-USDT,1151284000,0.0,93670,0.0
2025-07-25T07:44:25.729673,BTC-USDT,1151448000,1151484000,0,156008
2025-07-25T07:44:25.769740,BTC-USDT,1151377000,1151484000,0,306008
2025-07-25T07:44:25.829945,BTC-USDT,1151277000,1151484000,93669,326282
2025-07-25T07:44:25.970236,BTC-USDT,0.0,1151512000,0.0,0
2025-07-25T07:44:26.010450,BTC-USDT,1151310000,1151484000,73800,400082
2025-07-25T07:44:26.110355,BTC-USDT,1151277000,0.0,0,0.0
2025-07-25T07:44:26.170268,BTC-USDT,0.0,1151622000,0.0,57266
2025-07-25T07:44:26.210405,BTC-USDT,1151229000,0.0,93669,0.0
2025-07-25T07:44:26.470980,BTC-USDT,1151310000,0.0,0,0.0
2025-07-25T07:44:26.971690,BTC-USDT,1151310000,0.0,73800,0.0
2025-07-25T07:44:27.954199,BTC-USDT,0.0,1151484000,0.0,326282
2025-07-25T07:44:28.235438,BTC-USDT,1151367000,1151484000,17704,308578
2025-07-25T07:44:28.274862,BTC-USDT,0.0,1151484000,0.0,197762
2025-07-25T07:44:28.334741,BTC-USDT,0.0,1151484000,0.0,291429
2025-07-25T07:44:28.354964,BTC-USDT,0.0,1151495000,0.0,0
2025-07-25T07:44:28.454945,BTC-USDT,0.0,1151669000,0.0,305972
2025-07-25T07:44:28.495164,BTC-USDT,1151229000,0.0,0,0.0
2025-07-25T07:44:28.535386,BTC-USDT,0.0,1151642000,0.0,2813
2025-07-25T07:44:28.595346,BTC-USDT,1151227000,0.0,93667,0.0
2025-07-25T07:44:28.895480,BTC-USDT,0.0,1151642000,0.0,0
2025-07-25T07:44:28.935668,BTC-USDT,1151381000,1151484000,73800,365229
2025-07-25T07:44:29.196063,BTC-USDT,0.0,1151663000,0.0,44823
2025-07-25T07:44:29.556929,BTC-USDT,1151483000,1151484000,122008,291429
2025-07-25T07:44:29.576916,BTC-USDT,0.0,1151484000,0.0,284321
2025-07-25T07:44:29.596768,BTC-USDT,1151483000,1151663000,104304,41959
2025-07-25T07:44:29.937207,BTC-USDT,1151415000,0.0,73800,0.0
2025-07-25T07:44:30.197541,BTC-USDT,1151483000,0.0,122008,0.0
2025-07-25T07:44:30.438152,BTC-USDT,1151483000,0.0,104304,0.0
2025-07-25T07:44:30.858590,BTC-USDT,0.0,1151485000,0.0,7108
2025-07-25T07:44:30.919265,BTC-USDT,1151417000,0.0,73800,0.0
2025-07-25T07:44:31.058821,BTC-USDT,1151417000,1151484000,0,291429
2025-07-25T07:44:31.079170,BTC-USDT,1151367000,0.0,17704,0.0
2025-07-25T07:44:31.098763,BTC-USDT,0.0,1151484000,0.0,271429
2025-07-25T07:44:31.138837,BTC-USDT,0.0,1151545000,0.0,0
2025-07-25T07:44:31.178938,BTC-USDT,0.0,1151669000,0.0,325972
2025-07-25T07:44:31.199971,BTC-USDT,0.0,1151671000,0.0,0
2025-07-25T07:44:31.279507,BTC-USDT,0.0,1151683000,0.0,0
2025-07-25T07:44:31.319207,BTC-USDT,0.0,1151799000,0.0,20000
2025-07-25T07:44:31.379306,BTC-USDT,0.0,1151669000,0.0,305972
2025-07-25T07:44:31.420038,BTC-USDT,0.0,1151547000,0.0,20000
2025-07-25T07:44:31.900221,BTC-USDT,1151310000,1151564000,73800,20000
2025-07-25T07:44:31.920431,BTC-USDT,1151381000,1151484000,73800,345229
2025-07-25T07:44:32.360692,BTC-USDT,1151234000,0.0,93665,0.0
2025-07-25T07:44:32.901572,BTC-USDT,1151337000,0.0,73800,0.0
2025-07-25T07:44:33.702718,BTC-USDT,0.0,1151484000,0.0,271429
2025-07-25T07:44:33.823308,BTC-USDT,0.0,1151547000,0.0,0
2025-07-25T07:44:33.883037,BTC-USDT,1151377000,0.0,73800,0.0
2025-07-25T07:44:33.923133,BTC-USDT,1151483000,1151501000,122008,0
2025-07-25T07:44:33.963397,BTC-USDT,0.0,1151584000,0.0,24000
2025-07-25T07:44:34.043506,BTC-USDT,0.0,1151600000,0.0,37704
2025-07-25T07:44:34.083582,BTC-USDT,1151483000,0.0,104304,0.0
2025-07-25T07:44:34.484174,BTC-USDT,1151234000,0.0,0,0.0
2025-07-25T07:44:34.505136,BTC-USDT,1151104000,0.0,17704,0.0
2025-07-25T07:44:34.584423,BTC-USDT,1151255000,0.0,93665,0.0
2025-07-25T07:44:34.644443,BTC-USDT,1151255000,0.0,1,0.0
2025-07-25T07:44:34.745604,BTC-USDT,1151249000,0.0,93662,0.0
2025-07-25T07:44:34.885189,BTC-USDT,1151415000,1151484000,0,345229
2025-07-25T07:44:34.905107,BTC-USDT,1151104000,0.0,17537,0.0
2025-07-25T07:44:35.245608,BTC-USDT,1151367000,0.0,0,0.0
2025-07-25T07:44:35.345626,BTC-USDT,1151367000,0.0,17537,0.0
2025-07-25T07:44:36.707678,BTC-USDT,0.0,1151484000,0.0,271429
2025-07-25T07:44:36.727710,BTC-USDT,0.0,1151501000,0.0,0
2025-07-25T07:44:36.848185,BTC-USDT,1151415000,1151501000,73800,73800
2025-07-25T07:44:37.629155,BTC-USDT,0.0,1151653000,0.0,2857
2025-07-25T07:44:37.849266,BTC-USDT,0.0,1151484000,0.0,345229
2025-07-25T07:44:37.889492,BTC-USDT,1151415000,0.0,0,0.0
2025-07-25T07:44:37.909276,BTC-USDT,1151104000,0.0,17537,0.0
2025-07-25T07:44:38.129685,BTC-USDT,1151381000,0.0,0,0.0
2025-07-25T07:44:38.149742,BTC-USDT,0.0,1151600000,0.0,17704
2025-07-25T07:44:38.170304,BTC-USDT,0.0,1151484000,0.0,365229
2025-07-25T07:44:38.229824,BTC-USDT,1151256000,0.0,93661,0.0
2025-07-25T07:44:38.249914,BTC-USDT,1151367000,1151484000,17537,271562
2025-07-25T07:44:38.350098,BTC-USDT,1151367000,1151484000,0,365221
2025-07-25T07:44:38.831854,BTC-USDT,1151337000,0.0,73800,0.0
2025-07-25T07:44:39.111321,BTC-USDT,1151256000,1151653000,0,0
2025-07-25T07:44:39.211246,BTC-USDT,1151239000,0.0,93659,0.0
2025-07-25T07:44:39.772322,BTC-USDT,1151367000,1151484000,17537,197762
2025-07-25T07:44:39.812508,BTC-USDT,1151381000,1151501000,73800,73800
2025-07-25T07:44:39.872920,BTC-USDT,0.0,1151490000,0.0,93658
2025-07-25T07:44:40.618324,BTC-USDT,0.0,1151501000,0.0,0
2025-07-25T07:44:40.814134,BTC-USDT,1151415000,1151501000,73800,73800
2025-07-25T07:44:40.854233,BTC-USDT,0.0,1151501000,0.0,0
2025-07-25T07:44:40.874247,BTC-USDT,0.0,1151647000,0.0,0
2025-07-25T07:44:40.894276,BTC-USDT,1151483000,1151600000,121841,0
2025-07-25T07:44:40.954298,BTC-USDT,1151483000,1151484000,122212,197382
2025-07-25T07:44:41.034712,BTC-USDT,1151483000,1151600000,104675,17537
2025-07-25T07:44:41.134377,BTC-USDT,1151222000,0.0,357,0.0
2025-07-25T07:44:41.194862,BTC-USDT,1151483000,0.0,122212,0.0
2025-07-25T07:44:41.254733,BTC-USDT,0.0,1151600000,0.0,0
2025-07-25T07:44:42.051934,BTC-USDT,1151417000,0.0,73800,0.0
2025-07-25T07:44:42.828297,BTC-USDT,1151483000,1151600000,104675,17537
2025-07-25T07:44:42.831599,BTC-USDT,0.0,1151501000,0.0,73800
2025-07-25T07:44:42.857554,BTC-USDT,1151483000,0.0,104304,0.0
2025-07-25T07:44:43.378598,BTC-USDT,0.0,1151489000,0.0,73800
2025-07-25T07:44:43.539071,BTC-USDT,0.0,1151489000,0.0,0
2025-07-25T07:44:43.578302,BTC-USDT,0.0,1151501000,0.0,0
2025-07-25T07:44:43.778572,BTC-USDT,0.0,1151501000,0.0,73800
2025-07-25T07:44:43.859110,BTC-USDT,0.0,1151484000,0.0,197733
2025-07-25T07:44:43.898697,BTC-USDT,1151417000,0.0,0,0.0
2025-07-25T07:44:43.918657,BTC-USDT,1151104000,0.0,17537,0.0
2025-07-25T07:44:44.179107,BTC-USDT,1151381000,0.0,74739,0.0
2025-07-25T07:44:44.219610,BTC-USDT,1151367000,1151484000,0,215270
2025-07-25T07:44:44.239141,BTC-USDT,0.0,1151629000,0.0,55420
2025-07-25T07:44:44.262878,BTC-USDT,1151381000,0.0,939,0.0
2025-07-25T07:44:44.279623,BTC-USDT,1151483000,1151484000,8886,249685
2025-07-25T07:44:44.299491,BTC-USDT,1151483000,1151417000,0,7108
2025-07-25T07:44:44.322849,BTC-USDT,1151309000,1151417000,0,505805
2025-07-25T07:44:44.339524,BTC-USDT,1151265000,1151417000,102384,647832
2025-07-25T07:44:44.359582,BTC-USDT,1151186000,1151417000,0,757661
2025-07-25T07:44:44.420010,BTC-USDT,1151122000,1151417000,93652,740124
2025-07-25T07:44:44.459690,BTC-USDT,1151184000,0.0,25145,0.0
2025-07-25T07:44:44.539766,BTC-USDT,1151122000,0.0,0,0.0
2025-07-25T07:44:44.660497,BTC-USDT,1151284000,0.0,0,0.0
2025-07-25T07:44:44.700035,BTC-USDT,0.0,1151633000,0.0,0
2025-07-25T07:44:44.900430,BTC-USDT,0.0,1151481000,0.0,360
2025-07-25T07:44:44.920302,BTC-USDT,0.0,1151630000,0.0,0
2025-07-25T07:44:45.669932,BTC-USDT,0.0,1151510000,0.0,2870
2025-07-25T07:44:45.673646,BTC-USDT,1151220000,0.0,0,0.0
2025-07-25T07:44:45.674130,BTC-USDT,1151082000,0.0,0,0.0
2025-07-25T07:44:45.674764,BTC-USDT,1151366000,0.0,0,0.0
2025-07-25T07:44:45.675378,BTC-USDT,1151414000,0.0,0,0.0
2025-07-25T07:44:45.701629,BTC-USDT,1151266000,1151456000,6163,1
2025-07-25T07:44:45.741878,BTC-USDT,1151265000,0.0,0,0.0
2025-07-25T07:44:45.783403,BTC-USDT,1151123000,1151417000,0,666324
2025-07-25T07:44:45.862360,BTC-USDT,1151220000,0.0,806,0.0
2025-07-25T07:44:45.902734,BTC-USDT,1151202000,1151510000,895,0
2025-07-25T07:44:45.962044,BTC-USDT,0.0,1151716000,0.0,17379
2025-07-25T07:44:46.002323,BTC-USDT,1151025000,0.0,93650,0.0
2025-07-25T07:44:46.082420,BTC-USDT,0.0,1151643000,0.0,2870
2025-07-25T07:44:46.162504,BTC-USDT,1151025000,0.0,0,0.0
2025-07-25T07:44:46.202561,BTC-USDT,1151287000,1151417000,8887,666325
2025-07-25T07:44:46.243321,BTC-USDT,1151019000,1151484000,93650,20000
2025-07-25T07:44:46.263994,BTC-USDT,1151221000,1151417000,0,876279
2025-07-25T07:44:46.302747,BTC-USDT,0.0,1151417000,0.0,878078
2025-07-25T07:44:46.543251,BTC-USDT,0.0,1151417000,0.0,881388
2025-07-25T07:44:46.563535,BTC-USDT,1151150000,0.0,25145,0.0
2025-07-25T07:44:46.743495,BTC-USDT,0.0,1151417000,0.0,955188
2025-07-25T07:44:48.222195,BTC-USDT,0.0,1151465000,0.0,0
2025-07-25T07:44:48.222552,BTC-USDT,0.0,1151417000,0.0,1045188
2025-07-25T07:44:48.726449,BTC-USDT,0.0,1151417000,0.0,971388
2025-07-25T07:44:49.188351,BTC-USDT,0.0,1151447000,0.0,132708
2025-07-25T07:44:49.708774,BTC-USDT,1151181000,1151417000,73800,1045188
2025-07-25T07:44:49.729046,BTC-USDT,0.0,1151716000,0.0,17379
2025-07-25T07:44:49.768771,BTC-USDT,1151181000,0.0,0,0.0
2025-07-25T07:44:49.788956,BTC-USDT,1150988000,0.0,17379,0.0
2025-07-25T07:44:50.330363,BTC-USDT,0.0,1151417000,0.0,1060188
2025-07-25T07:44:50.510117,BTC-USDT,0.0,1151417000,0.0,1037718
2025-07-25T07:44:50.530186,BTC-USDT,0.0,1151417000,0.0,1060188
2025-07-25T07:44:50.690623,BTC-USDT,1151181000,0.0,73800,0.0
2025-07-25T07:44:53.714829,BTC-USDT,0.0,1151417000,0.0,966536
2025-07-25T07:44:53.814960,BTC-USDT,0.0,1151417000,0.0,1060176
2025-07-25T07:44:55.417421,BTC-USDT,0.0,1151417000,0.0,1054978
2025-07-25T07:44:55.457724,BTC-USDT,0.0,1151417000,0.0,1060175
2025-07-25T07:44:55.898179,BTC-USDT,0.0,1151417000,0.0,966535
2025-07-25T07:44:55.978476,BTC-USDT,0.0,1151417000,0.0,855719
2025-07-25T07:44:55.998379,BTC-USDT,1151416000,1151417000,113059,659730
2025-07-25T07:44:56.018774,BTC-USDT,1151416000,1151417000,214770,569730
2025-07-25T07:44:56.039175,BTC-USDT,1151416000,1151417000,232410,160363
2025-07-25T07:44:56.098487,BTC-USDT,0.0,1151576000,0.0,7110
2025-07-25T07:44:56.139081,BTC-USDT,0.0,1151483000,0.0,0
2025-07-25T07:44:56.219294,BTC-USDT,1151416000,1151417000,223523,253996
2025-07-25T07:44:56.258992,BTC-USDT,1151416000,0.0,232409,0.0
2025-07-25T07:44:56.339439,BTC-USDT,1151416000,0.0,177723,0.0
2025-07-25T07:44:56.399126,BTC-USDT,1151416000,0.0,160083,0.0
2025-07-25T07:44:56.640123,BTC-USDT,1151416000,1151480000,233883,73800
2025-07-25T07:44:56.679575,BTC-USDT,1151416000,0.0,251523,0.0
2025-07-25T07:44:57.261031,BTC-USDT,1151416000,1151417000,104675,261104
2025-07-25T07:44:57.461230,BTC-USDT,0.0,1151643000,0.0,0
2025-07-25T07:44:57.621531,BTC-USDT,1151338000,1151446000,73800,73800
2025-07-25T07:44:58.002058,BTC-USDT,0.0,1151417000,0.0,167471
2025-07-25T07:44:58.102025,BTC-USDT,0.0,1151417000,0.0,261104
2025-07-25T07:44:58.162221,BTC-USDT,1151416000,1151446000,122315,0
2025-07-25T07:44:58.483027,BTC-USDT,1151416000,0.0,104675,0.0
2025-07-25T07:44:58.602894,BTC-USDT,1151416000,0.0,178475,0.0
2025-07-25T07:44:59.604760,BTC-USDT,1151391000,0.0,73800,0.0
2025-07-25T07:44:59.744715,BTC-USDT,1151416000,0.0,104675,0.0
2025-07-25T07:45:00.165643,BTC-USDT,0.0,1151483000,0.0,0
2025-07-25T07:45:00.221992,BTC-USDT,0.0,1151716000,0.0,17640
2025-07-25T07:45:00.286043,BTC-USDT,1151416000,0.0,122315,0.0
2025-07-25T07:45:00.586808,BTC-USDT,1151416000,1151483000,196115,73800
2025-07-25T07:45:00.666702,BTC-USDT,0.0,1151483000,0.0,0
2025-07-25T07:45:00.686711,BTC-USDT,0.0,1151716000,0.0,17640
2025-07-25T07:45:00.786905,BTC-USDT,0.0,1151417000,0.0,167471
2025-07-25T07:45:00.867121,BTC-USDT,0.0,1151417000,0.0,261094
2025-07-25T07:45:01.568129,BTC-USDT,1151390000,1151483000,79963,73800
2025-07-25T07:45:01.808739,BTC-USDT,0.0,1151483000,0.0,0
2025-07-25T07:45:02.894839,BTC-USDT,1151416000,1151483000,122315,73800
2025-07-25T07:45:03.030444,BTC-USDT,0.0,1151483000,0.0,0
2025-07-25T07:45:04.030259,BTC-USDT,1151416000,1151483000,196115,73800
2025-07-25T07:45:04.035249,BTC-USDT,0.0,1151483000,0.0,0
2025-07-25T07:45:04.533426,BTC-USDT,0.0,1151483000,0.0,73800
2025-07-25T07:45:04.833539,BTC-USDT,1151416000,0.0,122315,0.0
2025-07-25T07:45:04.933691,BTC-USDT,1151416000,1151533000,104675,41799
2025-07-25T07:45:04.953699,BTC-USDT,1151400000,0.0,0,0.0
2025-07-25T07:45:04.973850,BTC-USDT,1151391000,0.0,0,0.0
2025-07-25T07:45:05.254408,BTC-USDT,1151416000,0.0,104304,0.0
2025-07-25T07:45:05.294571,BTC-USDT,0.0,1151600000,0.0,357
2025-07-25T07:45:05.317085,BTC-USDT,0.0,1151649000,0.0,17761
2025-07-25T07:45:05.535287,BTC-USDT,1151338000,1151417000,73800,334894
2025-07-25T07:45:05.554940,BTC-USDT,1151338000,1151417000,0,335252
2025-07-25T07:45:05.654987,BTC-USDT,1151110000,0.0,93612,0.0
2025-07-25T07:45:05.835385,BTC-USDT,1151331000,0.0,0,0.0
2025-07-25T07:45:06.673745,BTC-USDT,0.0,1151417000,0.0,355252
2025-07-25T07:45:06.756946,BTC-USDT,0.0,1151580000,0.0,2861
2025-07-25T07:45:06.778365,BTC-USDT,1151300000,0.0,0,0.0
2025-07-25T07:45:06.797222,BTC-USDT,1151399000,1151417000,0,557411
2025-07-25T07:45:06.817633,BTC-USDT,1151416000,1151417000,95418,696610
2025-07-25T07:45:06.837540,BTC-USDT,1151296000,0.0,8886,0.0
2025-07-25T07:45:06.859374,BTC-USDT,1151416000,1151417000,0,769992
2025-07-25T07:45:06.877895,BTC-USDT,1151280000,1151377000,0,194869
2025-07-25T07:45:06.897481,BTC-USDT,0.0,1151377000,0.0,441904
2025-07-25T07:45:06.917407,BTC-USDT,1151254000,1151377000,0,585445
2025-07-25T07:45:06.957845,BTC-USDT,1151246000,1151377000,0,720412
2025-07-25T07:45:07.017629,BTC-USDT,1151180000,1151377000,8887,910182
2025-07-25T07:45:07.057633,BTC-USDT,1151230000,1151377000,703,937872
2025-07-25T07:45:07.097742,BTC-USDT,1151230000,1151417000,0,290259
2025-07-25T07:45:07.137929,BTC-USDT,0.0,1151377000,0.0,1023614
2025-07-25T07:45:07.198399,BTC-USDT,0.0,1151417000,0.0,268480
2025-07-25T07:45:07.258344,BTC-USDT,0.0,1151377000,0.0,1065904
2025-07-25T07:45:07.298382,BTC-USDT,0.0,1151417000,0.0,232606
2025-07-25T07:45:07.338239,BTC-USDT,1151024000,1151377000,24861,1066262
2025-07-25T07:45:07.378486,BTC-USDT,0.0,1151427000,0.0,0
2025-07-25T07:45:07.498624,BTC-USDT,0.0,1151417000,0.0,126057
2025-07-25T07:45:07.864285,BTC-USDT,1151180000,0.0,1,0.0
2025-07-25T07:45:07.867081,BTC-USDT,1151314000,0.0,8886,0.0
2025-07-25T07:45:07.867962,BTC-USDT,0.0,1151377000,0.0,937685
2025-07-25T07:45:07.869081,BTC-USDT,0.0,1151460000,0.0,20000
2025-07-25T07:45:07.873776,BTC-USDT,1151181000,1151377000,24861,1031294
2025-07-25T07:45:07.875599,BTC-USDT,0.0,1151618000,0.0,0
2025-07-25T07:45:07.875647,BTC-USDT,0.0,1151377000,0.0,1064043
2025-07-25T07:45:07.879167,BTC-USDT,0.0,1151419000,0.0,20000
2025-07-25T07:45:08.013852,BTC-USDT,1151376000,1151377000,1,1064043
2025-07-25T07:45:08.079649,BTC-USDT,0.0,1151377000,0.0,1084043
2025-07-25T07:45:08.500172,BTC-USDT,0.0,1151377000,0.0,1010243
2025-07-25T07:45:09.481810,BTC-USDT,0.0,1151377000,0.0,1084043
2025-07-25T07:45:09.541988,BTC-USDT,1151124000,0.0,8000,0.0
2025-07-25T07:45:10.345035,BTC-USDT,0.0,1151377000,0.0,990434
2025-07-25T07:45:10.837814,BTC-USDT,0.0,1151377000,0.0,990434
2025-07-25T07:45:10.839283,BTC-USDT,0.0,1151377000,0.0,1084036
2025-07-25T07:45:10.840075,BTC-USDT,0.0,1151377000,0.0,1084029
2025-07-25T07:45:11.184652,BTC-USDT,1151314000,1151377000,0,1084030
2025-07-25T07:45:11.204214,BTC-USDT,0.0,1151415000,0.0,1
2025-07-25T07:45:11.465179,BTC-USDT,0.0,1151377000,0.0,1010230
2025-07-25T07:45:11.485104,BTC-USDT,0.0,1151379000,0.0,0
2025-07-25T07:45:11.805687,BTC-USDT,0.0,1151403000,0.0,900
2025-07-25T07:45:12.065689,BTC-USDT,1151228000,0.0,133127,0.0
2025-07-25T07:45:12.446390,BTC-USDT,0.0,1151377000,0.0,1084030
2025-07-25T07:45:12.606841,BTC-USDT,0.0,1151377000,0.0,990428
2025-07-25T07:45:12.646661,BTC-USDT,0.0,1151495000,0.0,53818
2025-07-25T07:45:12.766731,BTC-USDT,0.0,1151377000,0.0,1084026
2025-07-25T07:45:12.806830,BTC-USDT,0.0,1151377000,0.0,990428
2025-07-25T07:45:13.209284,BTC-USDT,0.0,1151377000,0.0,1084025
2025-07-25T07:45:13.368297,BTC-USDT,0.0,1151377000,0.0,952002
2025-07-25T07:45:13.528678,BTC-USDT,0.0,1151377000,0.0,1045599
2025-07-25T07:45:13.548040,BTC-USDT,0.0,1151377000,0.0,1084020
2025-07-25T07:45:13.929012,BTC-USDT,0.0,1151377000,0.0,884569
2025-07-25T07:45:14.029397,BTC-USDT,0.0,1151377000,0.0,978163
2025-07-25T07:45:14.109705,BTC-USDT,0.0,1151377000,0.0,954333
2025-07-25T07:45:14.370041,BTC-USDT,0.0,1151377000,0.0,978161
2025-07-25T07:45:14.429657,BTC-USDT,0.0,1151377000,0.0,904361
2025-07-25T07:45:15.131527,BTC-USDT,0.0,1151580000,0.0,0
2025-07-25T07:45:15.465174,BTC-USDT,0.0,1151377000,0.0,978061
2025-07-25T07:45:15.712557,BTC-USDT,0.0,1151377000,0.0,884467
2025-07-25T07:45:15.811959,BTC-USDT,0.0,1151377000,0.0,978061
2025-07-25T07:45:16.072480,BTC-USDT,0.0,1151417000,0.0,0
2025-07-25T07:45:16.132600,BTC-USDT,0.0,1151377000,0.0,884467
2025-07-25T07:45:16.212628,BTC-USDT,0.0,1151461000,0.0,2884
2025-07-25T07:45:16.232696,BTC-USDT,0.0,1151377000,0.0,978057
2025-07-25T07:45:16.333017,BTC-USDT,0.0,1151566000,0.0,357
2025-07-25T07:45:16.373012,BTC-USDT,0.0,1151377000,0.0,884467
2025-07-25T07:45:16.413493,BTC-USDT,0.0,1151416000,0.0,23769
2025-07-25T07:45:16.473029,BTC-USDT,0.0,1151377000,0.0,814997
2025-07-25T07:45:16.494087,BTC-USDT,1151376000,1151377000,121484,365074
2025-07-25T07:45:16.533306,BTC-USDT,1151376000,1151377000,127646,255735
2025-07-25T07:45:16.593862,BTC-USDT,1151376000,1151377000,127993,349324
2025-07-25T07:45:16.673446,BTC-USDT,0.0,1151644000,0.0,0
2025-07-25T07:45:16.713564,BTC-USDT,1151337000,1151695000,24478,3967
2025-07-25T07:45:16.753714,BTC-USDT,1151376000,1151403000,110815,8009
2025-07-25T07:45:16.793681,BTC-USDT,1151168000,0.0,370,0.0
2025-07-25T07:45:16.813963,BTC-USDT,0.0,1151378000,0.0,86645
2025-07-25T07:45:16.853874,BTC-USDT,0.0,1151377000,0.0,356433
2025-07-25T07:45:16.914006,BTC-USDT,0.0,1151695000,0.0,0
2025-07-25T07:45:17.053961,BTC-USDT,1151261000,0.0,88686,0.0
2025-07-25T07:45:17.096159,BTC-USDT,1151295000,0.0,638,0.0
2025-07-25T07:45:17.154191,BTC-USDT,1151028000,0.0,17178,0.0
2025-07-25T07:45:17.194750,BTC-USDT,1151376000,0.0,127993,0.0
2025-07-25T07:45:17.699648,BTC-USDT,1151149000,0.0,5407,0.0
2025-07-25T07:45:18.517005,BTC-USDT,0.0,1151533000,0.0,0
2025-07-25T07:45:18.578996,BTC-USDT,1151062000,1151377000,93589,255735
2025-07-25T07:45:18.641495,BTC-USDT,0.0,1151377000,0.0,235735
2025-07-25T07:45:18.676762,BTC-USDT,1151124000,1151377000,0,329320
2025-07-25T07:45:18.736813,BTC-USDT,1151028000,1151566000,17178,0
2025-07-25T07:45:18.756938,BTC-USDT,0.0,1151377000,0.0,93585
2025-07-25T07:45:18.797461,BTC-USDT,0.0,1151377000,0.0,0
2025-07-25T07:45:18.818462,BTC-USDT,1151389000,1151479000,127271,74679
2025-07-25T07:45:18.837401,BTC-USDT,1151389000,1151390000,231576,0
2025-07-25T07:45:18.857472,BTC-USDT,1151402000,1151584000,17178,8000
2025-07-25T07:45:18.877305,BTC-USDT,1151402000,0.0,231576,0.0
2025-07-25T07:45:18.937408,BTC-USDT,0.0,1151403000,0.0,8009
2025-07-25T07:45:18.980691,BTC-USDT,0.0,1151403000,0.0,101594
2025-07-25T07:45:19.097655,BTC-USDT,1151402000,0.0,231923,0.0
2025-07-25T07:45:19.686331,BTC-USDT,0.0,1151478000,0.0,73700
2025-07-25T07:45:19.697074,BTC-USDT,0.0,1151403000,0.0,103610
2025-07-25T07:45:20.211074,BTC-USDT,1151124000,1151471000,8000,20000
2025-07-25T07:45:20.212862,BTC-USDT,0.0,1151519000,0.0,17178
2025-07-25T07:45:20.214031,BTC-USDT,1151402000,0.0,214745,0.0
2025-07-25T07:45:20.221900,BTC-USDT,1151402000,0.0,104652,0.0
2025-07-25T07:45:20.222941,BTC-USDT,0.0,1151403000,0.0,102710
2025-07-25T07:45:20.224404,BTC-USDT,1151402000,0.0,121830,0.0
2025-07-25T07:45:20.225846,BTC-USDT,0.0,1151519000,0.0,0
2025-07-25T07:45:20.632202,BTC-USDT,0.0,1151446000,0.0,73700
2025-07-25T07:45:20.638977,BTC-USDT,0.0,1151446000,0.0,0
2025-07-25T07:45:20.640250,BTC-USDT,0.0,1151519000,0.0,7109
2025-07-25T07:45:20.640762,BTC-USDT,0.0,1151403000,0.0,95601
2025-07-25T07:45:21.201530,BTC-USDT,1151402000,1151437000,121829,7108
2025-07-25T07:45:21.261360,BTC-USDT,0.0,1151520000,0.0,0
2025-07-25T07:45:21.361770,BTC-USDT,1151338000,0.0,73700,0.0
2025-07-25T07:45:21.382382,BTC-USDT,0.0,1151616000,0.0,25152
2025-07-25T07:45:22.162868,BTC-USDT,0.0,1151403000,0.0,102709
2025-07-25T07:45:22.670089,BTC-USDT,1151402000,0.0,195529,0.0
2025-07-25T07:45:23.045019,BTC-USDT,1151402000,0.0,121829,0.0
2025-07-25T07:45:23.324534,BTC-USDT,1151337000,1151446000,98178,73700
2025-07-25T07:45:23.832360,BTC-USDT,0.0,1151446000,0.0,0
2025-07-25T07:45:23.842023,BTC-USDT,1151236000,0.0,319931,0.0
2025-07-25T07:45:24.319323,BTC-USDT,1151118000,0.0,93579,0.0
2025-07-25T07:45:24.326747,BTC-USDT,1151402000,1151446000,195529,73700
2025-07-25T07:45:24.366102,BTC-USDT,1151402000,0.0,121829,0.0
2025-07-25T07:45:24.927328,BTC-USDT,1151402000,1151519000,104304,17074
2025-07-25T07:45:24.946981,BTC-USDT,1151373000,0.0,0,0.0
2025-07-25T07:45:24.987921,BTC-USDT,0.0,1151403000,0.0,103067
2025-07-25T07:45:25.167411,BTC-USDT,1151319000,0.0,841,0.0
2025-07-25T07:45:25.207437,BTC-USDT,0.0,1151469000,0.0,25777
